1638 2560
477 108 892 147 DECLAMATIONES
918 108 981 145 XI.
1002 108 1086 147 XII.
1379 108 1469 152 375

91 226 162 267 sed
196 225 300 266 nihil
335 225 549 265 habuimus
587 238 668 276 quo
705 226 929 264 viveremus
973 226 1136 275 praeter
1172 224 1333 263 famem.
1397 233 1470 265 nec

90 289 228 328 tamen
265 286 311 326 in
348 287 485 326 totum
526 286 641 336 queri
680 285 729 324 de
769 285 1002 325 numinibus
1042 297 1288 336 possumus*
1330 285 1366 325 si
1399 298 1469 325 vo·

91 348 232 389 luisset
270 360 429 388 servare
469 347 628 399 legatus
666 346 775 385 diem
812 359 933 397 quem
969 346 1032 385 illi
1063 345 1238 385 felicitas
1275 346 1469 396 temporis

90 408 266 458 dederat,
290 408 428 459 potuit
451 407 566 447 nobis
591 407 839 446 frumentum
863 406 926 446 bis
952 407 1107 446 afferre.
1163 406 1211 445 de
1236 406 1468 459 regionibus

36 482 71 509 -5
91 471 133 509 et
160 469 343 508 finitimis
369 468 602 508 civitatibus
627 468 820 507 ultimum
843 467 927 507 iam
951 467 1067 507 nobis
1094 469 1181 507 erat
1208 467 1468 518 praesidium,

90 542 183 570 cum
211 531 295 573 iam
325 542 464 569 eorum
495 530 616 568 exilia
652 528 759 568 bona
799 529 1122 568 vastavissemus.
1186 530 1274 567 erat
1305 528 1470 579 quidem

90 591 202 631 aliud
230 592 275 630 in
304 591 438 631 vicino
470 590 605 629 adhuc
637 589 847 639 frumenti,
887 589 956 628 sed
986 588 1070 628 iam
1107 601 1224 628 nemo
1256 589 1468 629 vendebat.

89 663 198 704 ergo,
229 653 276 691 ut
305 651 480 691 vidimus
512 651 686 690 salutem
715 650 922 701 publicam
952 652 1065 689 trans
1097 663 1208 688 mare
1240 650 1468 700 petendam,

88 724 226 752 omnes
255 713 301 751 in
331 713 486 751 curiam
511 712 677 750 currunt
702 713 743 750 et
768 712 1065 763 congregantur
1089 710 1365 750 inclamantes.
1422 712 1469 751 ut

33 785 70 813 ιο
89 785 202 812 arma
231 773 349 823 bello,
381 774 428 811 ut
454 785 560 823 aqua
590 771 775 811 incendio
801 772 1013 811 inclamari
1043 771 1202 822 publice
1235 771 1377 821 solent,
1408 772 1468 811 ita

88 846 319 874 succursum
343 833 576 872 inclamant.
633 833 880 884 legationem
905 833 1024 871 multi
1049 832 1363 883 pollicebantur,
1394 845 1468 872 nec

86 893 340 934 innocentiae
372 906 493 933 causa
529 894 594 933 vel
626 893 782 933 meritis
818 894 896 932 iste
935 894 1084 932 electus
1116 895 1195 944 est3
1232 906 1315 932 una
1345 905 1468 933 causa

86 967 160 995 nos
190 955 330 1004 movit,
363 954 471 1005 quod
494 967 536 994 se
563 955 643 994 cito
669 954 894 993 rediturum
917 952 1197 1004 pollicebatur.
1253 955 1467 1004 pecuniam

87 1015 173 1055 sine
210 1028 377 1055 numero
417 1014 655 1065 infudimus,
696 1015 943 1054 frumentum
981 1015 1066 1053 sine
1106 1015 1225 1053 modo
1256 1015 1467 1054 mandavi-

32 1089 68 1116 15
86 1088 188 1126 mus,
214 1077 411 1127 quantum
435 1077 645 1126 potuisset,
677 1075 849 1125 afferret,
879 1076 1021 1125 solum,
1047 1076 1094 1114 ut
1118 1075 1340 1114 festinaret.
1390 1076 1466 1115 hoc

85 1149 167 1175 una
200 1149 297 1176 voce
335 1136 534 1188 supplices
569 1136 892 1176 acclamabamus
929 1149 993 1186 ac,
1031 1149 1081 1175 ne
1113 1149 1362 1176 moraremur
1392 1149 1466 1176 nec

84 1197 160 1237 hoc
192 1197 354 1248 quidem
386 1197 456 1236 diu
492 1198 736 1249 rogavimus.
792 1210 874 1236 una
914 1198 1076 1236 tantum
1116 1210 1193 1236 vox
1224 1197 1322 1235 fuit:
1363 1197 1466 1236 nihil

86 1258 173 1310 agis
214 1257 417 1298 afferendo
463 1258 728 1308 frumentum,
779 1259 814 1297 si
853 1259 947 1308 post
989 1258 1107 1296 illum
1148 1257 1254 1297 diem
1295 1258 1464 1297 veneris.

85 1318 233 1358 nostris
273 1318 458 1358 manibus
495 1319 677 1370 legatum
712 1320 756 1357 in
787 1330 933 1357 navem
972 1318 1202 1367 intulimus,
1240 1319 1465 1358 retinacula

29 1391 66 1418 2⁰
86 1379 200 1419 navis
231 1379 446 1419 incidimus
479 1381 519 1417 et
550 1379 647 1419 litus
679 1379 850 1431 ingressi
875 1379 1043 1418 classem
1073 1378 1246 1429 publicis
1277 1379 1464 1419 manibus

85 1439 331 1490 impulimus.
376 1439 608 1479 clamabant
628 1453 648 1478 e
668 1440 787 1479 litore
806 1440 922 1490 pueri
941 1439 1087 1479 nostri:
1120 1439 1219 1478 affer
1238 1439 1354 1478 nobis
1382 1441 1463 1479 cito

84 1512 248 1551 panem,
286 1500 445 1551 publice
482 1502 610 1550 pater.
682 1501 808 1540 oculis
846 1501 994 1540 nostris
1032 1500 1257 1551 fugientem
1295 1500 1464 1540 classem

85 1561 376 1611 conspeximus,
401 1561 563 1600 facilem
583 1562 838 1612 emptionem,
862 1561 1054 1600 secundos
1074 1562 1229 1610 ventos,
1254 1561 1464 1611 placidum

84 1634 212 1673 mare,
248 1633 295 1661 ac
326 1622 361 1660 si
383 1622 472 1671 ipsi
501 1622 805 1673 navigaremus,
843 1622 998 1671 precati
1030 1633 1179 1661 sumus.
1243 1622 1379 1660 omnia
1409 1623 1462 1661 si«

30 1694 66 1721 25
87 1680 251 1732 quidem
291 1694 316 1720 a
357 1681 433 1721 diis
473 1682 800 1732 impetravimus,
840 1696 966 1720 unum
1006 1682 1136 1721 solum
1176 1683 1376 1733 superest,
1417 1684 1463 1721 ut

84 1755 158 1792 pro
197 1742 330 1782 aliena
371 1742 537 1781 civitate
577 1744 674 1782 vota
714 1743 934 1782 solvantur.
999 1744 1079 1782 cito
1121 1744 1228 1782 enim
1265 1743 1462 1793 pervenit,

84 1803 164 1842 cito
209 1803 324 1852 emit,
369 1804 448 1842 cito
489 1802 612 1842 rediit
652 1816 732 1853 quo
775 1803 915 1842 voluit.
985 1799 1126 1856 alia[s]
1170 1803 1312 1843 civitas
1350 1805 1463 1854 prior

83 1863 181 1913 fuit,
219 1865 259 1902 et
290 1864 448 1916 legatus
480 1863 586 1903 diem
618 1866 813 1915 expectat.
870 1876 943 1903 nos
980 1864 1109 1914 primo
1146 1877 1293 1914 pecora
1323 1866 1462 1903 nostra

83 1923 327 1963 comedimus
369 1926 410 1963 et
445 1936 518 1963 nec
558 1926 728 1964 venturo
767 1937 872 1963 anno
915 1925 1152 1974 reliquimus
1191 1925 1262 1975 qui
1299 1927 1462 1964 ararent

27 1997 64 2024 ao
83 1984 215 2024 boves.
277 1986 360 2023 iam
391 1986 517 2024 servis
547 1985 687 2036 fugam
710 1986 1010 2037 imperavimus,
1042 1985 1125 2024 iam
1155 1985 1460 2035 procumbentes

83 2046 178 2084 ante
216 2045 360 2084 limina
400 2046 628 2096 principum
667 2058 865 2097 pauperes
905 2047 949 2084 in
990 2047 1090 2096 ipsis
1127 2046 1311 2096 precibus
1351 2047 1459 2096 expi—

82 2107 187 2144 rant.
257 2105 511 2156 plorantibus
554 2105 691 2146 liberis
733 2107 913 2159 legatum
953 2107 1240 2156 promittimus.
1314 2108 1460 2158 cogita,

82 2165 245 2216 perfide,
270 2166 412 2217 populi
432 2178 580 2215 casum,
606 2167 815 2206 considera
834 2167 972 2206 vultus
990 2167 1165 2217 pallidos
1186 2169 1227 2206 et
1246 2172 1459 2218 exangues.-

84 2226 181 2265 affer
209 2225 325 2266 nobis
356 2226 399 2265 in
430 2226 600 2266 confinio
640 2228 784 2267 saltem
816 2227 924 2266 vitae
965 2227 1223 2266 frumentum.
1289 2227 1385 2278 quid
1416 2228 1460 2267 in

27 2299 63 2326 85
83 2298 155 2326 nos
187 2287 387 2327 convertis
423 2289 464 2326 et
500 2288 584 2326 iam
624 2288 779 2328 alienae
818 2289 997 2328 civitatis
1035 2289 1195 2327 famem.
1259 2290 1305 2326 tu
1337 2300 1460 2338 supra

179 2416 226 2449 20
251 2413 389 2460 pulicis
417 2420 460 2449 Μ
