1638 2560
182 120 239 163 30
633 111 816 150 CAECVS
841 110 895 146 IN
919 108 1092 146 LIMINE

181 246 338 273 vercam
378 233 520 271 timeas
570 229 793 280 negantem.
855 239 934 264 non
977 224 1099 263 habet
1141 222 1262 262 fidem
1306 223 1343 261 ei
1386 219 1546 260 credere

181 293 439 345 parricidium
471 303 588 341 quem
620 290 720 328 scias
751 287 1017 338 proditurum,
1047 285 1127 324 nisi
1157 282 1447 334 impetraveris.

112 355 160 392 12
270 354 345 392 Per
374 352 502 401 fidem,
533 350 701 398 iudices,
732 348 946 399 diligenter
977 345 1173 384 attendite
1205 343 1383 383 criminis
1415 342 1546 382 diver-

183 416 350 453 sitatem.
412 413 651 461 temptatam
690 422 730 448 se
773 409 815 446 in
857 406 1066 458 parricidii
1109 405 1353 445 conscientia
1402 403 1549 442 mulier

183 474 375 513 adfirmat.
421 473 509 522 quis
534 483 626 510 vero
651 469 810 508 dubitet
834 480 1038 518 nunquam
1064 467 1140 505 hoc
1164 465 1398 517 privignum
1419 463 1544 503 fuisse
1583 476 1600 504 ὅ

181 536 391 582 facturum,
424 533 457 571 si
487 532 632 570 habere
664 530 863 569 conscium
894 528 1093 579 potuisset
1126 524 1283 566 alium?
1333 525 1449 576 atqui
1479 538 1545 564 ve-

182 608 326 633 ncnum
357 594 437 632 iam
468 592 645 643 paravit,
684 591 790 629 emit.
854 590 895 628 et
925 601 1015 627 cum
1046 588 1145 626 haec
1176 588 1262 637 ipse
1301 586 1434 626 facere
1465 597 1546 624 non

182 655 357 705 potuerit
387 665 537 702 caecus,
569 652 656 701 quis
689 652 748 690 est
779 651 855 688 iste
883 651 945 687 cui
970 647 1177 699 parricidii
1207 648 1370 686 tantum
1397 647 1545 685 instru-

181 717 316 754 menta
354 711 594 752 creduntur?
656 723 727 750 cur
769 724 849 750 non
891 709 998 748 idem
1041 709 1216 760 porrigit
1252 706 1367 747 seni?
1408 706 1475 747 vel
1512 706 1546 745 si

181 788 259 814 non
295 775 428 824 potest
460 772 588 823 decipi
625 773 794 810 maritus
825 771 904 809 nisi
935 769 1118 808 manibus
1157 769 1312 819 uxoris,
1350 780 1422 806 cur
1452 767 1546 806 ante
1568 781 1603 808 10

180 835 438 885 parricidium
475 834 644 872 struitur
681 845 801 882 quam
839 832 957 880 sciat,
1002 844 1054 870 an
1094 841 1267 868 noverca
1303 826 1548 880 promittat?

181 909 274 934 nam
312 895 418 945 quod
453 894 541 933 vult
577 892 706 932 videri
744 892 981 943 promissam
1022 890 1100 930 sibi
1139 891 1299 941 partem
1337 889 1547 938 bonorum,

183 969 262 995 non
288 957 347 994 est
373 955 661 1006 argumentum,
688 954 766 991 nisi
792 954 832 991 et
856 953 989 1003 ipsum
1013 951 1220 1002 probatur.
1270 950 1418 989 mulier
1443 961 1547 1000 quae

184 1015 423 1054 sollicitatur
443 1014 493 1052 ad
511 1014 678 1063 facinus,
699 1012 1032 1063 quemadmodum
1055 1011 1131 1051 sibi
1151 1011 1336 1061 consulit,
1361 1023 1411 1050 ne
1430 1010 1547 1050 illam

182 1075 382 1126 parricida
414 1073 617 1125 decipiat?
678 1076 717 1112 et
747 1073 1003 1124 probationes
1034 1073 1261 1124 prospicere
1294 1071 1444 1122 debuit,
1476 1083 1546 1111 seu
1566 1084 1601 1112 1⁶

183 1136 340 1174 factura
373 1135 478 1185 quod
507 1134 737 1186 rogabatur,
769 1147 839 1173 seu
870 1133 1088 1184 proditura.
1145 1133 1246 1171 adde
1278 1132 1387 1183 quod
1417 1143 1547 1183 neque

184 1196 269 1234 odit
299 1208 509 1235 novercam
541 1207 678 1234 caecus
711 1196 773 1233 cui
804 1194 1063 1245 parricidium
1095 1193 1236 1244 credit,
1274 1206 1403 1244 neque
1434 1192 1548 1232 here-

184 1256 309 1294 ditate
353 1256 620 1305 corrumpitur
668 1255 781 1294 cuius
831 1256 1040 1294 contentus
1091 1257 1152 1293 est
1200 1255 1316 1304 parte
1366 1253 1545 1292 dimidia.

183 1329 310 1366 nemo,
341 1316 503 1366 iudices,
533 1315 792 1366 parridicium
822 1315 944 1354 faciet
976 1328 1053 1365 quo
1087 1315 1190 1353 alius
1221 1316 1372 1354 utatur.
1430 1314 1546 1366 exigo

182 1378 325 1428 igitur,
368 1377 413 1414 ut
449 1376 556 1415 istud
595 1375 854 1427 parricidium
898 1376 1005 1415 caeci
1042 1377 1087 1414 tu
1131 1375 1257 1425 socia,
1299 1377 1348 1414 tu
1387 1374 1546 1414 conscia
1565 1388 1602 1415 20

183 1437 432 1475 manifestius
463 1436 616 1486 probes.
679 1436 775 1486 quid
814 1448 912 1487 opus
950 1438 1028 1486 est,
1066 1437 1112 1474 ut
1143 1437 1225 1474 iam
1255 1449 1456 1475 venenum
1485 1435 1547 1474 iu-

183 1498 293 1535 venis
331 1495 504 1535 habeat?
539 1498 675 1546 potius
714 1496 957 1535 sermonibus
989 1498 1132 1536 vestris
1169 1496 1379 1547 interpone
1410 1497 1547 1546 testes,

184 1558 248 1595 fac
280 1569 412 1595 coram
443 1558 565 1596 servis
597 1557 799 1606 loquatur,
830 1557 894 1596 fac
925 1558 1114 1596 intersint
1146 1557 1276 1608 amici,
1307 1557 1373 1596 fac
1405 1556 1548 1596 audiat

184 1618 309 1666 pater.
358 1616 597 1655 facillimum
624 1619 683 1655 est
709 1618 815 1655 caeci
841 1617 1019 1668 decipere
1046 1619 1252 1657 secretum.
1301 1619 1426 1668 utere,
1458 1630 1546 1656 mu-

184 1677 269 1726 lier,
312 1677 470 1715 homine
510 1677 578 1726 qui
616 1689 656 1715 se
700 1677 896 1716 commisit
934 1678 1059 1717 oculis
1103 1678 1194 1717 tuis.
1258 1680 1371 1717 utere
1415 1677 1547 1717 verbis
1566 1690 1603 1718 25

185 1749 286 1787 quae
317 1736 440 1787 regis,
471 1736 652 1775 manibus
680 1750 781 1786 quae
806 1751 951 1777 moves.
1001 1739 1092 1777 volo
1117 1752 1315 1779 venenum
1343 1739 1430 1790 ipse
1454 1751 1547 1789 pro-

184 1797 306 1846 ferat,
342 1796 427 1846 ipse
464 1797 662 1848 porrigat,
699 1798 788 1836 volo
826 1800 866 1836 te
902 1811 1038 1837 rursus
1075 1799 1118 1837 in
1155 1798 1312 1838 facinus
1349 1799 1548 1848 hortetur,

184 1857 276 1895 volo
303 1856 421 1907 plura
448 1857 669 1906 promittat.
720 1858 976 1908 parricidium
1002 1859 1109 1898 caeci
1133 1859 1377 1910 deprehendi
1401 1860 1548 1909 potest,

113 1916 163 1954 13
184 1915 279 1955 dum
308 1916 384 1955 tibi
415 1917 575 1955 fatetur.
627 1913 739 1968 ‘sed',
769 1916 914 1968 inquit,
947 1915 1148 1959 ‘inventus
1178 1921 1239 1959 est
1263 1921 1404 1958 tenens
1429 1932 1547 1959 vene-

400 2006 434 2030 cl

205 2079 212 2086 ι
281 2035 302 2066 2
328 2031 538 2076 parridium
568 2037 596 2065 V
652 2035 672 2066 3
700 2032 901 2078 diligenter
926 2045 992 2071 om.
1014 2040 1063 2079 M,
1090 2034 1175 2071 add.
1195 2049 1239 2070 m
1306 2038 1329 2069 4
1355 2034 1548 2070 conscien-

183 2080 278 2114 t1am
304 2079 378 2114 Bu.
479 2083 499 2114 6
527 2079 559 2114 si
585 2080 626 2114 in
650 2092 722 2116 ras.
743 2087 786 2115 M
856 2082 979 2127 atqui:
1007 2084 1048 2118 at
1067 2083 1159 2129 quid
1186 2089 1229 2118 M
1324 2086 1344 2118 ⁷
1372 2083 1466 2118 emit
1491 2084 1546 2119 et:

184 2127 335 2163 emittet
357 2133 395 2162 B
467 2129 505 2162 et
529 2139 595 2163 om.
618 2134 660 2162 M
729 2131 749 2163 8
777 2130 833 2164 est
857 2141 955 2175 supr.
983 2137 1010 2164 V
1082 2135 1102 2166 9
1130 2143 1195 2167 cur
1219 2143 1296 2167 non
1321 2132 1410 2167 ante
1434 2137 1505 2167 BV

184 2175 217 2211 81
250 2187 344 2211 non:
380 2175 439 2211 vel
474 2175 571 2219 sine,
606 2187 680 2211 non
711 2176 788 2222 legi
822 2179 947 2222 potest
977 2193 1018 2213 m
1053 2181 1094 2215 in
1125 2192 1240 2227 mary.
1342 2183 1385 2215 11
1413 2191 1545 2226 quam:

184 2224 286 2270 quod
312 2230 349 2259 P
444 2227 488 2259 18
515 2224 727 2259 contentus:
755 2227 990 2272 contemptus
1015 2233 1053 2262 B
1135 2232 1180 2263 20
1205 2230 1249 2263 ut
1274 2240 1341 2264 om.
1363 2234 1414 2273 M,
1443 2239 1546 2275 supr.

182 2307 243 2343 vel
266 2309 311 2343 ut
336 2307 368 2343 81
393 2307 496 2343 istud
521 2321 563 2342 m
634 2284 843 2353 parssidium
874 2316 902 2344 V
993 2315 1038 2346 23
1063 2300 1171 2357 lo¹q¹t7
1197 2319 1233 2347 P
1312 2316 1368 2352 ,24
1395 2314 1453 2349 est
1477 2324 1546 2349 om.

183 2362 235 2400 M,
259 2367 360 2402 supr.
380 2370 423 2391 m
533 2359 576 2390 27
603 2367 728 2391 rursus
754 2369 798 2393 ex
821 2370 948 2394 russus
973 2366 1010 2393 Β
1085 2361 1227 2396 ortetur
1252 2367 1280 2395 V
1383 2364 1428 2396 29
1454 2361 1545 2397 tibi:

184 2403 258 2440 sibi
282 2411 322 2450 J,
349 2415 440 2441 corr.
460 2412 475 2438 i
572 2403 711 2439 fetetur
736 2411 763 2439 V
