1638 2560
486 111 904 155 DEGLAMATIONES
930 111 976 148 V.
1002 111 1064 147 VI.
1376 110 1476 153 397,

81 229 216 271 malus
246 230 319 284 est,
349 241 444 268 cum
468 228 611 268 infelix
642 240 727 268 esse
755 227 912 278 incipit,
975 239 1056 266 non
1086 228 1222 276 potest
1253 239 1324 265 nec
1357 226 1465 264 malo

82 290 193 342 pubi
222 291 358 344 grafia
387 288 575 341 persolvi.

494 422 564 460 VI.
599 421 808 460 Couroms
841 432 1048 460 momen.

174 506 464 558 Aryumentmn
494 507 585 546 vide
608 519 653 556 p.
683 509 781 552 111,
810 508 847 544 4.

47 583 65 608 5
174 568 305 608 Pater.
362 581 454 607 cum
478 567 807 615 diversissimam,
840 566 883 604 P.
910 565 966 616 C.,
998 566 1162 605 auribus
1187 565 1334 605 vestris
1359 566 1466 605 cala-

83 630 270 669 mitatem
301 629 466 668 afferam
490 650 551 655 —
575 641 671 666 nam
702 630 743 666 et-
767 627 810 665 id
842 627 959 666 doleo
990 626 1099 678 quod
1130 640 1155 665 a
1178 627 1324 678 piratis
1357 627 1466 665 solu-

83 691 151 730 tus
181 702 288 741 sum,
326 691 368 728 et
402 689 511 740 quod
541 702 566 728 a
596 689 681 728 fflio
719 689 841 727 nimis
879 687 1050 727 dilectus
1082 709 1142 714 —-
1173 700 1295 739 super
1331 688 1467 726 omnia

82 752 221 790 tamen
261 749 312 789 ob
356 750 399 788 id
439 762 567 802 angor
613 748 721 800 quod
764 761 951 799 supremo
997 747 1214 798 prohibeor
1261 748 1465 798 obsequio.

84 812 231 851 Mater.
287 811 383 851 licet
413 813 561 859 totam,
602 823 626 849 o
657 809 828 859 iudices,
870 809 1083 848 saevitiam
1120 810 1163 847 in
1200 822 1264 847 me
1302 809 1468 848 fortuna

30 885 66 912 ιο
85 871 343 923 congesserit,
372 884 580 922 nunquam
610 873 748 910 tamen
778 870 821 909 id
851 871 993 909 timere
1025 871 1154 920 potui,
1188 872 1235 908 ut
1266 882 1290 908 a
1320 871 1467 908 marito

83 934 293 982 remotam,
325 945 351 971 a.
379 932 532 970 lumine
563 933 767 983 privatam
797 931 921 970 vellet
951 931 1132 970 deserere
1164 933 1206 969 et
1236 930 1355 969 filius.
1418 930 1467 968 de

84 993 305 1033 levioribus
330 1006 461 1044 agam.
511 992 658 1031 mulier
682 1004 782 1030 sum.
834 1004 938 1042 quae
957 991 1076 1030 huius
1100 1004 1216 1030 sexus
1236 989 1466 1042 patientia?

86 1067 189 1104 quae
213 1052 349 1093 vires?
379 1053 487 1104 quod
512 1052 753 1092 consilium?
801 1053 846 1091 P.
869 1052 967 1091 haec
994 1054 1130 1091 autem
1156 1052 1332 1091 sexualis
1357 1051 1467 1090 debi—

85 1114 182 1154 litas
218 1115 339 1153 venia
369 1114 469 1153 satis
500 1114 606 1152 fulta
638 1116 699 1152 est
739 1126 811 1153 nec
848 1113 1026 1152 militare
1063 1126 1135 1152 nec
1168 1113 1362 1164 navigare
1394 1125 1466 1151 nec

32 1188 67 1215 ιε,
86 1187 211 1214 orare.
266 1187 349 1214 uno
390 1176 514 1213 efiam
549 1176 592 1213 in
630 1174 718 1214 loco
759 1174 915 1213 levibus
957 1173 1101 1213 officiis
1142 1173 1326 1213 addictae
1359 1174 1468 1212 estis.

85 1237 147 1275 M.
168 1234 295 1286 quid?
325 1235 433 1286 quod
453 1235 672 1275 affectuosa
693 1234 916 1285 quibusque
935 1234 1126 1273 movebar
1143 1232 1351 1273 minimis?
1394 1233 1469 1271 im-

85 1297 246 1348 patiens
265 1295 471 1335 difficilius
495 1296 661 1348 regitur.
723 1296 768 1334 P.
798 1298 915 1334 recte.
961 1295 1069 1334 solus
1094 1307 1175 1334 non
1201 1295 1370 1343 suffecit,
1394 1307 1468 1344 pro

85 1359 203 1407 patre
238 1357 326 1395 ivit.
383 1358 444 1395 M.
478 1358 658 1395 omnium
698 1357 998 1408 ingratissimus
1039 1357 1205 1395 exstitit.
1267 1357 1313 1393 tu
1351 1355 1467 1394 ludos

86 1417 281 1469 negabas,
325 1430 400 1469 ego
437 1417 640 1468 patiebar,
678 1418 724 1455 tu
762 1416 946 1466 cedebas,
986 1429 1059 1468 ego
1103 1416 1384 1468 protegebam,
1422 1423 1469 1454 tu

33 1492 68 1518 πο
87 1478 311 1528 impensam
343 1477 587 1530 sfflngebas,
620 1490 694 1529 ego
726 1477 941 1516 solvebam.
998 1478 1042 1515 P.
1074 1477 1207 1515 maius
1246 1478 1307 1515 est
1338 1489 1469 1515 mores

88 1539 334 1578 constituere
368 1552 489 1589 quam
515 1551 779 1588 corrumpere,
812 1539 1019 1588 acquirere
1046 1551 1168 1588 quam
1198 1537 1365 1576 solvere.
1432 1538 1469 1576 ei

87 1600 212 1638 etiam
232 1599 474 1650 acquirendo
494 1601 636 1649 captus
657 1610 756 1637 sum.
789 1599 850 1637 M.
872 1597 998 1649 quid?
1031 1598 1140 1648 quod
1161 1610 1279 1637 caeca
1302 1597 1468 1636 dimissa

88 1658 206 1699 sum?
271 1661 332 1699 est
372 1660 528 1710 ahquid
569 1659 658 1710 ipsa
702 1659 896 1698 caecitate
937 1657 1270 1699 formidolosius?
1334 1672 1467 1697 nonne

89 1721 161 1770 qui
190 1720 266 1759 hoc
306 1732 424 1759 sensu
464 1721 650 1770 privatus
689 1722 767 1769 est,
809 1721 951 1759 ceteris
989 1720 1175 1759 omnibus
1213 1719 1346 1758 laesus
1379 1718 1469 1758 est?

34 1793 69 1820 25
88 1781 133 1819 P.
165 1781 269 1820 hanc
300 1780 557 1820 formidinem
592 1793 727 1819 rerum
763 1781 1019 1831 propriarum
1051 1780 1316 1830 consuetudo,
1353 1780 1467 1819 locus

90 1844 130 1880 et
160 1841 319 1880 familia
354 1841 597 1880 removebat.
660 1841 823 1880 videndi
860 1854 956 1881 vero
994 1841 1185 1880 damnum
1221 1841 1469 1891 reliquorum

89 1914 277 1942 sensuum
317 1902 547 1952 voluptates
588 1903 777 1942 sarciunt.
844 1915 919 1953 ego
957 1902 1141 1941 omnibus
1181 1901 1244 1941 his
1284 1902 1469 1952 privatus

90 1975 211 2001 eram.
261 1963 424 2014 litigare
451 1962 558 2002 caeci
576 1964 756 2013 possunt,
783 1963 935 2012 captivi
958 1975 1029 2001 nec
1054 1963 1202 2002 vivere.
1253 1963 1314 2001 M.
1341 1961 1469 2012 quid?

56 2033 59 2046 ³
90 2023 199 2073 quod
241 2035 342 2061 anus
386 2023 532 2062 solatio
582 2023 778 2062 destituta
827 2022 944 2062 sum?
1011 2023 1113 2062 nihil
1156 2023 1280 2062 habet
1323 2025 1469 2061 natura

35 2097 72 2123 ao
90 2085 295 2123 senectute
336 2084 532 2123 miserius.
603 2084 702 2123 haec
749 2085 898 2123 etenim
939 2097 1011 2123 nec
1058 2086 1170 2123 amat
1212 2096 1469 2134 quemquam,

189 2226 210 2258 3
237 2222 411 2269 Corporis
431 2223 591 2269 proiecti
610 2225 747 2268 quarta
766 2223 828 2258 lex
847 2230 883 2258 P
979 2227 999 2258 6
1020 2223 1191 2259 auferam
1217 2229 1277 2258 VB
1373 2226 1394 2257 8
1422 2222 1469 2258 ob

7 2290 11 2293 ·
91 2282 163 2308 om,
181 2277 287 2307 RVB
374 2275 419 2306 13
433 2276 520 2317 post
538 2271 738 2307 consilium
756 2272 842 2308 add.
866 2278 919 2307 R:
940 2271 1043 2317 quod
1062 2272 1181 2318 igitur
1200 2271 1469 2318 prohibitionis

92 2319 273 2355 damnum
362 2323 406 2355 18
431 2320 516 2356 ivit:
543 2319 632 2366 iniit
662 2326 730 2359 VB.
806 2320 1107 2367 ingratissimum
1138 2326 1199 2358 VB
1280 2324 1325 2355 23
1352 2321 1410 2355 est
1427 2341 1467 2344 —

91 2367 262 2412 privatus
281 2380 350 2404 om.
372 2374 408 2403 Ρ
429 2405 432 2407 Α
479 2372 525 2403 24
551 2370 624 2404 est:
646 2370 726 2405 esto
747 2375 783 2404 P
861 2372 906 2404 26
932 2369 1083 2405 vivendi
1103 2383 1151 2413 ως
1171 2380 1263 2404 corr.
1283 2368 1471 2403 Dussault

93 2418 140 2451 30
165 2427 412 2462 quemquam:
438 2416 559 2452 ullum
587 2423 623 2453 R
