1638 2560
486 113 804 152 DEGLAMATIO
829 113 953 150 XVIII
973 116 1126 150 11—13.
1407 114 1494 157 331

114 230 207 272 ideo
236 231 443 282 torquere,
477 231 526 270 ut
555 230 678 280 scias,
715 242 769 268 an
797 229 989 269 innocens
1019 230 1270 280 torqueatur.
1332 228 1498 268 unicum

114 293 233 343 pater
249 290 412 344 ignibus
430 291 744 342 verberibusque
768 290 1014 341 interrogas3
1038 302 1150 342 rogo,
1178 289 1276 340 quid
1300 287 1497 339 facturus,

115 354 150 392 si
180 350 493 404 pernegaverit?
552 350 753 402 videlicet,
784 352 832 390 ut
862 350 1014 399 laudes,
1046 350 1190 390 deinde
1221 350 1419 400 dimittas,
1450 351 1498 389 ut

115 413 371 464 amplectaris
402 413 568 464 perusta
604 411 750 451 vitalia
782 413 824 450 et
854 410 977 450 laceri
1006 412 1181 462 pectoris
1213 411 1383 450 vulnera
1411 411 1497 461 pie-

78 486 96 514 5
114 473 195 513 tati
229 485 369 513 rursus
407 473 634 512 admoveas.
698 473 807 511 solus
845 474 1029 523 superest
1065 471 1196 523 pudor
1232 472 1388 510 homini
1426 472 1498 522 qui

113 533 235 574 torsit
264 533 439 584 unicum,
469 535 518 573 ut
547 535 738 584 torquere
769 532 963 571 debuerit.
1014 532 1142 572 faciat
1171 533 1212 572 te
1244 544 1403 571 necesse
1435 533 1498 572 est

113 607 176 634 res
213 594 295 634 ista
330 594 551 645 pessimum
590 595 768 644 patrem,
813 595 854 633 et
891 592 1023 632 oderis
1061 595 1223 644 oportet
1264 593 1394 631 filium
1431 593 1498 632 cui

114 655 347 695 satisfacere
376 667 459 694 non
489 655 631 706 possis.
693 654 861 693 iamiam
891 653 1000 693 malo
1031 666 1204 703 venena,
1235 653 1399 704 ferrum,
1431 666 1496 692 su-

112 715 220 755 bitos
263 715 367 756 ictus
424 715 751 767 inprovisamque
800 716 983 753 mortem.
1055 716 1255 754 incestum
1301 714 1372 765 qui
1415 727 1497 753 non

46 789 95 818 Δ-ιο
113 775 258 827 credit,
288 778 477 827 torquere
508 789 589 815 non
620 775 756 825 debet3
789 776 863 825 qui
893 774 1040 824 credit,
1072 776 1213 814 statim
1244 774 1363 814 debet
1394 776 1497 815 occi-

112 836 218 876 dere.
277 837 387 888 quod
417 837 453 876 si
482 838 686 876 tormenta
717 836 842 875 etiam
872 835 948 874 fflii
979 835 1153 886 placent,
1185 836 1220 874 si
1250 835 1498 886 praestanda

113 899 175 937 est
199 898 424 938 satisfactio
448 899 535 936 tam
561 897 725 936 nefandi
749 897 935 946 rumoris,
967 897 1096 948 exigo,
1127 909 1177 935 ne
1202 896 1347 947 perdas
1373 909 1495 947 quae-

112 959 303 998 stionem:
334 958 378 997 in
407 957 543 997 media
568 959 747 1006 civitate,
777 958 822 995 in
846 957 937 1008 ipsa
963 957 1162 996 constitue
1187 956 1310 1006 fama,
1343 957 1496 997 advoca

112 1018 205 1058 illos
222 1019 436 1071 malignos,
461 1019 554 1058 illos
574 1019 762 1069 loquaces
789 1019 830 1056 et
848 1018 1000 1057 saeculi
1018 1030 1103 1056 rem
1123 1017 1286 1068 exquire
1307 1017 1496 1057 audiente

48 1091 94 1120 :15
111 1079 277 1131 populo.
339 1092 476 1119 coram
506 1078 691 1118 omnibus
722 1079 906 1128 torqueri
936 1078 1072 1128 debet,
1115 1078 1163 1117 de
1196 1091 1275 1128 quo
1308 1078 1498 1118 locuntur

113 1152 260 1180 omnes.
323 1140 546 1192 interroget
578 1140 748 1190 quisque
781 1139 889 1189 quod
920 1139 1047 1188 volet,
1080 1140 1164 1178 suis
1197 1138 1380 1189 auribus,
1413 1140 1495 1179 suis

113 1200 252 1240 credat
275 1200 414 1241 oculis.
464 1213 535 1239 cur
563 1201 608 1239 in
633 1200 816 1239 abditam
841 1201 1117 1249 semotamque
1147 1201 1307 1250 partem
1338 1200 1495 1239 iuvenis

113 1259 355 1300 abducitur?
404 1263 602 1301 secretum
635 1260 885 1311 quaestionis
923 1273 995 1299 nec
1026 1261 1179 1299 incesto
1211 1259 1295 1299 fflio
1329 1260 1497 1299 debetur

112 1334 186 1361 nec
215 1321 432 1361 innocenti.
483 1321 587 1361 dabo
620 1321 751 1360 adhuc
787 1321 894 1360 inter
925 1322 1124 1359 secretum
1160 1321 1496 1370 publicationem-

0 1391 5 1406 ·
50 1395 95 1422 30
114 1395 192 1432 que
223 1384 598 1433 temperamentum.
662 1382 814 1421 advoca
847 1382 1116 1432 propinquos,
1155 1380 1300 1420 adhibe
1332 1383 1496 1432 amicos,

113 1442 368 1494 circumpone
399 1443 538 1482 iuveni
568 1444 691 1481 serios
724 1454 855 1491 senes,
890 1441 1080 1480 intersint
1110 1442 1394 1492 magistratus,
1426 1441 1497 1481 ad-

114 1504 261 1543 sistant
293 1503 438 1553 quibus
463 1503 610 1542 habere
636 1503 766 1553 possit
791 1503 935 1542 civitas
962 1501 1092 1541 fidem.
1142 1504 1350 1552 praestare
1376 1502 1495 1542 debes

114 1565 187 1603 aut
216 1564 311 1612 tibi,
347 1566 394 1602 ut
423 1563 594 1614 probare
625 1562 773 1613 possis,
811 1564 847 1602 si
878 1563 1080 1602 confessus
1113 1562 1254 1612 fuerit,
1293 1565 1367 1602 aut
1398 1563 1495 1613 filio,

114 1625 149 1663 si
174 1624 467 1676 pernegaverit.
518 1626 562 1663 at
586 1626 644 1672 tu,
675 1623 860 1673 nefande,
889 1623 1074 1672 crudelis,
1105 1623 1218 1663 tolh's
1245 1625 1493 1674 quaestionis
1515 1624 1569 1662 13

53 1697 95 1725 ‚25
116 1685 287 1724 alteram
323 1686 499 1734 partem,
538 1684 681 1733 efficis,
720 1697 769 1723 ne
806 1685 936 1734 possit
974 1684 1148 1734 amplius
1187 1684 1376 1723 innocens
1410 1697 1495 1724 esse

115 1745 187 1795 qui
215 1746 347 1784 tortus
380 1747 452 1784 est.
510 1744 609 1795 quid
641 1746 769 1796 agunt
800 1746 940 1784 contra
970 1745 1168 1795 populum
1198 1746 1404 1784 tormenta
1435 1758 1494 1784 se-

115 1803 253 1844 creta?
315 1805 515 1856 praedico,
546 1807 684 1854 testor,
715 1806 865 1844 iterum
895 1805 1045 1844 dantur
1074 1805 1266 1857 malignis
1298 1806 1494 1845 alimenta

114 1866 381 1915 sermonibus,
426 1868 467 1905 et
510 1879 535 1904 a
572 1866 809 1917 quaestione
854 1867 1030 1916 seposita
1074 1865 1116 1904 in
1162 1867 1293 1906 maius
1338 1866 1495 1905 reditur

213 2059 232 2090 1
258 2064 397 2090 nocens
423 2059 491 2088 Β]
584 2053 790 2101 ‚torquetur
814 2059 861 2098 B,
888 2064 911 2088 a
935 2064 1037 2099 supr.
1059 2060 1082 2087 b
1190 2057 1210 2089 2
1238 2053 1332 2099 quid
1360 2057 1403 2090 -ὄ
1419 2075 1427 2081 ·
1455 2061 1499 2090 Β

114 2105 136 2137 4
162 2101 326 2149 pietati}
351 2104 382 2148 (s
407 2103 471 2148 er.)
493 2107 535 2136 Μ
629 2105 650 2137 5
676 2100 840 2137 hominis
865 2107 904 2136 Β
1001 2105 1019 2137 7
1047 2101 1104 2137 ita
1129 2108 1158 2136 V
1238 2102 1379 2138 oderis:
1407 2114 1494 2139 ocu-

114 2173 162 2210 lis
189 2183 209 2217 β
295 2178 316 2210 8
342 2175 420 2210 iam
447 2180 489 2209 M
572 2177 592 2209 9
620 2173 745 2210 hictus
770 2180 799 2208 V
874 2174 1060 2210 incertum
1086 2181 1122 2209 Β
1216 2178 1260 2210 10
1285 2162 1439 2221 ῒοῑᾳιῗτθ
1459 2182 1497 2210 Β

116 2227 160 2259 11
187 2234 231 2268 qz
252 2229 294 2258 M
365 2222 435 2257 filii
455 2222 572 2257 etiam
593 2231 612 2265 β
687 2226 731 2258 12
757 2222 923 2258 nefando
944 2228 990 2265 B,
1017 2234 1109 2258 corr.
1131 2230 1172 2267 ὸς
1193 2223 1261 2258 -da
1286 2230 1327 2268 1⁷3
1353 2235 1433 2259 -am
1456 2230 1498 2258 ,11

116 2274 161 2306 16
187 2282 316 2307 omnes
342 2282 409 2307 om.
432 2277 476 2315 Ρ,
501 2282 603 2316 supr.
624 2285 651 2311 ιι
787 2273 831 2306 18
859 2270 1052 2306 abdicitur
1077 2277 1114 2306 P
1233 2271 1376 2307 incerto
1402 2279 1440 2307 Β

114 2322 161 2354 20
187 2330 260 2365 que
285 2331 353 2356 om.
376 2328 396 2362 β
535 2320 574 2363 et
598 2323 683 2354 ante
709 2318 848 2354 adhibe
874 2325 911 2354 Β
1049 2323 1093 2354 21
1123 2319 1379 2366 circumpone:
1407 2332 1426 2355 r
1451 2331 1495 2356 esc

114 2377 135 2402 c
159 2366 230 2403 ,9Β
327 2367 572 2414 magistratos
599 2367 787 2403 adsistent
811 2374 839 2402 V
939 2371 984 2402 28
1017 2378 1041 2403 a
1066 2379 1133 2404 om.
1157 2374 1199 2403 Μ
1296 2368 1423 2414 posita
1450 2375 1493 2412 P,

115 2426 155 2451 se
179 2427 280 2462 supr.
299 2431 327 2456 v
