1638 2560
117 75 121 79 '
179 102 265 145 104
617 97 782 135 AEGER
806 93 1103 132 REDEMPTVS

177 217 282 256 levia
319 216 544 256 velamenta
581 209 872 253 transferrent?
934 210 1024 260 quis
1062 209 1169 247 inter
1208 204 1544 259 complorationes

178 278 430 329 gemitusque
455 287 627 324 somnus,
649 286 768 324 quem
785 274 852 311 vix
878 271 1040 310 silentia
1062 268 1238 308 sollicita
1262 266 1544 319 praestarent?

178 338 230 376 ad
260 349 361 387 quae
394 336 595 385 colloquia
625 333 794 372 tristitia
825 328 1073 382 respiraret?
1133 329 1311 379 undique
1340 341 1459 379 pares
1491 329 1544 368 si-

176 398 369 447 milesque
400 395 548 444 miseri,
580 396 621 434 et
645 394 846 433 veteribus
879 391 1050 442 captivis
1083 390 1263 428 adiectus
1295 389 1441 428 cotidie
1472 400 1543 428 no*-

176 470 248 497 vus
286 457 431 506 aliquis
468 455 693 506 impatiens.
758 465 964 503 compara,
1003 451 1036 490 si
1073 451 1252 500 videtur,
1287 451 1382 489 huic
1420 462 1542 501 aegro
1581 461 1597 488 5

106 523 153 558 17
177 518 453 568 captivitatem
483 517 643 554 tantum
674 517 796 553 tuam.
847 515 892 552 tu
925 511 1104 563 quereris
1132 510 1239 561 quod
1266 511 1375 550 cibos
1406 510 1543 561 pirata

175 591 254 616 non
279 578 466 627 praestet,
496 576 566 614 ille
590 575 764 614 remittit
788 573 955 612 oblatos.
1006 574 1046 611 te
1072 571 1183 611 nuda
1207 572 1364 621 humus,
1389 570 1543 610 nudum

176 638 302 677 cubile
340 637 509 689 frangit,
551 636 619 674 ille
659 635 710 674 ad
747 634 925 686 singulos
969 632 1147 672 ardentis
1188 632 1365 683 corporis
1405 633 1540 671 motus

174 699 336 749 insuper
367 710 488 748 supra
518 697 652 735 vincla
684 697 866 734 versatur
903 696 944 733 et
976 705 1215 744 quocunque
1253 691 1432 731 membra
1463 692 1542 731 las-

176 760 263 798 sata
294 758 428 797 dolore
459 757 732 806 transtulerit,
764 756 805 793 in
838 755 1080 805 supplicium
1111 753 1218 792 redit
1246 754 1442 792 renovata
1471 765 1543 803 pa·
1563 762 1598 789 10

174 818 327 857 tientia.
388 818 564 857 breviter
595 816 818 856 saevissimi
855 815 1063 867 languoris
1095 813 1320 853 definienda
1356 825 1544 852 mensura

176 881 246 918 est.
296 891 376 917 non
406 880 542 929 potest
574 890 620 916 ex
651 878 722 916 illo
755 877 890 915 sanari
921 888 993 914 nec
1026 887 1144 925 quem
1169 874 1384 914 redemerit
1413 875 1541 924 pater.

265 939 377 978 Insta
408 951 530 988 nunc,
569 938 602 977 si
627 937 798 986 videtur,
831 949 877 975 ac
912 936 1096 986 subinde,
1134 935 1309 985 iuvenis,
1339 935 1546 986 interroga

177 1013 246 1039 cur
278 1013 442 1050 aegrum
478 1000 612 1049 potius
645 998 843 1049 elegerim.
905 996 1020 1035 reddi
1052 1009 1076 1035 a
1106 1009 1169 1035 me
1200 1007 1317 1047 posse
1348 995 1547 1035 rationem

178 1073 247 1099 cur
276 1061 350 1098 hoc
382 1060 560 1109 fecerim,
591 1057 742 1109 putas?
791 1071 863 1109 ego
895 1070 990 1097 vero
1023 1070 1104 1095 non
1135 1069 1305 1107 possem,
1335 1068 1408 1095 nec
1440 1057 1476 1095 si
1505 1057 1546 1095 te
1566 1063 1601 1091 15

177 1120 441 1159 redemissem.
505 1119 601 1169 quid
642 1120 747 1157 enim
789 1119 823 1157 si
862 1117 1102 1168 respondere
1146 1117 1286 1155 iubeas
1329 1117 1546 1156 orbitatem

177 1193 247 1219 cur
284 1181 326 1218 in
359 1181 543 1230 exequias
581 1181 689 1218 totos
722 1180 936 1230 exaggeret
974 1176 1142 1217 census?
1173 1205 1176 1208 ι
1205 1177 1304 1228 quid
1338 1176 1414 1216 sibi
1445 1177 1547 1216 velit

177 1241 245 1279 ille
283 1241 513 1279 funebrium
555 1240 698 1291 longus
741 1239 836 1279 ordo
876 1237 1146 1290 pomparum?
1207 1251 1277 1277 cur
1317 1249 1437 1288 super
1475 1237 1548 1276 fla-

178 1302 338 1352 grantes
377 1301 536 1339 iaceant
571 1299 718 1352 rogos?
779 1313 849 1338 cur
881 1299 1038 1338 ardenti
1074 1312 1154 1338 non
1186 1298 1433 1339 divellantur
1463 1310 1546 1336 am-

176 1359 327 1411 plexu?
378 1362 417 1399 et
449 1374 521 1413 ego
555 1361 653 1411 dico,
684 1360 902 1411 proclamo,
933 1360 1076 1409 fateor,
1108 1359 1252 1398 erroris
1285 1360 1357 1398 aut
1388 1358 1547 1397 demen-
1565 1367 1603 1394 20

176 1422 258 1460 tiae
289 1422 401 1460 furor
426 1423 498 1471 est,
531 1434 620 1460 cum
650 1421 802 1460 feceris.
852 1421 928 1459 hoc
955 1422 1015 1459 est
1044 1432 1152 1472 ergo,
1181 1420 1329 1470 inquit,
1362 1418 1471 1470 quod
1497 1418 1546 1457 de

177 1483 217 1520 te
248 1481 463 1532 praecipue
497 1494 651 1531 queror,
682 1481 924 1519 moriturum
955 1481 1055 1519 mihi
1085 1479 1328 1531 praetulisti,
1385 1480 1546 1530 quaeso,

178 1541 350 1591 iuvenis,
387 1555 436 1580 ne
467 1542 581 1580 nobis
613 1543 730 1591 putes
761 1543 923 1580 tantum
959 1541 1090 1580 inesse
1122 1540 1316 1590 feritatis,
1352 1542 1400 1579 ut
1430 1540 1547 1579 illum

178 1602 424 1651 potuerimus
464 1603 674 1640 aestimare
711 1603 960 1640 moriturum.
1023 1602 1084 1641 vis
1116 1614 1197 1640 non
1229 1613 1385 1652 sperem
1415 1602 1546 1640 victu-

178 1675 268 1700 rum
293 1661 420 1700 filium
447 1674 564 1711 quem
594 1664 690 1700 tunc
714 1662 889 1712 primum
915 1663 1077 1713 aspicio,
1106 1662 1350 1712 complector
1381 1674 1548 1713 aeg-rum
1565 1668 1602 1696 25

181 1735 298 1771 quem
334 1722 468 1772 pirata
498 1735 579 1761 non
615 1724 773 1761 recusat
810 1723 887 1761 sibi
917 1721 1120 1773 relinqui?
1182 1724 1217 1761 si
1246 1722 1548 1772 persuasionem

179 1783 307 1832 patris
338 1783 576 1834 interroges,
615 1782 805 1832 quicquid
837 1785 896 1821 est
929 1783 1035 1833 quod
1065 1784 1186 1822 miser
1222 1784 1446 1834 torquetur,
1477 1781 1547 1821 ad-

179 1842 323 1891 ficitur,
349 1855 428 1880 non
453 1843 687 1893 languorem
712 1842 839 1893 credo,
866 1843 935 1882 sed
959 1844 1268 1893 impatientiam,
1294 1843 1548 1893 desiderium,

277 1960 315 2012 3·
331 1956 380 1992 ad
406 1968 519 2001 quae:
554 1958 667 2002 atque
694 1972 717 1991 α
744 1957 806 2003 (ad
833 1969 930 2002 quae
958 1959 1011 1994 ‘et
1035 1959 1107 1995 hoc
1133 1960 1191 1994 est
1217 1958 1369 1994 melius'
1396 1959 1452 2005 m)

180 2016 318 2064 tristi&
342 2035 371 2063 V
432 2028 661 2074 respirarent
682 2035 724 2064 Μ
788 2033 811 2064 4
835 2030 1041 2066 veteribus:
1069 2042 1108 2066 er
1133 2032 1175 2066 in
1193 2035 1266 2067 ras.
1287 2037 1325 2066 B
1391 2034 1412 2066 5
1439 2030 1496 2078 si}
1513 2036 1552 2065 Β

181 2104 201 2137 6
229 2100 348 2156 quod:
375 2111 448 2146 quo
476 2107 518 2135 M
595 2105 613 2136 7
639 2087 811 2147 praestgt
836 2109 879 2137 M
955 2106 975 2137 8
1003 2103 1177 2139 ardentes
1208 2109 1238 2138 V
1312 2102 1460 2150 corpori
1484 2108 1556 2138 BV

181 2152 202 2184 9
234 2159 388 2194 insuper
413 2150 558 2194 scripsi:
586 2149 626 2184 in
652 2161 719 2184 sua
745 2165 774 2184 ω
885 2161 1014 2197 supra:
1043 2163 1189 2197 semper
1209 2156 1262 2197 N3
1290 2163 1357 2188 om.
1380 2159 1401 2186 ς’
1509 2150 1550 2186 in

181 2208 250 2233 sua
275 2209 389 2243 supra
413 2197 539 2232 vincla
564 2198 652 2233 tabe
679 2199 783 2234 Dess.
805 2210 842 2243 p.
864 2202 910 2234 91
1023 2203 1066 2234 10
1098 2199 1226 2235 reddit
1255 2206 1285 2234 V
1396 2203 1439 2235 11
1465 2199 1550 2234 bere-

180 2246 276 2281 viter
305 2252 334 2280 V
436 2245 630 2291 languoris
656 2246 697 2280 in
722 2258 794 2282 ras.
821 2253 858 2281 B
967 2251 1009 2282 15
1036 2248 1099 2283 hic
1123 2255 1160 2283 P
1275 2252 1317 2283 17
1345 2248 1551 2294 exaggeret

180 2294 328 2340 scripsi:
349 2295 526 2340 exegerat
544 2300 615 2336 Ββς
643 2296 847 2340 exaggerat
871 2301 937 2329 VM
954 2297 1011 2341 (ex
1031 2298 1260 2343 exaeggerat
1279 2297 1349 2342 M);
1376 2297 1507 2342 egerat
1526 2303 1555 2331 o*

184 2345 228 2378 18
255 2353 339 2377 cum
365 2348 402 2377 Ρ
486 2345 529 2376 19
557 2353 641 2376 cum
668 2349 703 2376 P
786 2346 831 2377 20
858 2345 924 2378 aut
950 2344 1178 2380 dementiae:
1205 2346 1249 2379 ut
1275 2344 1467 2380 dementia
1485 2349 1556 2380 BV

182 2394 226 2426 21
253 2389 390 2426 furoris
416 2396 459 2425 M
553 2393 597 2424 24
624 2390 837 2426 existimare
865 2399 892 2426 d
