1638 2560
145 112 268 148 XXVI
689 111 983 148 PRAEFATIO.

146 229 187 266 et
218 227 479 266 Roterodami
512 239 631 277 quam
666 225 939 266 Gronovius
973 227 1131 265 curavit
1157 227 1229 276 qui
1259 227 1399 265 multis
1431 225 1530 265 locis

147 288 398 339 elegantibus
426 287 773 327 observationibus
799 288 930 325 lucem
956 287 1112 336 attulit,
1145 286 1247 325 alios
1273 287 1435 326 sanavit
1460 288 1532 325 aut

146 349 255 388 viam
287 348 458 387 sanandi
487 348 742 387 monstravit.
801 348 896 386 anni
932 348 1046 386 1698
1074 347 1338 399 Argentorati
1369 347 1530 386 Ulricus

147 407 359 448 Obrecht
390 421 536 447 novam
569 408 786 447 editionem
818 408 981 458 paravit
1019 407 1089 458 qui
1121 409 1257 446 ulcera
1287 420 1436 460 magna
1468 420 1531 447 sa-

146 470 323 521 gacitate
364 469 576 518 tractavit,
617 469 658 507 in
691 469 927 507 universum
967 469 1105 507 tamen
1146 468 1263 519 plura
1295 469 1532 508 immutavit

146 543 268 580 quam
309 529 549 568 emendavit.
613 529 882 568 institutionis
925 529 1126 568 oratoriae
1168 529 1386 567 editionem
1426 527 1530 567 Lon-

147 590 248 629 dinii
283 591 398 628 1714
440 589 593 640 publici
633 590 732 628 iuris
777 589 928 628 factam
967 587 1196 628 Gibsonii
1234 601 1281 628 ea
1319 589 1368 628 de
1409 601 1532 628 eausa

147 651 307 690 silentio
340 662 420 688 non
447 652 698 700 praeteream
731 649 839 700 quod
864 650 933 687 ille
965 650 1120 700 primus
1149 649 1357 688 tribunum
1382 649 1532 688 Maria—

146 725 242 749 num
272 712 316 749 in
355 712 487 749 lucem
526 710 729 760 protraxit
772 709 1102 760 institutionique
1145 710 1327 750 subiecit.
1395 711 1532 750 omnia

147 771 281 810 studia
314 785 336 809 a
368 770 570 821 prioribus
608 771 652 808 in
690 770 1003 810 declamationes
1045 772 1179 821 posita
1218 773 1338 810 aucta
1377 770 1460 810 suis
1492 772 1533 809 et

148 831 450 882 Schultingii
483 832 589 870 notis
629 831 831 882 congessit
868 831 1039 870 Petrus
1072 831 1378 871 Burmannus
1409 831 1453 869 iu
1486 843 1532 870 ea

145 893 375 931 recensione
415 905 536 942 quam
575 904 679 930 anno
722 892 837 930 1720
870 890 1060 943 Lugduni
1098 892 1347 931 Batavorum
1386 891 1531 930 emisit.

146 953 318 991 contulit
361 954 570 1002 praeterea
615 965 752 991 omnes
801 952 955 991 codices
1002 952 1216 991 Leidenses
1261 965 1532 1004 magnamque

146 1013 351 1052 variarum
394 1013 611 1051 lectionum
653 1026 699 1051 ex
739 1012 830 1051 aliis
870 1012 986 1051 libris
1028 1012 1107 1051 sibi
1145 1013 1533 1052 communicatarum

146 1074 392 1125 farraginem
424 1073 648 1123 adscripsit.
707 1074 751 1111 at
776 1073 894 1112 valde
921 1073 1137 1112 dolendum
1170 1076 1231 1113 est
1262 1073 1370 1124 quod
1401 1073 1533 1112 editor

145 1135 405 1185 neglegenter
429 1146 592 1172 munere
619 1146 690 1172 suo
723 1133 885 1173 functus
912 1135 973 1173 est
998 1147 1127 1184 neque
1154 1133 1344 1173 subsidiis
1375 1134 1532 1184 paratis

147 1207 195 1233 ea
227 1207 306 1244 qua
337 1207 413 1244 par
445 1195 542 1243 erat,
575 1194 790 1245 diligentia
815 1207 912 1233 usus
946 1196 1016 1233 est.
1081 1195 1392 1234 declamationes
1425 1195 1533 1233 enim

146 1254 397 1294 institutioni
423 1255 592 1293 subiecit
617 1255 760 1306 magis,
792 1267 842 1293 ne
869 1254 964 1304 quid
992 1255 1215 1294 desiderari
1239 1257 1282 1294 in
1315 1268 1386 1295 suo
1413 1267 1532 1305 opere

145 1317 298 1365 posset,
341 1328 463 1365 quam
493 1317 540 1353 ut
580 1328 646 1354 eas
680 1315 897 1354 admodum
935 1315 1079 1366 dignas
1118 1317 1315 1365 censeret,
1356 1317 1400 1354 in
1432 1328 1532 1366 quas

146 1376 320 1414 multum
344 1377 537 1426 temporis
564 1377 604 1414 et
629 1375 780 1415 laboris
800 1375 1060 1426 impenderet.
1111 1377 1251 1426 itaque
1276 1389 1357 1415 non
1384 1377 1532 1414 mirum

147 1435 254 1486 quod
287 1438 438 1474 certam
469 1436 668 1474 rationem
701 1438 910 1486 certasque
949 1437 1056 1488 leges
1089 1436 1131 1475 in
1167 1436 1361 1489 eligendis
1394 1436 1532 1476 lectio-

146 1496 263 1535 nibus
296 1496 596 1535 desideraveris.
655 1496 811 1535 accedit
837 1497 943 1546 quod
976 1497 1211 1536 collationes
1237 1497 1303 1536 hic
1333 1497 1418 1535 illic
1443 1509 1532 1547 per-

146 1556 334 1595 turbatae
356 1569 439 1595 esse
459 1557 660 1595 videntur.
716 1570 819 1606 quae
847 1571 1094 1607 quamquam
1115 1558 1175 1596 ita
1202 1559 1308 1608 sunt,
1335 1557 1532 1597 editiones

149 1619 360 1666 sequentes
409 1616 680 1666 Bipontina
731 1630 835 1656 anno
886 1619 1018 1667 1784,
1069 1617 1256 1657 Parisina
1299 1617 1531 1658 Dussodii

148 1678 264 1716 annis
299 1673 485 1728 1821s25
519 1677 671 1716 inserta
696 1677 964 1717 bibliothecae
990 1678 1180 1718 classicae
1212 1692 1284 1729 per
1308 1679 1357 1717 N.
1385 1679 1432 1717 Ε.
1457 1677 1531 1717 Le·

146 1739 272 1776 maire
317 1737 466 1787 editae,
517 1737 775 1777 Taurinensis
821 1739 936 1777 annis
982 1734 1169 1791 1824s26
1217 1752 1264 1777 ex
1305 1740 1415 1790 typis
1453 1739 1532 1778 Ios.

146 1797 321 1848 Popmae
352 1800 507 1836 textum
533 1798 758 1836 Burmanni
788 1800 1047 1848 repetierunt.
1105 1800 1199 1850 post
1230 1813 1381 1839 annum
1416 1800 1528 1838 1826

148 1860 284 1897 autem
310 1858 623 1898 declamationes
650 1859 812 1897 omnino
839 1861 996 1909 spretae
1024 1861 1145 1910 atque
1166 1861 1374 1911 neglectae
1399 1861 1531 1898 iacue-

145 1921 242 1957 runt
255 1931 381 1969 usque
401 1918 452 1957 ad
473 1931 622 1957 annum
642 1920 751 1957 1881
777 1932 855 1969 quo
873 1918 1161 1960 Constantinus
1174 1919 1394 1959 Ritterin
1407 1919 1531 1959 libro:

149 1975 240 2017 ‘Die
278 1979 632 2029 quintilianischen
667 1979 1016 2018 Deklamationen.
1081 1980 1392 2032 Untersuohung
1433 1980 1534 2019 iiber

146 2038 225 2077 Art
249 2039 331 2077 und
352 2039 557 2078 Herkunft
576 2037 796 2078 derselben'
827 2041 882 2078 eis
911 2040 1040 2079 denuo
1067 2053 1232 2092 operam
1258 2041 1436 2080 navavit.
1483 2040 1532 2079 de

148 2099 291 2138 studiis
324 2099 553 2138 novissimis
587 2100 702 2139 annis
727 2100 770 2138 in
797 2100 1225 2147 Pseudo-Quintiliano
1258 2101 1466 2140 collocatis
1493 2102 1533 2139 et

146 2159 288 2198 rettuli
314 2161 354 2198 et
372 2160 574 2198 relaturus
594 2172 682 2198 sum
700 2161 751 2214 ,in
770 2161 960 2199 Bursiani
980 2161 1192 2200 annalibus
1214 2155 1259 2215 (J
1261 2161 1534 2200 ahresbericht

147 2220 248 2259 iiber
267 2220 331 2258 die
352 2220 616 2259 Fortschritte
637 2220 708 2259 der
725 2221 973 2260 klassischen
987 2215 1531 2275 -Altertumswissenschaft).

149 2293 267 2332 aegre
294 2281 378 2319 fero
407 2280 514 2330 quod
547 2293 594 2319 ea
621 2294 721 2330 quae
748 2281 938 2320 Albertus
964 2281 1148 2320 Becker
1179 2282 1223 2320 in
1249 2281 1530 2321 dissertatione

149 2340 293 2391 optimi
309 2341 461 2379 fructus
475 2341 614 2390 plena:
631 2337 1126 2387 ‘Pseudo-Quintiliane&
1161 2335 1320 2396 (1904)
1335 2342 1531 2392 exposuit,

147 2401 254 2440 inter
287 2400 470 2439 addenda
500 2401 780 2440 tantummodo
814 2402 985 2451 proferri
1016 2404 1246 2452 potuerunt.
