1638 2560
409 111 714 149 'ms'rmonu
737 112 803 148 ΕΤ
826 86 1147 148 FRAGMENTA
1377 112 1467 156 353

174 226 328 268 LAGT.
359 229 454 268 inst.
483 229 522 278 1,
549 228 619 277 21,
647 229 722 266 17:
763 228 915 279 opffime
952 228 1084 280 igitur
1116 226 1393 274 Quintilianus
1422 229 1467 266 in
1486 228 1513 265 5

82 289 303 329 fanatico
334 289 455 335 istud,
484 288 631 340 inquit,
661 289 798 328 ridens
829 290 940 338 coqtt,
969 290 1100 328 iratus
1131 291 1197 328 est.

171 347 324 389 LAGT.
341 350 436 390 inst.
458 349 498 400 5,
520 350 558 399 7,
579 351 623 389 6:
654 361 750 388 nam
782 348 874 388 ideo
901 350 1150 400 potentiores
1181 361 1266 388 esse
1293 349 1467 389 iniustos
1486 350 1513 387 ⁶

80 409 181 450 deus
210 409 415 461 permisit,
451 411 498 449 ut
529 422 670 461 cogere
702 409 755 449 ad
791 410 946 449 malum
976 412 1157 461 possent:
1194 409 1285 449 ideo
1315 409 1467 460 plures,

80 473 131 510 ut
167 471 298 510 virtus
345 471 451 510 esset
488 472 668 522 pretiosa
717 470 828 521 quod
873 483 968 510 rara
1018 471 1089 510 est.
1153 470 1263 521 quod
1304 470 1467 521 quidem

78 532 215 583 ipsum
239 530 515 578 Quinfflianus
547 531 705 583 egregie
731 543 779 570 ac
809 531 987 570 breviter
1020 531 1197 571 ostendit
1227 530 1271 569 in
1302 532 1466 582 capite

79 592 332 632 obvoluto:
362 604 460 632 nam
490 604 609 641 quae,
638 592 792 642 inquit,
829 594 957 631 virtus
981 594 1080 632 esset
1107 594 1354 631 innocentiae
1383 594 1467 632 nisi

79 653 240 692 landem
256 654 409 693 raritas
427 653 605 692 dedisset.
656 665 798 691 verum
818 654 915 703 quia
939 654 1087 692 natura.
1106 653 1164 692 sic
1183 654 1464 703 comparatum

77 715 154 763 est,
178 715 227 753 ut
252 713 402 763 odium,
433 713 646 764 cupiditas,
671 714 734 752 ira
758 715 803 752 in
826 713 871 752 id
895 713 1004 764 quod
1028 712 1312 763 incubuerunt,
1338 716 1465 766 agant

77 786 230 825 caecos,
261 787 383 826 supra
412 774 619 813 hominem
643 774 805 813 videtur
836 775 957 824 culpa
987 786 1143 815 vacare.
1201 774 1395 825 alioquin,
1428 775 1464 814 si

77 836 226 874 natura
254 847 374 886 pares
405 834 590 875 omnibus
623 835 804 874 adfectus
835 834 1028 884 dedisset,
1063 836 1196 886 pietas
1227 835 1331 874 nihil
1362 837 1460 874 erat.

167 895 321 935 LAGT.
346 897 439 935 inst.
468 897 507 946 6,
534 896 603 945 23,
625 896 700 935 30:
730 896 847 935 nulla
871 898 933 935 est
956 897 1094 935 tamen
1119 896 1270 947 perditi
1294 896 1461 947 pudoris
1484 896 1503 932 7

76 955 263 995 adultera
307 969 410 1007 quae
453 969 534 995 non
576 956 680 995 hanc
730 968 894 995 causam
937 957 1050 996 vitiis
1094 957 1177 996 suis
1220 956 1462 1007 praetendat

75 1016 266 1056 inim-iam
297 1029 340 1056 se
363 1016 566 1067 peccando
597 1030 679 1056 non
703 1017 834 1056 facere
859 1017 930 1056 sed
960 1018 1119 1056 referre.
1169 1017 1277 1068 quod
1308 1018 1460 1068 optime

75 1075 353 1123 Quintilianus
391 1077 603 1128 expressit:
634 1078 767 1123 homo,
806 1078 958 1128 inquit,
998 1090 1123 1128 neque
1162 1079 1286 1117 alieni
1321 1081 1460 1118 matri-

73 1139 199 1177 monii
229 1139 429 1178 abstinens
458 1150 582 1188 neque
610 1140 677 1177 sui
708 1141 847 1178 custos.

164 1198 309 1237 HIER.
343 1200 499 1250 quaest
525 1198 648 1237 Hebr.
682 1199 721 1249 3,
753 1201 797 1238 1:
834 1212 909 1238 nec
946 1198 1095 1238 mirum
1134 1199 1238 1238 hanc
1278 1201 1322 1238 in
1364 1212 1457 1239 con·
1477 1199 1501 1236 8

73 1260 196 1310 ceptu
219 1260 462 1299 feminarum
487 1272 572 1299 esse
590 1261 792 1310 naturam,
818 1262 876 1308 ut,
902 1260 1042 1310 quales
1068 1259 1345 1311 perspexerint
1370 1262 1456 1300 sive

71 1321 207 1359 mente
238 1322 494 1371 conceperint
523 1321 567 1358 in
599 1322 777 1359 extrema
808 1321 1033 1371 voluptatis
1065 1323 1192 1370 aestu,
1229 1333 1331 1371 quae
1364 1334 1457 1360 con-

72 1380 243 1430 cipiunt,
273 1381 398 1420 talem
423 1381 601 1420 sobolem
633 1383 855 1432 procreent,
887 1393 978 1419 611111
1002 1381 1078 1420 1166
1102 1382 1238 1432 ipsum
1263 1382 1389 1420 etiam
1412 1383 1456 1421 in

72 1453 269 1510 equarum
299 1441 488 1494 gregibus
526 1440 635 1491 apud
665 1441 870 1509 1115113365
902 1442 1062 1480 dicatur
1091 1441 1192 1491 fieri,
1223 1443 1265 1480 et
1296 1441 1454 1487 Quinti-

73 1501 207 1541 lianus
232 1503 277 1540 in
302 1515 349 1541 ea
375 1502 661 1550 controversia,
685 1503 729 1540 in
748 1515 829 1552 (1113
849 1502 1117 1542 accusabatur
1134 1504 1321 1541 matrona
1347 1503 1454 1553 quod

72 1561 315 1613 Aethiopem
351 1563 571 1613 pepererit,
611 1575 686 1613 pro
725 1562 954 1602 defensione
994 1563 1105 1602 illius
1145 1564 1455 1615 argumentatur

73 1621 178 1661 hanc
209 1625 475 1674 conceptuum
506 1636 590 1662 esse
620 1625 811 1662 naturam
843 1636 966 1674 quam
997 1636 1119 1674 supra
1151 1623 1336 1663 diximus.

162 1682 308 1722 HIER.
341 1683 430 1722 adv.
456 1683 654 1735 Vigilant.
683 1685 727 1722 1:
765 1684 842 1723 iste
880 1696 1008 1735 caupo
1042 1683 1375 1736 calagurritanus
1413 1688 1454 1724 et
1472 1685 1498 1721 9

70 1743 114 1781 111
157 1756 390 1794 perversum
431 1746 597 1795 propter
638 1757 784 1783 nomen
827 1745 953 1784 viculi
997 1748 1133 1784 mutus
1178 1744 1452 1791 Quintilianus

69 1804 213 1843 miscet
242 1817 392 1854 aquam
420 1804 527 1843 vino.

160 1863 439 1904 IORDANES
467 1864 553 1904 Get.
574 1866 644 1914 29,
668 1866 765 1915 151,
796 1878 909 1915 quem
934 1866 1062 1906 locum
1086 1867 1216 1906 Ritter
1238 1867 1314 1905 huc
1343 1879 1452 1906 revo-
1472 1867 1524 1903 10

69 1927 190 1971 cavit,
223 1925 514 1975 Quintilianum
547 1937 628 1965 esse
658 1926 867 1965 laudatum
903 1928 971 1966 vise
1001 1928 1181 1975 credam,·
1217 1930 1315 1966 recte
1346 1929 1451 1967 enim

68 1986 359 2025 Mommsenius
382 1998 460 2036 pro
494 1986 643 2025 Fabius
675 1988 890 2026 restituisse
928 1989 1026 2027 mihi
1056 1989 1212 2027 videtur
1241 1987 1450 2027 Ablavius.

165 2117 188 2149 5
213 2113 352 2150 iratus:
385 2115 513 2150 malim
544 2113 749 2149 sceleratus
780 2116 836 2151 vel
865 2115 1022 2150 insanus
1059 2116 1221 2152 Brandt.
1352 2119 1373 2150 6
1399 2117 1446 2160 cf.

71 2162 211 2206 Ritter,
249 2163 310 2198 die
340 2163 669 2208 quintilianischen
700 2163 1029 2207 Deklamationen,
1056 2175 1096 2209 p.
1122 2166 1194 2199 211
1230 2165 1312 2210 (qui
1342 2168 1447 2207 reete,

67 2215 112 2246 ut
134 2211 292 2254 videtur,
315 2212 396 2247 sola
418 2212 526 2247 verba
552 2221 641 2246 nam
656 2232 701 2237 ——
715 2211 885 2247 dedisset
909 2223 955 2247 θα·
977 2212 1213 2258 Quintiliano
1232 2214 1354 2258 pet-ita
1373 2224 1446 2249 esse

61 2262 191 2305 putat)
218 2264 253 2295 et
269 2262 366 2303 255;
392 2261 462 2295 alii
486 2265 520 2295 et
543 2260 651 2296 verba
676 2261 866 2305 sequentia
894 2260 1131 2306 Quintiliano
1157 2261 1376 2297 tribuerunt.

66 2307 311 2344 incubuerint
335 2309 437 2344 codd.
538 2312 560 2344 8
585 2309 631 2352 ef.
659 2306 793 2343 CALP.
820 2307 982 2344 FLACC.
1010 2310 1097 2345 decl.
1123 2312 1159 2345 2.

141 2482 356 2516 Qvun'mum
375 2491 648 2511 »romanens
669 2484 716 2510 ed.
735 2485 760 2510 L
769 2492 785 2511 e
793 2485 813 2510 h
820 2493 864 2511 ne
874 2494 888 2511 r
895 2490 915 2511 t.
1180 2482 1224 2513 23
