1638 2560
147 119 235 162 206
439 116 584 153 DIVES
610 114 893 152 ACCVSATVS
919 112 1234 150 PRODITIONIS

147 233 303 285 pondus
341 234 381 271 et
420 231 639 271 terroribus
681 229 865 269 omnibus
902 228 1026 269 verba
1066 228 1256 280 graviora.
1295 239 1415 279 mago
1452 240 1523 278 pa-

147 294 273 333 tiente
306 293 554 342 discusseris,
587 291 639 330 ad
668 288 761 340 me’,
798 290 932 341 inquit
962 291 1093 328 mater
1123 287 1282 338 infelix,
1314 284 1383 328 ‘ad
1413 300 1523 328 meas

149 356 300 403 noctes,
341 352 391 391 ad
427 353 519 391 tuas
556 352 762 401 lacrimas,
800 351 850 389 ad
888 350 979 389 illos
1011 350 1194 389 viventes
1230 348 1332 388 mihi
1369 360 1526 400 semper

150 415 366 465 amplexus,
397 413 596 462 miserere,
627 424 809 462 propera.
861 410 943 450 scio
969 409 1067 461 quid
1091 410 1192 448 mihi
1218 410 1413 460 nocuerit,
1441 409 1524 448 scio

151 474 247 526 quid
277 487 340 513 me
371 473 544 513 torserit.
606 473 732 524 fruar,
765 473 805 511 et
835 468 1003 510 tacebo?
1561 482 1579 510 ι

797 675 876 724 ΧΙ.

304 785 495 834 DIVES
534 783 903 833 AOCVSATVS
941 782 1368 832 PRODITIONIS.

149 921 308 972 Pauper
340 922 380 960 et
410 920 520 959 dives
552 920 716 958 inimici.
767 920 930 970 utrique
961 919 1067 958 terni
1098 917 1227 957 liberi.
1281 917 1433 957 bellum
1463 918 1524 957 in-

209 982 308 1021 cidit
339 980 506 1021 civitati.
557 980 666 1019 dives
693 979 772 1018 dux
798 981 957 1018 creatus
988 978 1192 1030 profectus
1219 979 1280 1018 est
1309 979 1354 1018 in
1379 979 1523 1018 castra.

209 1055 346 1081 rumor
383 1043 493 1080 ortus
531 1042 591 1079 est
629 1040 678 1079 ab
718 1053 763 1079 eo
803 1040 920 1090 prodi
963 1039 1264 1091 rempublicam.
1328 1040 1525 1090 processit
1544 1052 1581 1079 ιο

210 1115 363 1154 pauper
398 1102 442 1140 in
480 1102 705 1140 contionem
743 1102 783 1139 et
821 1101 1026 1140 accusavit
1063 1100 1232 1140 divitem
1271 1099 1524 1151 proditionis,

212 1163 374 1201 absente
408 1175 453 1201 eo
490 1162 662 1212 populus
699 1161 900 1211 lapidibus
937 1161 1085 1200 liberos
1121 1163 1206 1200 eius
1245 1159 1401 1200 occidit.
1463 1173 1525 1199 re-

210 1235 347 1262 versus
385 1223 497 1261 dives
539 1224 600 1261 est
637 1222 766 1261 victor
809 1234 832 1260 a
869 1221 988 1261 bello.
1049 1223 1156 1272 petit
1193 1221 1246 1260 ad
1282 1221 1526 1272 supplicium

209 1283 313 1322 filios
344 1283 546 1334 pauperis.
590 1284 707 1333 pater
732 1294 773 1321 se
801 1282 927 1321 offert.
974 1282 1214 1321 contradicit
1241 1281 1364 1321 dives.
1410 1282 1526 1321 erant

210 1345 316 1383 enim
346 1344 466 1395 leges,
482 1334 544 1381 'ut
567 1342 751 1393 proditor
775 1345 904 1382 morte
935 1344 1158 1394 puniretur,
1191 1344 1233 1382 et
1257 1341 1524 1382 calumniator
1544 1354 1579 1382 ιι

207 1403 314 1443 idem
344 1405 554 1455 pateretur
584 1403 691 1453 quod
722 1416 826 1453 reus,
859 1404 892 1443 si
925 1403 1130 1443 convictus
1163 1404 1277 1443 esset.

247 1535 267 1565 2
294 1531 335 1565 at
359 1531 445 1565 tuas
470 1536 522 1574 B3
549 1531 598 1565 ad
623 1541 727 1566 meas
754 1539 773 1573 β

248 1590 281 1625 s,
299 1590 326 1625 1.
345 1590 374 1624 E
394 1579 525 1626 INCII3
543 1580 683 1626 DIVES
708 1579 929 1627 AOCVSA'I*
948 1590 1202 1626 rPDITIONIS
1220 1597 1259 1627 B
1328 1570 1394 1630 Iit}
1412 1589 1527 1626 FABI

151 1637 457 1681 QVINTILIANI
484 1638 775 1674 SEPVLCRVM
801 1638 1130 1675 INCANTATVM
1158 1628 1394 1675 EXPLICIT
1409 1640 1526 1685 (atrab

149 1687 280 1733 mento)
300 1685 479 1722 INCIPIT
499 1686 643 1722 DIVEs
663 1687 945 1723 ACCVSATVS
965 1687 1279 1724 PRODITIoNIs
1294 1689 1438 1735 (mimo)
1454 1693 1484 1722 v

151 1745 186 1781 S.
206 1746 233 1781 I.
255 1757 275 1781 e
295 1748 526 1804 (atramento)
549 1737 721 1783 EXPLIc
743 1738 995 1784 SEPVLCIW
1020 1737 1273 1784 ICANTATV·
1290 1737 1422 1784 met?
1440 1748 1525 1784 AR-

151 1805 395 1842 GVMENTV
415 1808 557 1854 (minio)
578 1813 620 1842 M
690 1808 875 1843 Feliciter.
904 1808 1114 1855 Sepulchrfi
1137 1809 1336 1845 incantatfi
1356 1807 1523 1855 explicit.

150 1866 244 1913 Legi
276 1868 315 1902 et
349 1867 546 1903 emendavi
581 1879 650 1914 ego
690 1868 908 1904 dracontius
945 1873 990 1904 οῦ
1024 1869 1143 1905 fratre
1176 1869 1268 1905 Krio
1296 1861 1526 1917 Icompabili

151 1915 272 1950 arrico
298 1915 402 1950 urbis
422 1926 524 1951 rome
550 1916 590 1951 in
617 1916 719 1952 scola
744 1917 817 1952 fori
842 1917 995 1954 traiani.
1028 1918 1201 1954 feliciter.
1230 1918 1375 1964 (minio)
1395 1924 1446 1963 1³3
1477 1918 1524 1962 cf.

151 1964 285 2008 Ritter,
311 1964 370 1999 die
395 1965 722 2009 quintilianisehen
747 1966 1066 2011 Declanzationen,
1086 1979 1126 2013 p.
1147 1969 1222 2003 205
1322 1965 1527 2013 Sepulchm

149 2022 323 2059 incatatfi
355 2023 512 2070 explicit
542 2024 664 2060 felicit
693 2025 771 2071 legi
798 2027 836 2060 et
867 2026 1038 2062 emedavi
1070 2038 1140 2073 ego
1167 2026 1365 2062 dracocius
1397 2029 1443 2062 cu
1467 2025 1526 2062 fre

149 2071 243 2107 ierio
275 2071 481 2119 incopaffli
514 2073 633 2108 arrico
660 2073 764 2108 urbis
790 2085 894 2110 rome
925 2074 965 2109 in
991 2075 1094 2111 scola
1120 2075 1194 2110 fori
1218 2075 1361 2111 traiani
1386 2074 1523 2110 felicit’

150 2125 177 2155 S
274 2121 577 2166 subscriptionem
603 2122 739 2158 codicis
765 2122 1038 2160 Britannici
1062 2136 1093 2160 v.
1115 2124 1220 2170 apud
1245 2124 1350 2160 Dess.
1367 2135 1407 2169 p.
1426 2125 1477 2159 23

247 2171 268 2204 8
301 2178 462 2214 pauper:
495 2181 520 2214 p
547 2171 659 2215 prius
685 2170 781 2206 deest
804 2172 846 2206 in
875 2171 1012 2208 lacuna
1036 2178 1074 2207 B
1193 2171 1321 2207 liberi:
1354 2171 1425 2206 filii
1448 2177 1530 2207 ΒΜ

150 2219 171 2251 9
199 2216 354 2252 civitate
379 2223 425 2261 B,
452 2218 499 2252 -ti
525 2224 548 2251 b
658 2219 716 2253 est
741 2230 807 2254 om.
834 2225 862 2253 V
975 2224 1017 2255 11
1047 2220 1328 2256 contentionem
1352 2226 1433 2255 ΒΜ

151 2280 195 2313 16
222 2276 343 2314 victus
369 2283 406 2312 B
477 2277 573 2312 EXP
596 2268 708 2314 ARGI.
730 2278 909 2314 INCIPIT
935 2279 1081 2315 DIVES
1101 2279 1385 2317 ACCVSATVS
1410 2279 1526 2316 PRO-

148 2360 364 2417 DITIONIS
390 2362 433 2397 in
452 2363 619 2417 marqine
646 2373 761 2398 causa
779 2338 848 2399 xi]
871 2365 1011 2410 (omnia
1030 2366 1146 2402 minio
1166 2366 1287 2412 pieta)
1306 2371 1350 2400 Μ
1421 2364 1525 2400 dives

150 2411 233 2457 agit
258 2420 411 2446 causam
438 2411 494 2458 (in
519 2417 556 2445 P
577 2412 707 2457 minio)
734 2421 753 2455 β
