1638 2560
189 115 246 159 48
660 111 806 148 Mans
831 109 1089 147 MARIANVS

190 230 377 281 spiritum
412 240 619 268 renascens
655 239 785 278 poena
821 227 1038 276 torqueret.
1100 238 1245 276 parum
1282 236 1419 264 severe
1450 223 1557 263 mili-

189 292 317 330 tarem
356 289 612 329 redeuntibus
657 287 864 338 suppliciis
909 286 1165 337 disciplinam
1209 285 1479 334 continemus,
1522 285 1558 324 si

189 350 350 390 tribuno
388 351 480 400 post
516 349 591 388 hoc
623 349 774 387 factum
805 344 942 399 <non>
972 346 1071 386 bene
1107 345 1227 386 cessit
1258 345 1366 396 quod
1403 346 1556 386 occisus

191 412 261 451 est.
322 423 433 449 reum
471 422 564 461 ergo
603 408 733 448 caedis
771 421 850 447 non
887 407 1130 446 infitiatione
1168 405 1392 446 defendam.
1455 406 1556 456 viro,

190 471 287 510 sorti
324 471 559 521 praesertim
591 471 631 508 et
660 469 880 517 innocenti,
918 468 1020 506 nihil
1057 468 1190 507 facere
1227 467 1415 512 convenit
1449 466 1558 518 quod
1595 479 1611 507 5

189 531 415 583 negandum
453 531 515 569 sit.
578 542 657 568 non
695 529 825 569 abnuo
865 529 1030 567 crimen:
1068 528 1191 567 immo
1230 527 1265 567 si
1303 528 1556 568 accusatores

190 592 380 640 tacerent,
409 592 495 641 ipse
526 602 761 629 narrassem.
819 589 963 628 obicite
993 589 1131 641 igitur,
1164 587 1246 638 sed,
1277 589 1324 628 ut
1355 587 1556 628 delatores

190 650 314 700 decet,
344 652 487 691 totum.
548 649 928 689 verecundissimum
960 650 1067 689 enim
1097 649 1269 688 militem
1297 645 1411 700 'apud
1442 661 1556 689 sanc-

188 712 363 751 tissimas
383 711 636 761 imperatoris
656 723 771 750 aures
790 711 921 749 minus
941 710 1067 761 pudet
1086 709 1269 749 confiteri
1288 722 1411 760 quam
1430 709 1556 761 queri.

278 771 476 810 Parumne
514 770 714 810 dedecoris
753 771 949 820 subimus,
988 770 1094 821 quod
1137 782 1218 809 non
1255 770 1303 810 de
1339 770 1558 811 honoribus
1578 782 1612 810 ιο

189 831 397 871 fortissimi
427 831 506 870 viri
538 830 771 882 quaeritur?
804 833 844 870 et
875 833 921 870 ut
945 831 1178 884 longissime
1203 832 1300 871 vota
1324 830 1558 882 procedant,

188 905 274 931 rem
302 892 625 931 honestissimam
655 892 778 931 militi
808 892 966 941 fecisse,
997 893 1146 943 inpune
1179 890 1283 931 erit?
1345 891 1559 931 damnetur

191 953 312 992 etiam
344 954 384 991 et
414 952 651 1003 pudicitiam
683 952 878 1003 supplicio
910 952 1070 1004 pendat.
1128 952 1337 992 convenite
1368 953 1559 1005 legioneS,

189 1012 386 1052 intendite
424 1013 593 1062 animos,
632 1014 838 1052 contracta
875 1013 1051 1063 undique
1089 1013 1251 1052 auxilia.
1313 1014 1378 1052 lex
1410 1013 1559 1053 dicitur

193 1074 351 1122 castris,
382 1085 454 1111 nec
484 1073 602 1122 pauci
628 1075 722 1112 sunt
753 1074 822 1124 qui
853 1074 928 1113 hoc
958 1074 1088 1113 nolint
1120 1073 1258 1124 licere,
1289 1073 1393 1113 illud
1417 1074 1556 1114 velint.
1578 1086 1612 1113 15

146 1132 170 1169 9
284 1133 375 1171 Non
405 1133 646 1173 mehercules
676 1146 839 1184 possum
871 1136 1017 1184 tenere,
1049 1147 1128 1185 quo
1160 1135 1293 1174 minus
1324 1134 1368 1173 in
1396 1146 1558 1174 accusa-

191 1195 319 1232 torem
350 1193 463 1232 dolor
492 1207 603 1232 meus
635 1196 846 1244 erumpat„
892 1195 990 1245 quid
1021 1193 1148 1234 dicis?
1209 1197 1274 1245 tu,
1306 1196 1342 1234 si
1371 1195 1558 1235 tribunus

191 1265 313 1302 esses,
353 1253 427 1292 hoc
464 1253 651 1293 fecisses?
712 1255 747 1294 si
783 1255 897 1294 miles
936 1267 1057 1305 esses,
1097 1255 1173 1295 hoc
1213 1254 1402 1296 tulisses?
1464 1255 1558 1296 date

191 1315 423 1364 praecepta,
463 1314 688 1365 componite
727 1315 991 1365 disciplinam.
1053 1316 1168 1355 miles
1200 1317 1276 1356 hac
1313 1316 1559 1356 contumelia

191 1386 399 1423 percussus
438 1376 509 1413 est.
570 1375 745 1427 indignis
784 1389 878 1415 vero
917 1376 1079 1416 vocibus
1118 1378 1417 1416 contaminatus
1455 1377 1559 1416 nihil
1578 1389 1613 1416 so

193 1434 364 1483 amplius
397 1434 507 1472 aliud
533 1448 653 1485 quam
683 1435 852 1475 renuet?
902 1439 942 1475 et
968 1436 1056 1487 quis
1082 1451 1163 1476 non
1188 1437 1306 1476 illum
1336 1437 1443 1477 inter
1466 1450 1558 1488 pro-

193 1495 355 1533 stitutos
386 1494 543 1544 habeat,
576 1496 610 1534 si
642 1497 896 1546 commiserit,
928 1499 974 1535 ut
1003 1499 1133 1548 possit
1157 1499 1306 1538 iterum
1331 1497 1558 1549 appellari?

192 1556 311 1604 neget
341 1556 487 1604 tamen,
520 1557 560 1594 et
590 1556 784 1595 ultionem
814 1557 985 1596 iniuriae
1011 1570 1106 1597 suae
1133 1558 1303 1598 differat.
1354 1558 1415 1598 ita
1445 1560 1559 1610 puto,

193 1625 282 1652 cum
307 1614 502 1664 inluserit,
534 1615 695 1655 tribuno
722 1618 912 1667 queritur.
963 1618 1134 1658 Inicitur
1158 1632 1313 1670 manus,
1345 1620 1385 1658 et
1411 1619 1461 1658 ab
1490 1618 1559 1658 ad-

291 1708 309 1738 1
336 1715 549 1740 renascens:
579 1717 601 1741 a
626 1718 669 1742 eoe
694 1719 712 1741 r
736 1714 773 1742 Β
869 1713 889 1743 2
915 1709 1179 1745 redeuntibus:
1209 1710 1240 1746 ti
1266 1711 1309 1746 in
1332 1722 1406 1747 ras.
1427 1717 1465 1746 Β

195 1754 215 1786 3
241 1763 316 1787 non
342 1752 427 1789 add.
449 1754 552 1790 Dess.
665 1759 685 1790 5
711 1754 816 1791 forti:
847 1756 1011 1803 fortique
1037 1767 1056 1801 β
1161 1762 1182 1794 6
1209 1758 1350 1795 abnuo:
1379 1758 1562 1795 abuno'B

195 1826 215 1858 7
242 1812 432 1859 narragem
458 1827 530 1871 (em
553 1826 594 1861 in
613 1829 700 1873 ras.)
720 1834 771 1872 Β;
798 1817 989 1864 narmi-em
1014 1836 1057 1865 Μ
1150 1834 1172 1866 8
1198 1831 1560 1868 verecundissimum

194 1882 238 1907 ex
261 1873 630 1909 verecumdissimum
655 1881 691 1909 Β
787 1877 1021 1913 santissimae
1047 1885 1084 1914 Β
1189 1883 1210 1915 9
1242 1879 1483 1926 imperatoris
1516 1891 1561 1916 ex

194 1930 250 1955 -es
275 1926 312 1954 Β
382 1920 500 1966 pudet
525 1934 568 1957 ea:
592 1924 702 1968 putet
720 1930 756 1958 Β
831 1929 871 1959 12
899 1925 1051 1971 impune
1078 1934 1100 1961 ὁ
1179 1932 1223 1963 14
1249 1927 1442 1964 incendite
1468 1936 1488 1971 β

195 1991 339 2027 animos
360 1994 552 2029 contracta
572 2009 596 2028 α
610 1983 794 2040 (conti-{ta
808 1998 872 2043 B>:
895 1998 1018 2034 animo
1039 2001 1169 2036 sancto
1190 2001 1355 2036 tractate
1375 2009 1411 2045 μς
1432 2000 1559 2036 animo

195 2041 324 2075 sancto
350 2041 473 2076 tracta
498 2050 548 2083 γᾶ
631 2047 674 2077 15
701 2044 766 2088 qui
792 2056 836 2079 eoe
861 2046 953 2090 quid
972 2053 1009 2081 Β
1090 2051 1134 2083 16
1160 2048 1325 2084 mercule
1344 2055 1382 2084 P
1453 2059 1558 2084 acus-

194 2089 357 2142 satorem
383 2095 420 2123 Β
520 2093 562 2124 17
590 2091 655 2135 qui
680 2097 731 2135 Β,
764 2104 854 2128 corr.
876 2100 899 2127 b
998 2098 1041 2130 18
1069 2096 1100 2131 si
1126 2096 1252 2132 miles:
1286 2097 1422 2133 similis
1448 2103 1492 2132 Μ

194 2135 363 2171 tuhsses:
397 2147 436 2172 es
462 2138 503 2172 in
527 2149 599 2174 ras.
622 2145 665 2173 M
760 2143 802 2175 19
831 2151 874 2176 ac
900 2148 950 2186 Β,
976 2142 1001 2177 h
1026 2155 1125 2189 supr.
1148 2152 1171 2179 ὸ
1269 2149 1315 2181 20
1340 2156 1558 2192 percussus:

195 2195 212 2219 s
237 2184 280 2219 in
303 2196 376 2220 ras.
397 2191 448 2230 B3
475 2197 608 2231 passus
629 2193 678 2231 M,
705 2199 795 2224 corr.
810 2203 852 2223 m
913 2191 970 2225 est
995 2203 1061 2227 om.
1085 2201 1103 2234 β
1164 2204 1251 2229 vero
1271 2205 1339 2231 om.
1353 2200 1400 2239 B,
1419 2205 1520 2239 supr.
1537 2201 1560 2228 b

196 2235 239 2267 21
268 2231 390 2267 aliud:
422 2235 511 2279 aget
538 2242 558 2268 ς
653 2238 812 2271 rennuet
838 2243 873 2271 P
968 2243 1009 2273 21
1045 2241 1082 2275 et
1109 2252 1175 2276 om.
1198 2250 1217 2284 β
1315 2246 1360 2278 22
1387 2241 1560 2285 commis-

195 2279 287 2316 serit
305 2286 342 2315 Β
414 2284 458 2316 23
485 2283 628 2317 tamen:
656 2283 715 2318 vel
740 2285 889 2320 tantum
910 2287 1009 2331 quod
1034 2288 1169 2324 melius
1189 2289 1293 2326 valet
1316 2291 1359 2326 in
1383 2301 1500 2337 mary.
1518 2304 1560 2325 m

195 2355 242 2407 24
266 2328 446 2396 iiiluxerit
471 2359 507 2408 Β
537 2355 640 2399 (corr.
666 2357 720 2401 b);
753 2356 931 2393 inluxerit
957 2365 983 2393 V
1081 2361 1255 2397 tribunus
1287 2377 1309 2404 γ
1412 2362 1461 2398 ab
1494 2362 1561 2398 ad-

195 2402 363 2446 signata:
391 2401 439 2437 ab
466 2404 618 2448 elgnata
642 2410 674 2437 J
