1638 2560
175 105 262 149 362
551 100 811 138 EXCERPTA
835 99 1165 136 MONAOENSIA.

176 218 327 259 debetis
355 218 518 257 affectus
544 218 586 256 et
616 217 896 255 venerationis.
959 227 1041 254 non
1072 215 1134 254 est
1158 213 1406 264 beneficium,
1439 212 1547 264 quod

174 281 358 331 pascitis,
390 278 459 317 sed
490 279 550 317 est
575 277 743 326 facinus,
774 275 881 327 quod
915 274 1083 327 negatis.
1146 275 1315 314 fratrem
1338 275 1456 313 tuum
1484 287 1546 312 re-

176 341 283 380 demi
314 352 432 389 quem
455 339 502 377 ut
533 338 700 376 fratrem
726 336 899 376 amabas.
955 337 996 375 te
1028 335 1217 375 similiter
1239 334 1436 374 redimere
1466 347 1547 374 non

175 401 301 452 potui.
359 400 429 450 (1111
461 398 558 437 duos
583 398 857 448 periclitantes
889 396 1001 435 videt
1025 396 1130 435 filios
1162 408 1254 436 suos
1286 396 1475 435 existenti
1503 395 1548 434 in

175 462 325 500 maiore
362 459 539 511 periculo
570 458 745 510 porrigit
783 470 958 496 manum.
1015 457 1144 496 frater
1173 458 1286 507 tuus,
1327 469 1419 495 cum
1449 454 1547 495 libe-
1586 469 1602 495 ⁵

174 523 350 570 raretur,
388 521 514 559 sciens
551 532 592 558 se
631 520 709 558 cito
747 519 989 557 moriturum
1029 531 1092 556 me
1132 517 1211 556 tibi
1241 516 1548 565 commendavit,

176 583 239 631 ut,
272 582 307 620 si
338 580 504 619 evadere
535 580 576 618 te
608 580 859 630 contigisset,
890 591 954 617 me
985 590 1186 629 pasceres,
1221 578 1375 617 scilicet
1410 577 1548 616 iurans

177 641 294 692 quod,
326 642 362 680 si
391 642 437 679 tu
468 653 588 691 aeger
611 640 840 690 redemptus
866 652 981 688 esses,
1011 639 1098 689 ipse
1130 650 1251 678 sanus
1283 639 1318 677 si
1349 637 1549 686 evaderet,

175 701 431 753 postmodum
461 714 524 739 me
555 702 747 750 pasceret.
806 712 965 739 securus
998 700 1064 749 sis,
1096 699 1273 738 breviter
1297 699 1449 738 moriar
1479 698 1551 749 qui

177 775 296 802 senex
336 775 424 801 sum
467 762 508 799 et
547 761 682 800 inedia
723 760 906 810 affectus,
947 761 988 799 et
1029 761 1109 799 cito
1146 758 1381 799 liberaberis
1419 772 1444 798 a
1461 770 1550 798 ·me.
1570 773 1605 799 10

178 822 274 873 quid
310 836 373 861 me
404 822 578 860 remittis
611 821 663 860 ad
701 819 890 860 turbam?
941 821 1171 871 consumpsi
1210 819 1345 870 fletus,
1386 819 1552 859 exhausi

176 883 430 922 clementiam
471 883 661 921 civitatis.
727 895 808 921 non
849 882 924 920 alit
969 881 1144 932 populus
1187 881 1392 920 hominem
1432 892 1552 931 quem

176 956 338 995 pascere
369 943 475 981 filius
501 942 629 982 debet.
679 942 872 981 infamem
896 943 937 981 te
959 942 1092 981 reddis
1120 943 1191 992 qui
1214 954 1278 980 me
1303 953 1385 980 non
1408 941 1550 992 pascis.

177 1017 250 1055 pro
275 1005 348 1043 tua
373 1016 461 1042 sum
485 1004 636 1053 pietate
663 1003 870 1042 sollicitus.
928 1003 1023 1053 quia
1049 1003 1217 1042 fratrem
1242 1003 1359 1041 tuum
1388 1000 1552 1052 redemi,

178 1077 269 1103 cum
300 1077 418 1116 aeger
448 1064 588 1113 fuerit,
625 1077 705 1103 non
737 1065 919 1114 sequitur
949 1063 1057 1114 quod
1088 1076 1180 1103 eum
1210 1063 1301 1113 plus
1333 1061 1552 1111 dilexerim,
1573 1075 1606 1102 15

179 1125 248 1164 sed
285 1125 533 1174 sequeretur,
575 1124 608 1163 si
647 1124 762 1163 ambo
804 1125 893 1163 sani
936 1125 1085 1163 essetis.
1149 1123 1244 1162 dato
1282 1122 1406 1162 etiam
1445 1121 1553 1173 quod

180 1187 371 1235 sequatur
408 1184 514 1235 quod
550 1186 683 1236 ipsum
717 1185 807 1236 plus
850 1185 1074 1234 dilexerim,
1115 1197 1196 1223 non
1227 1184 1410 1234 sequitur
1447 1182 1555 1234 quod

179 1247 220 1284 te
257 1245 426 1294 oderim,
461 1258 552 1284 cum
593 1246 725 1284 animo
767 1246 974 1296 utriusque
1015 1244 1237 1284 redimendi
1275 1245 1472 1294 venerim,
1513 1244 1554 1283 et

179 1306 413 1356 plerumque
444 1307 562 1356 pater
587 1305 756 1344 duorum
780 1305 958 1344 filiorum
987 1306 1160 1344 alterum
1191 1305 1283 1355 plus
1315 1304 1452 1356 diligit
1482 1316 1554 1343 nec

179 1367 315 1405 tamen
345 1366 435 1404 ideo
468 1366 640 1405 alterum
671 1366 767 1405 odit.
1571 1378 1606 1404 20

288 1498 357 1536 VI.
392 1498 599 1537 Oosspoms
631 1511 837 1538 PRomcrL
900 1500 989 1550 ipsa
1021 1500 1082 1538 est
1112 1510 1255 1538 manus
1288 1510 1439 1537 caecae.

270 1582 558 1632 Aryumewtum
587 1596 622 1622 v.
641 1595 685 1632 p.
714 1586 812 1630 111,
840 1586 876 1622 4.

273 1642 436 1695 Allegat
473 1655 608 1682 coram
651 1644 849 1683 iudicibus
890 1646 1035 1695 pater:>
1070 1644 1316 1695 compatiavfi
1351 1642 1435 1682 filio
1472 1644 1556 1682 iam

183 1703 369 1742 defuncto
402 1704 466 1742 cui
490 1705 607 1754 pater
638 1705 766 1743 vitam
792 1704 961 1744 abstulit
993 1706 1033 1744 et
1062 1706 1194 1744 mater
1221 1705 1368 1743 nititur
1399 1703 1556 1742 auferre

183 1763 442 1814 sepulturam.
499 1764 562 1802 lex
586 1764 820 1814 parentibus
845 1766 888 1803 in
913 1766 1145 1804 calamitate
1170 1765 1274 1804 ferre
1306 1777 1422 1815 opem
1446 1763 1556 1803 iube·
1577 1777 1611 1803 25

183 1824 264 1863 bat.
315 1826 483 1874 uterque
507 1837 651 1874 parens
681 1827 769 1864 erat
793 1825 835 1863 in
861 1826 1095 1865 calamitate
1121 1821 1398 1878 devi<n>ctus.
1453 1836 1556 1863 unus

184 1886 320 1923 autem
364 1897 589 1923 succurrere
636 1885 796 1935 utrique
846 1899 926 1925 non
975 1887 1146 1937 poterat.
1214 1886 1372 1925 invenit
1420 1886 1557 1924 tamen

183 1944 392 1996 ingeniosa
423 1946 552 1995 pietas
591 1947 632 1984 et
662 1947 823 1995 utrique
862 1946 1050 1986 subvenit
1087 1946 1297 1997 dispendio
1329 1946 1403 1985 sui.
1470 1946 1557 1996 ipse

183 2006 296 2044 venit
322 2005 373 2043 ad
397 2007 566 2056 patrem,
592 2019 655 2044 me
679 2007 835 2045 remisit
856 2007 905 2045 ad
931 2009 1114 2047 matrem.
1166 2007 1355 2046 assistens
1384 2005 1557 2056 populus

185 2065 295 2104 dolet
336 2067 540 2104 mortuum
588 2079 668 2104 non
716 2067 918 2116 sepultum
962 2069 1002 2106 et
1050 2069 1097 2106 tu
1140 2068 1271 2106 mater
1313 2066 1557 2118 degenerans
1577 2080 1613 2118 eo

183 2125 313 2164 fllium
344 2127 570 2175 putrescere
596 2127 808 2176 permittis.
865 2140 995 2166 nonne
1027 2128 1092 2166 hic
1125 2129 1186 2167 est
1210 2127 1280 2166 ille
1312 2140 1431 2177 quem
1460 2138 1558 2165 non-

185 2186 281 2224 dum
313 2187 495 2237 genitum
527 2199 551 2224 a
577 2186 652 2226 diis
683 2188 727 2224 111
758 2187 919 2237 templis
946 2187 1060 2227 nobis
1093 2188 1182 2227 dari
1212 2187 1458 2238 petebamus,
1489 2185 1558 2225 ille

183 2246 292 2285 filius
325 2246 636 2295 amantissimus,
669 2260 692 2286 a
720 2260 798 2297 quo
824 2248 985 2297 sepeliri
1011 2248 1261 2298 optabamus,
1294 2249 1335 2286 et
1357 2248 1405 2286 tu
1435 2259 1559 2298 negas

185 2308 224 2346 ei
248 2306 507 2357 sepulturam.
564 2308 726 2358 ingrata
750 2309 881 2346 mater
906 2321 1002 2359 erga
1020 2308 1149 2346 filium
1176 2310 1246 2358 qui
1269 2307 1560 2358 profectionem

286 2401 328 2433 21
357 2398 400 2434 de
425 2398 532 2434 titulo
558 2398 604 2443 cf.
620 2410 660 2444 p.
682 2401 763 2434 111.
