1638 2560
490 104 809 143 DEGLAMATIO
832 105 922 142 xlv
941 109 1045 141 1—3.
1368 105 1456 148 267

167 220 263 262 Non
293 221 458 272 quidem
486 233 574 274 ego,
604 220 771 269 iudices,
802 233 850 260 ex
879 221 963 260 illis
993 233 1189 270 umquam
1218 220 1281 259 fui
1310 219 1457 271 quibus

77 281 234 323 nobiles
269 294 365 334 opes
407 281 601 322 afluentes
644 281 814 321 indulsit
856 281 1022 320 fortuna
1058 281 1242 331 divitias,
1286 293 1458 331 quorum

77 343 251 383 felicitas
281 355 426 394 capere
461 342 592 394 possit
627 343 671 380 in
708 355 844 381 amore
882 342 1095 380 luxuriam.
1157 341 1284 381 habui
1319 343 1458 381 tamen

75 403 183 443 unde
219 402 272 443 ad
301 404 411 443 vitae
446 403 706 442 necessitates
745 415 931 442 concessa
965 402 1115 454 gaudia
1151 414 1276 453 parea
1305 402 1456 442 medio-

38 477 58 504 s
77 465 222 504 ‹ti-itate
264 463 503 504 sufficerent.
578 463 748 513 ideoque
791 464 1001 502 meretrice
1043 464 1222 511 tantum,
1266 464 1308 502 et
1351 475 1454 513 quae
1479 462 1506 499 3

76 525 301 564 certissima
344 526 406 564 est
447 525 492 563 in
534 524 744 574 voluptate
788 523 1023 575 frugalitas,
1073 537 1153 562 una
1197 524 1259 562 fui
1300 537 1458 574 semper

76 585 296 636 eademque
339 586 560 624 contentus.
625 587 669 624 at
710 586 793 623 ista
835 586 957 632 seria,
1005 586 1159 636 gravis,
1203 597 1308 635 quae
1350 597 1456 623 nunc

76 646 208 685 amari
235 648 407 695 recusat,
439 659 463 685 o
494 659 618 697 quam
648 645 780 684 voluit
811 645 958 684 amari!
991 645 1137 695 quibus
1169 645 1343 695 artibus,
1375 658 1457 696 qua

19 711 30 723 ¹
76 705 303 746 calliditate
321 707 511 746 miseram
530 706 835 757 simplicitatem
853 719 985 744 meam
1003 705 1243 745 sollicitavit
1267 705 1456 756 primum,

21 780 58 807 ιο
75 766 220 806 deinde
237 768 383 816 tenuit,
402 767 529 806 donec
547 767 947 818 quantulamcunque
972 766 1243 806 substantiam
1267 767 1311 804 in
1335 766 1455 806 huius

75 828 188 868 sinus
212 827 410 876 credulus,
434 829 518 867 iam
541 829 704 878 iamque
729 839 890 867 securus
916 829 1076 866 amator
1101 825 1332 878 egererem‘?
1371 828 1456 866 iam

75 889 229 928 frustra
259 889 443 939 captavit
472 889 604 927 videri
633 889 819 927 miserari
847 887 1134 937 condicionem,
1164 889 1208 926 in
1234 901 1357 937 quam
1382 900 1454 927 nos

75 948 165 999 ipsa
196 949 384 988 detraxit.
434 949 611 988 breviter
641 950 774 988 totum
805 949 1113 988 nocentissimae
1144 948 1325 988 mulieris
1351 950 1455 988 acci-

75 1010 161 1060 pite
191 1009 367 1049 facinus:
397 1022 617 1061 pauperem
648 1022 712 1048 me
743 1009 851 1057 fecit,
883 1009 1027 1048 deinde
1059 1009 1162 1048 ferre
1194 1021 1276 1047 non
1306 1010 1453 1059 potuit.

20 1083 56 1110 15
75 1071 161 1109 sive
186 1071 306 1120 enim,
336 1069 501 1119 iudices,
531 1083 605 1121 pro
631 1069 908 1109 communibus
935 1082 1038 1120 quae
1064 1069 1118 1108 ad
1142 1069 1453 1120 corrumpendas

74 1130 442 1182 expugnandasque
490 1133 644 1170 mentes
695 1130 927 1182 excogitant
967 1131 1134 1182 ingenia
1183 1131 1453 1180 meretricum,

72 1191 229 1242 placuit
259 1191 594 1242 experimentum,
625 1193 666 1230 et
696 1191 739 1229 in
770 1204 835 1230 me
865 1193 1112 1242 temptatum
1144 1193 1223 1240 est,
1255 1193 1452 1241 quantum

75 1251 165 1302 quis
196 1264 345 1301 amare,
377 1255 576 1303 quantum
602 1252 691 1302 quis
722 1253 858 1302 posset
883 1251 1025 1301 odisse,
1058 1264 1128 1290 seu
1153 1252 1299 1290 mulier
1323 1253 1452 1291 omni-

73 1311 148 1352 bus
179 1314 361 1363 exposita
397 1313 638 1352 mortalibus
670 1314 895 1352 vanitatem
932 1312 1098 1352 fastidio
1133 1313 1214 1351 mei
1245 1312 1453 1363 despectu-

18 1385 56 1413 so
74 1386 152 1426 que
183 1374 384 1424 captavit,
416 1375 454 1413 ei
485 1374 596 1412 fama
626 1373 719 1412 inde
752 1373 936 1423 quaesita
968 1374 1046 1422 est,
1080 1374 1126 1411 ut
1158 1385 1183 1411 a
1213 1373 1310 1412 solis
1342 1372 1453 1412 vide·

74 1436 187 1473 retur
230 1435 359 1473 amari
402 1434 545 1473 debere
588 1433 794 1473 divitibus.
862 1446 944 1472 non
989 1435 1076 1472 erat
1118 1433 1299 1483 profecto
1344 1434 1453 1484 quod

73 1494 195 1545 paulo
240 1496 334 1534 ante
376 1495 622 1546 patiebatur,
665 1495 749 1533 iam
790 1495 888 1532 tunc
925 1488 1062 1534 noster
1101 1493 1302 1543 adfectus,
1345 1494 1454 1545 quod

72 1557 297 1594 scortorum
322 1555 476 1594 foribus
500 1555 727 1604 haerebam,
754 1554 873 1605 quod,
898 1556 934 1593 si
958 1556 1048 1594 istis
1073 1554 1249 1603 creditis,
1280 1567 1453 1605 pauper-

171 1747 192 1779 2
219 1754 310 1789 apes
335 1749 373 1778 Β
492 1742 675 1779 afluentes
702 1749 745 1778 S:
772 1742 972 1779 affluentes
997 1744 1133 1788 reliqui
1248 1747 1335 1789 post
1359 1755 1453 1788 quo-

72 1804 158 1827 rum
186 1803 260 1828 ras.
288 1795 313 1828 6
337 1792 392 1828 vel
417 1794 441 1827 7
466 1792 535 1827 litt.
557 1797 600 1826 M
694 1795 715 1826 3
747 1791 916 1827 facilitas
942 1798 969 1826 S
1054 1791 1193 1826 habuit
1218 1798 1260 1826 Μ
1342 1794 1399 1827 tni
1418 1799 1456 1827 P

73 1845 96 1876 5
122 1839 335 1876 sufficerem
362 1840 428 1877 Gr.
514 1840 690 1876 mertrice
711 1846 762 1884 M,
787 1851 879 1876 corr.
899 1854 942 1874 ιη
1034 1841 1074 1875 et
1099 1843 1140 1886 ξς
1160 1846 1213 1885 Β;
1242 1841 1281 1875 te
1307 1851 1406 1886 quae
1432 1849 1453 1884 β

73 1929 95 1959 6
120 1924 317 1960 voluntate
342 1930 441 1969 Ββσς
466 1888 544 1969 ἄδι
564 1890 686 1968 {taatffe
711 1930 741 1959 V
811 1923 1003 1971 fragilitas
1030 1930 1057 1959 s
1130 1923 1288 1959 fuissem
1312 1935 1381 1971 per
1406 1934 1453 1967 αβ

73 1977 94 2008 7
122 1973 358 2019 eandemque
383 1982 403 2016 β
519 1973 759 2019 contemptus
786 1979 846 2016 Μβ
962 1973 1013 2008 ad
1037 1979 1075 2008 Β
1182 1973 1385 2019 gravisque
1413 1979 1455 2008 Β

73 2025 96 2057 8
121 2022 291 2065 recussat
314 2028 352 2057 Β
463 2021 610 2057 artibus
635 2032 703 2057 om.
724 2028 776 2065 Β;
802 2021 926 2057 verbis
952 2028 995 2056 Μ
1108 2032 1201 2067 qua:
1228 2021 1294 2067 qui
1319 2027 1357 2056 Β

74 2074 117 2106 11
146 2070 264 2106 simus
288 2076 327 2105 Β
440 2070 517 2106 iam
542 2082 610 2106 om.
630 2075 707 2115 BV,
731 2081 834 2116 supr.
855 2077 879 2104 b
997 2070 1167 2115 iamque:
1195 2070 1399 2116 animaque
1425 2076 1452 2105 S

169 2129 319 2166 egerem
344 2124 430 2161 ΒΜ,
457 2130 549 2155 corr
571 2125 637 2153 em
761 2122 806 2154 14
837 2118 945 2164 potui
972 2133 997 2153 α
1022 2118 1095 2164 (vel
1120 2119 1248 2164 potuit
1270 2130 1374 2164 supr.
1394 2121 1450 2164 m)

75 2170 120 2202 15
144 2178 213 2212 pro
239 2147 502 2202 communibus
527 2167 677 2212 scripsi:
708 2178 778 2212 pro
804 2167 1061 2202 communium
1086 2173 1168 2211 BV-
1195 2167 1451 2202 communium

0 2228 2 2231 ·
73 2221 176 2260 Μβινς
202 2214 412 2251 carminum
436 2215 519 2252 Obr
597 2219 640 2250 16
666 2226 755 2251 mox
773 2220 859 2251 ante
878 2215 1118 2251 meretricum
1137 2195 1224 2251 a'dd.
1246 2221 1297 2259 Μ,
1324 2216 1391 2251 del.
1409 2229 1451 2250 n

75 2267 119 2298 19
145 2264 358 2310 expositam
388 2270 416 2298 ν
491 2263 739 2310 dispectuque
765 2270 811 2307 Β,
837 2275 930 2300 corr.
951 2270 975 2297 b
1074 2268 1120 2299 20
1146 2264 1198 2299 ei:
1226 2264 1265 2298 et
1288 2244 1377 2300 bbr.

0 2328 3 2330 ·
73 2315 119 2346 21
147 2311 283 2347 debere
309 2323 376 2347 om.
399 2318 426 2347 S
530 2311 623 2356 quid
649 2326 673 2346 α
782 2316 827 2347 22
852 2311 1031 2358 patiebar
1057 2320 1079 2347 ς’
1180 2312 1276 2347 iam:
1304 2322 1380 2346 non
1405 2317 1450 2354 ες

72 2359 151 2395 iam
175 2361 268 2396 tunc
292 2371 360 2396 om.
383 2367 426 2395 Η
519 2365 564 2396 23
591 2359 656 2395 isti
686 2360 769 2396 Obr.
868 2359 994 2406 pallor
1018 2362 1057 2396 et
1082 2359 1302 2395 indeformis
1328 2359 1451 2395 macie

0 2429 3 2431 -
73 2411 159 2444 ante
183 2409 450 2455 paupertatem
475 2408 562 2445 add.
583 2423 619 2453 a,
644 2420 712 2445 om.
729 2420 768 2455 p.
786 2411 911 2452 26S,1
1010 2410 1293 2454 paupertasque
1321 2413 1362 2442 ιι
