1638 2560
434 149 754 187 DECLAMATIO
779 150 866 186 xm
884 154 1038 187 10—12.
1340 150 1428 194 257

55 278 104 305 ac
128 266 301 316 saepius,
330 264 495 314 iudices,
521 265 728 314 admoneo,
754 265 1015 314 considerate,
1041 264 1201 304 discite:
1232 267 1305 304 aut
1329 265 1432 304 nihil

54 337 228 376 usquam
257 326 399 365 conta-a
429 327 493 365 ius
523 326 620 365 licet
651 327 724 365 aut
752 327 796 364 in
827 326 988 376 privato
1020 327 1168 364 omnia.
1323 379 1326 381 Δ

146 385 311 425 Etenim
340 386 531 426 adversus
561 386 801 425 inferentem
838 386 1031 426 damnum
1060 388 1170 426 iusta
1200 387 1303 426 ultio
1340 387 1431 426 fuit.

54 445 188 486 dicam
210 459 328 496 nune,
361 459 484 497 quam
514 446 658 497 iniqua
684 448 739 486 sit
762 448 936 486 invicem
966 448 1140 486 iniuriae
1171 449 1432 498 conpensatio

2 521 39 549 τι
57 519 259 558 quamque
298 519 379 546 non
423 507 553 546 solum
595 507 677 559 legi
721 508 890 547 adversa
933 507 1004 547 sed
1049 509 1152 558 paci.
1216 508 1434 547 barbarum

54 579 143 608 mos
174 568 238 607 est
265 567 509 618 populorum
535 581 634 618 quos
666 568 806 619 procul
832 570 962 607 omnis
987 570 1087 608 iuris
1118 568 1286 607 humani
1311 569 1434 608 socie·

54 629 143 668 tate
174 630 395 668 summotos
425 629 608 679 proxima
642 629 771 668 beluis
802 631 951 668 natura
982 629 1175 668 efferavit.
1238 641 1312 668 nos
1342 629 1434 668 ideo

54 689 321 741 magistratus
364 689 552 740 legesque
590 702 615 727 a
651 690 871 729 maioribus
908 691 1057 729 nostris
1096 691 1341 740 accepimus,
1384 703 1435 729 ne

55 749 120 790 sui
150 750 320 800 quisque
352 749 501 788 doloris
532 749 651 788 iudex
683 751 749 799 sit,
781 752 822 789 et
853 750 1044 790 adsiduae
1070 750 1265 790 scelerum
1290 763 1436 790 causae

0 825 39 852 ιο
56 822 99 850 se
122 809 323 859 refellant,
355 811 390 849 si
414 810 518 849 ultio
544 811 695 849 crimen
722 810 961 850 imitabitur.
1013 811 1205 850 damnum
1231 812 1435 862 accepisti.

57 872 147 910 erat
175 871 258 920 leit,
294 871 445 920 forum,
481 870 619 922 iudex,
657 871 736 910 nisi
771 871 805 910 si
836 883 907 910 vos
938 873 1027 910 iure
1058 872 1257 910 vindicari
1292 872 1436 922 pudet3

58 933 105 970 at
132 931 377 980 mehercule,
409 933 444 970 si
488 930 540 970 ad
577 944 690 971 arma
720 933 934 981 mittimur,
972 933 1013 971 et
1043 933 1274 971 instituitur
1303 933 1437 983 perni-

58 993 169 1032 ciosa
204 985 375 1031 nocendi
411 993 635 1041 contentio,
678 994 719 1031 et
755 993 797 1030 in
835 993 965 1032 vicem
1005 993 1105 1045 legis
1146 993 1208 1032 ira
1248 993 1437 1032 succedit.

57 1054 264 1104 premetur
289 1052 452 1102 quidem
477 1052 647 1091 obnoxia
678 1052 906 1102 infirmitas,
938 1055 979 1092 et
1009 1066 1229 1104 paucorum
1258 1053 1436 1092 dominio

0 1127 41 1156 ,ιο
59 1113 240 1153 subiecta
275 1112 412 1164 plebes
452 1113 571 1152 triste
611 1113 822 1153 servitium
865 1114 1049 1165 perferet.
1113 1116 1174 1154 est
1217 1116 1354 1153 tamen
1398 1116 1439 1153 et

58 1173 305 1225 pauperibus
335 1174 500 1212 interim
532 1174 657 1223 dolor,
690 1176 747 1223 et,
786 1177 832 1213 ut
862 1175 1022 1213 facilius
1055 1175 1169 1214 nobis
1202 1177 1337 1214 noceri
1367 1188 1438 1225 po-

58 1236 158 1283 test,
194 1235 255 1273 ita
290 1234 405 1273 vobis
441 1234 576 1274 latius.
638 1237 840 1285 postremo
878 1236 1039 1285 placeas
1070 1236 1167 1274 licet
1205 1236 1283 1274 tibi
1315 1249 1438 1286 opum

58 1297 223 1335 tuarum
252 1294 416 1344 fiducia,
455 1295 583 1345 dives,
622 1297 656 1334 si
687 1296 787 1334 mihi
818 1296 955 1335 videre
986 1309 1066 1335 non
1101 1296 1280 1346 expedit,
1322 1309 1439 1347 pares

60 1368 208 1395 sumus.
271 1355 370 1406 quid
400 1353 524 1407 ergo?
586 1357 621 1395 si
653 1356 751 1406 quid
788 1356 864 1395 tibi
896 1357 1034 1395 damni
1072 1357 1305 1396 attulissent
1343 1369 1438 1407 apes
1459 1357 1509 1394 12

5 1431 43 1458 ω
59 1428 186 1466 meae,
215 1428 296 1455 non
327 1416 429 1454 mihi
454 1415 678 1455 auferretur
702 1418 821 1465 ratio,
853 1417 922 1456 sed
946 1418 1084 1456 forsan
1110 1418 1249 1467 aliqua
1274 1417 1440 1456 daretur

61 1478 103 1516 et
131 1477 219 1516 fibi.

151 1537 269 1576 Nunc
306 1550 400 1576 vero
440 1537 536 1588 quid
582 1537 786 1588 quereris?
849 1538 966 1577 credo
1011 1538 1277 1589 depopulatos
1322 1551 1440 1590 agros

62 1610 301 1647 eversosque
337 1598 502 1636 reditus.
565 1611 646 1637 non
683 1600 791 1637 enim
828 1599 947 1638 debet
989 1599 1077 1638 leve
1122 1612 1205 1638 esse
1250 1599 1440 1638 damnum

64 1657 171 1708 quod
202 1658 313 1697 dives
344 1658 448 1697 ferre
480 1672 559 1698 non
591 1660 728 1709 possit.
789 1656 1100 1710 ‘decerpebant',
1132 1660 1278 1710 inquit,
1310 1655 1442 1698 ‘fiores

0 1733 46 1761 ,π
63 1715 200 1758 meos?
265 1718 406 1768 ecquid
438 1719 687 1771 intellegitis,
719 1719 888 1767 iudices,
922 1723 1074 1771 quanto
1107 1721 1244 1759 dolore
1275 1720 1443 1772 dignum

65 1780 119 1819 sit
163 1779 269 1829 quod
314 1792 388 1830 ego
430 1779 606 1830 perdidi,
651 1781 685 1819 si
722 1782 848 1819 etiam
884 1782 959 1820 hoc
1000 1781 1178 1820 damnun
1222 1783 1284 1820 est
1325 1781 1442 1820 flores

163 1934 181 1965 1
209 1930 347 1966 iudicis
374 1939 393 1973 β
479 1942 637 1967 amoueo
668 1938 708 1976 1·;
735 1943 932 1968 ammoneo
961 1939 1002 1967 J!
1086 1932 1202 1968 dicite
1230 1939 1272 1967 M
1356 1936 1376 1967 3
1405 1935 1445 1968 at

65 1979 168 2014 enim
195 1987 216 2013 ς
289 1983 311 2014 4
337 1978 509 2027 iniquass
528 1985 566 2014 Β
637 1984 658 2015 5
684 1981 768 2026 pati
793 1987 897 2016 BJIS
970 1980 1219 2017 barbarorum
1245 1996 1275 2016 ω
1296 1985 1446 2027 praeter

65 2033 103 2062 Β
210 2030 232 2062 6
259 2027 479 2063 societatem
505 2034 575 2063 ΒΥ
682 2032 700 2063 7
728 2031 938 2065 summotus
965 2035 1002 2064 Β
1097 2030 1268 2076 proxime
1294 2035 1443 2067 Brund:

65 2111 257 2158 proximos
284 2118 326 2146 M
446 2115 467 2147 3
499 2089 734 2159 magistratio
756 2120 808 2157 Β;
835 2114 1081 2160 magistrates
1107 2120 1135 2148 ῑ·
1260 2119 1304 2150 10
1330 2114 1444 2150 ultio:

67 2159 165 2196 vicio
183 2166 277 2195 Βΐσ
348 2160 490 2196 crimen
508 2161 720 2197 mutabitur
740 2168 782 2197 ,11
855 2167 895 2197 11
924 2162 1113 2198 vindicari
1138 2174 1183 2198 ex
1208 2174 1265 2198 —re
1284 2169 1336 2206 Βς
1365 2164 1446 2198 vin—

67 2208 197 2244 dicare
222 2214 250 2243 t'
333 2212 377 2244 12
405 2209 644 2256 mehercule}
670 2213 700 2256 (s
727 2213 790 2256 er.)
817 2217 844 2245 Γ
926 2211 975 2246 si:
1003 2210 1080 2246 iam
1107 2220 1126 2253 β
1212 2211 1382 2247 instituit
1409 2218 1449 2246 ,η

0 2252 19 2302 ξ,
70 2261 116 2292 14
148 2256 401 2292 dominiorum
433 2263 470 2292 Β
503 2258 530 2303 (i
564 2259 720 2294 alterum
755 2260 822 2295 del.
853 2263 889 2305 ὁ)
919 2265 976 2302 ,ης
1013 2259 1251 2294 dominorum
1279 2266 1307 2294 Υ

0 2308 19 2355 ξ
71 2309 116 2341 15
141 2304 250 2351 plebs
276 2311 303 2339 V
383 2306 527 2351 perfert
551 2313 591 2350 ἴς
617 2307 869 2352 perferret-U
946 2309 1019 2343 est:
1048 2309 1086 2342 et
1111 2316 1138 2342 «r
1209 2310 1263 2344 et:
1291 2319 1361 2344 nec
1383 2314 1451 2343 Βι·

0 2353 24 2416 ξ
71 2356 116 2388 16
148 2354 188 2389 et
211 2365 279 2390 om.
302 2359 344 2388 ,Ι
463 2354 572 2390 nobis
604 2367 671 2391 om.
699 2362 726 2390 1·
798 2359 841 2391 17
874 2367 1015 2402 opuum
1040 2362 1078 2390 Β
1200 2360 1244 2391 18
1275 2357 1399 2391 vivere
1427 2365 1448 2389 ς

0 2417 21 2470 {⁴3
69 2405 117 2485 ἐξ
144 2400 323 2485 αίῖθτςὲιιι·
349 2403 527 2496 ,Uale-egl
553 2403 621 2439 del.
643 2405 742 2487 Bsudi
794 2404 935 2439 forsam
962 2410 1004 2438 M
1085 2408 1129 2438 23
1156 2415 1358 2450 versosque
1385 2410 1453 2438 ΒΥ

0 2464 15 2494 ,1:'2
142 2460 254 2495 ocqm
307 2458 348 2485 ἴε
381 2461 401 2486 θ
447 2463 485 2486 111
539 2466 569 2486 ω
662 2464 700 2487 lu
746 2464 806 2488 ces
833 2464 902 2488 om.
923 2462 942 2495 β

144 2516 359 2548 Qun-ruant
380 2524 653 2545 nncnnurroxns
674 2520 720 2545 ed.
740 2519 765 2544 L
774 2528 789 2545 e
798 2520 817 2545 h
827 2527 846 2545 n
854 2527 870 2545 e
879 2522 920 2545 rt.
1186 2518 1201 2547 1
1210 2517 1227 2547 7
