1638 2560
178 99 199 140 1
209 97 264 140 10
616 91 783 129 AEGER
806 89 1104 127 REDEMPTvs

177 212 313 251 stratis
337 208 558 249 auxilium?
606 209 756 247 faceret
779 207 854 246 hoc
878 208 995 257 pater
1022 205 1091 255 qui
1115 204 1311 243 redimere
1336 201 1545 242 noluisset.

177 286 250 325 age
282 283 397 320 nunc,
427 269 682 310 vivacissima
713 269 911 317 senectus,
943 266 1152 305 redeamus
1185 263 1237 303 ad
1267 275 1404 315 preces
1437 261 1550 314 quod.

178 333 306 372 solum
330 331 390 371 vis
421 331 612 382 paternae
644 330 807 380 pietatis
841 328 1034 379 agnoscit,
1064 326 1131 364 hic
1157 337 1315 376 quoque
1345 335 1544 376 rogemus.

177 406 248 444 per
278 405 350 444 ego
380 394 440 441 te,
470 391 642 440 iuvenis,
677 389 768 428 illos
799 400 925 437 meos,
958 387 1006 426 de
1039 386 1184 437 quibus
1216 397 1323 424 nunc
1354 385 1546 435 quereris,

178 465 312 502 annos,
343 465 414 503 per
440 452 620 501 expertos
651 449 727 488 tibi
758 451 953 498 notosque
984 447 1251 486 humanorum
1277 445 1547 485 accidentium
1580 459 1600 487 ⁶
1637 482 1638 485 ,

178 526 308 562 casus,
345 525 417 562 per
453 510 624 550 infelicis
656 511 764 549 illius
795 521 932 548 manes
965 509 1029 547 cui
1059 520 1133 547 nec
1169 507 1245 547 hoc
1276 506 1422 546 saltem
1453 518 1547 546 con-

176 573 288 624 tigit,
325 575 371 611 ut
407 574 448 611 te
479 583 656 621 reverse,
694 573 734 609 te
766 571 974 620 praesente
1005 570 1240 618 moreretur,
1277 579 1396 618 pasce
1426 579 1546 618 nunc,

177 634 283 684 quod
314 635 353 672 te
384 632 576 671 redimere
601 631 723 681 volui,
754 643 885 681 pasce,
911 629 1018 680 quod
1048 629 1217 667 fratrem
1241 629 1357 667 tuum
1382 627 1546 666 redemi.

180 707 260 733 non
291 705 363 744 ego
395 692 671 732 lassitudinem
701 693 815 730 tuam
845 703 979 741 posco,
1009 702 1218 739 nunquam
1244 690 1371 728 otium
1399 701 1547 738 meum,
1635 725 1638 739 Ξ

180 767 252 793 nec
282 756 328 792 ut
358 754 443 804 ipse
475 765 636 792 securus
668 753 904 802 quietusque
935 751 1160 802 transigam
1186 749 1303 799 diem,
1335 750 1428 788 tuas
1453 761 1546 799 ope-
1566 763 1603 791 10
1637 775 1638 778 =

178 815 289 853 ribus
319 826 474 863 manus,
506 815 620 851 tuum
651 812 854 851 laboribus
887 811 1053 863 adsigno
1086 811 1282 850 sudorem.
1331 810 1547 862 iungamus

179 876 340 914 mutuae
371 874 536 924 pietatis
569 873 712 922 officia,
743 885 818 923 par
848 872 991 921 flebile,
1023 884 1098 922 par
1129 870 1313 911 omnibus
1346 870 1550 910 aetatium

179 935 484 984 nominibusque
514 934 785 973 reverendum.
849 935 909 972 est
939 932 1054 972 nobis
1086 933 1294 984 negotium
1327 943 1419 970 cum
1450 930 1549 971 civi-

179 997 263 1034 tate
306 995 528 1034 mitissima.
592 995 742 1044 quanto
787 993 976 1032 libentius
1023 993 1193 1042 dabunt,
1237 1004 1328 1031 cum
1371 991 1549 1031 viderint
1636 1030 1638 1040 2

179 1055 332 1106 pariter
362 1068 521 1105 unaque
552 1055 716 1094 miseros
747 1056 889 1092 mutua
920 1054 1212 1093 sustentatione
1244 1050 1445 1092 conexos?
1506 1053 1548 1091 et
1566 1066 1601 1095 ιτ,
1636 1062 1638 1067 ’

182 1128 253 1168 ego
286 1115 447 1166 quidem
476 1115 625 1166 rogabo
659 1114 729 1165 qui
759 1115 884 1164 soleo,
923 1114 991 1153 sed
1022 1115 1064 1152 in
1095 1115 1187 1153 tuos
1223 1114 1332 1152 sinus
1369 1113 1547 1164 populus

182 1178 370 1227 congerat
401 1177 534 1225 stipes.
598 1176 787 1226 quicquid
817 1187 971 1225 preces,
1011 1174 1202 1225 quicquid
1238 1173 1548 1225 impetraverint

181 1237 369 1275 lacrimae
405 1249 535 1285 meae,
573 1237 724 1286 accipe,
765 1238 894 1286 tuere,
933 1236 1130 1286 dispensa.
1193 1247 1266 1286 pro
1310 1236 1382 1274 tua
1425 1233 1549 1285 fama,

179 1310 251 1347 pro
282 1298 353 1335 tua
379 1309 467 1335 sum
497 1297 648 1346 pietate
681 1297 886 1335 sollicitus.
939 1309 1012 1348 ego
1038 1295 1285 1346 mendicabo,
1317 1297 1364 1334 tu
1394 1307 1548 1346 pasces.

277 1427 294 1458 1
328 1423 510 1459 noluisset
539 1425 610 1470 3ge
641 1430 693 1468 Β,
731 1424 771 1458 in
802 1434 874 1459 offas
908 1423 1107 1459 EPILOGS
1135 1423 1170 1458 -P
1203 1411 1548 1466 CONQVESTION

180 1479 219 1517 τις
245 1471 428 1507 noluisset
453 1471 604 1518 epiloga
629 1483 696 1517 per
722 1472 956 1517 questionem
981 1472 1064 1519 Age
1088 1479 1117 1506 V
1185 1475 1206 1507 2
1231 1471 1490 1515 vivascissima
1511 1477 1550 1507 Β

181 1501 219 1554 3-’
226 1520 282 1555 vis
309 1532 375 1556 om.
395 1526 447 1564 Β,
478 1532 579 1566 supr.
600 1527 623 1554 ιι
738 1524 760 1555 4
785 1531 853 1566 per
881 1532 947 1556 om.
970 1530 989 1563 β
1105 1531 1193 1567 ergo
1220 1527 1256 1555 P
1368 1524 1389 1555 5
1417 1530 1547 1566 exper-

180 1568 470 1650 tosti3b1110tosque
495 1605 581 1650 (que
606 1615 654 1640 er.
675 1604 748 1640 tibi
779 1616 879 1650 supr.
901 1605 937 1650 b)
957 1611 994 1640 Β
1102 1609 1123 1640 6
1155 1605 1228 1641 hoc
1252 1616 1297 1641 ex
1321 1605 1390 1640 hos
1415 1609 1454 1639 Β
1529 1613 1532 1616 ⁴

181 1652 368 1698 contingit
391 1659 437 1696 Β,
463 1665 488 1686 n
515 1653 581 1688 del.
603 1660 625 1686 b
734 1656 752 1687 7
780 1654 818 1688 et
842 1664 987 1689 reverso
1013 1660 1083 1688 BV
1174 1665 1305 1700 pasce:
1332 1663 1446 1699 parce
1470 1657 1552 1689 ΒΕ
1598 1691 1601 1693 ,
1634 1678 1638 1689 .

181 1700 253 1746 (vel
277 1711 389 1746 parce
415 1700 515 1745 quod
540 1700 674 1735 melius
701 1702 758 1736 est
781 1702 836 1747 m)
929 1706 950 1737 8
975 1713 1088 1748 parce
1112 1707 1193 1738 ΒΜ
1287 1705 1308 1737 9
1334 1712 1547 1747 nunquam:

180 1749 362 1793 tanquam
391 1748 471 1784 Obr.
573 1753 615 1784 11
644 1750 832 1784 sudorem:
859 1750 1028 1786 laborem
1054 1757 1097 1795 Ρ,
1125 1751 1300 1786 sudorem
1325 1762 1427 1796 supr.
1446 1765 1475 1790 p

182 1800 226 1831 12
246 1809 270 1843 p
291 1796 415 1832 flebile
440 1803 468 1830 V
526 1801 568 1832 15
590 1798 882 1833 sustentatione:
905 1799 1208 1834 substantatione
1227 1805 1260 1834 J
1331 1799 1505 1834 conectos
1523 1803 1554 1833 V

180 1848 225 1928 ἕ
241 1855 404 1939 (precesz)
423 1855 515 1890 prae
535 1856 633 1880 esses
652 1852 690 1880 Β
763 1850 806 1881 18
832 1846 935 1881 fama
955 1859 1023 1893 pro
1042 1849 1110 1883 tua
1128 1859 1228 1894 supr
1249 1853 1279 1882 V
1349 1850 1394 1882 19
1418 1846 1546 1892 pascis

255 1904 336 1929 corr
368 1900 390 1926 b
431 1901 457 1927 d·

277 1946 317 1987 Μ
347 1953 477 1987 FABII
503 1953 808 1996 QVINTILIANI
833 1955 999 1991 AEGER.
1023 1955 1280 1993 REDEPTVS
1309 1954 1546 1992 EXPLICIT.

180 2006 312 2049 INCIP
337 2012 572 2048 CORPORIS
596 2013 821 2050 PROIECTI
846 2015 953 2051 IPSA
977 2016 1066 2051 EST
1093 2017 1215 2052 MAN
1237 2015 1390 2053 GEGAE
1415 2022 1455 2051 Β
1477 2028 1549 2052 mv-

181 2074 246 2110 ‘m‘o
270 2074 418 2118 scripta
527 2074 587 2108 M·
603 2074 737 2109 FABI·
755 2075 1044 2118 QUITILIANI-
1060 2077 1248 2113 AEGER-
1263 2076 1547 2113 REDEPTVS

181 2132 422 2177 EXPLICIT,
436 2123 579 2169 INCIP·
592 2133 841 2171 CORPORIS
851 2136 1091 2172 PROIECTI
1101 2138 1225 2173 IPSA
1233 2137 1343 2173 EST
1355 2136 1548 2173 MANV&

183 2181 276 2217 CAE
351 2181 443 2217 GAE
475 2188 503 2216 V
570 2182 790 2219 EXPLICIT
816 2184 948 2220 EGER
972 2185 1234 2221 REDEMPT9
1260 2192 1303 2222 Μ
1365 2185 1545 2232 Explicit.

182 2229 231 2265 M.
246 2229 355 2276 Fabij
377 2229 579 2272 Quitiliani
598 2242 686 2277 eger
703 2232 935 2268 redimentus
955 2235 1055 2281 (sid)
1075 2234 1218 2280 Incipit
1233 2234 1360 2271 Vades
1380 2234 1494 2270 amici
1510 2240 1552 2278 ,Ρ

181 2279 298 2315 ⁴minio
322 2279 472 2324 scripta.
