1638 2560
467 125 787 163 DECLAMATIO
813 125 882 161 ΧΠ
902 129 1056 163 23—25.
1363 124 1449 166 241

71 243 189 295 paria
218 241 418 283 fecimus?
473 242 604 281 adhuc
634 241 737 280 nihil
767 241 995 291 habuimus,
1028 240 1098 280 sed
1128 252 1234 278 nunc
1264 240 1361 278 licet
1392 252 1453 278 re-

71 315 280 356 ponamus.
331 303 422 355 quis
448 305 585 342 autem
615 315 810 353 umquam
841 301 1029 353 pensabit
1060 300 1286 340 necessaria
1317 312 1453 351 super-

47 362 240 411 uacuis?
301 363 471 415 duplum
510 364 704 412 attulisti,
743 362 813 402 sed
849 363 931 402 illis
970 363 1041 413 qui
1078 362 1304 412 perierunt,
1338 361 1454 399 nihil.

73 425 144 465 sed
179 437 260 464 non
290 437 503 476 possumus
534 426 618 463 iam
652 436 732 463 non
763 424 905 463 fecisse
943 423 1050 474 quod
1081 422 1267 472 fecimus,
1299 424 1340 460 et
1369 422 1455 473 ple-

38 499 56 527 s
73 498 243 537 rumque
274 498 363 525 sera
393 498 466 536 pro
498 485 620 525 nullis
653 487 764 534 sunt,
797 486 838 523 et
868 486 1098 534 temporum
1128 484 1210 522 ista
1240 483 1456 522 momentis

76 548 148 587 aut
176 547 356 597 pretiosa
386 545 490 584 fiunt
522 547 593 584 aut
626 546 738 585 vilia.
787 545 849 583 vis
882 546 982 583 seire
1017 545 1214 595 quantum
1245 545 1352 582 inter
1381 543 1457 582 hoc

74 609 235 658 tempus
267 609 309 646 et
339 606 443 646 illud
472 605 662 646 intersit?
723 607 880 656 tempta
912 606 1039 656 igitur
1070 606 1204 643 forum
1235 607 1364 653 tuum,
1395 606 1458 643 to-

74 669 166 707 tum
196 667 272 707 hoc
302 680 382 707 non
416 669 532 718 potes
565 667 733 706 dimidio
765 666 947 705 vendere.

167 727 360 779 Superest
390 728 521 767 adhuc
552 741 679 766 unum
708 727 994 778 patrocinium,
1026 727 1070 765 in
1101 739 1180 777 quo
1213 738 1302 777 spes
1328 725 1459 764 omnis

22 802 59 830 ιο
76 789 317 841 profligatae
358 801 502 828 causae
540 789 747 828 consistat.
812 785 879 826 ‘ad
918 787 1026 826 diem
1063 784 1183 826 veni?
1248 788 1354 826 state
1393 786 1460 825 1110

77 851 196 900 certe,
226 849 399 898 iudices3
431 862 527 888 nam
558 849 656 888 ferri
686 862 768 888 non
799 850 947 900 potest,
980 847 1156 887 exundat
1182 848 1304 886 altius
1334 846 1459 886 dolor.

76 910 272 962 pudorem
302 909 510 962 publicum
542 911 727 960 quamvis
757 909 983 960 proiectum
1015 910 1055 947 et
1086 908 1170 947 iam
1202 908 1301 947 olim
1329 907 1461 958 sepul·

77 974 167 1010 tum
208 971 414 1021 hueusque
463 969 698 1021 protrahis?
759 982 830 1009 cur
872 983 955 1009 non
1002 967 1330 1020 expectavimus?
1392 980 1463 1006 cur

79 1031 228 1071 famem
265 1044 346 1071 non
383 1031 435 1070 ad
476 1032 741 1070 constitutum
779 1028 1039 1069 distulimus?
1101 1042 1172 1069 cur
1209 1029 1262 1068 ad
1301 1031 1463 1068 tantum

26 1105 61 1133 ιο
79 1092 193 1132 nefas
237 1090 502 1132 accessimus?
563 1093 607 1130 in
643 1092 719 1131 hac
763 1092 878 1130 lance
914 1091 1079 1141 publica
1116 1102 1255 1140 causa,
1297 1089 1463 1139 iudices,

79 1152 246 1204 pendet:
283 1154 356 1192 aut
393 1153 469 1192 iste
499 1152 614 1191 tarde
652 1153 750 1191 fecit
794 1155 865 1191 aut
902 1164 974 1191 nos
1012 1152 1105 1191 cito.
1167 1151 1243 1190 1100
1274 1150 1465 1190 videlicet

82 1214 304 1264 expectasti
335 1215 393 1262 et,
424 1227 474 1253 ne
507 1213 733 1263 captiosum
765 1214 869 1252 esset
900 1212 1032 1251 officio
1064 1214 1135 1251 tuo
1167 1212 1371 1250 maturius
1403 1224 1463 1250 re-

82 1274 199 1325 disse,
223 1287 270 1314 ex
294 1274 496 1313 industria
521 1276 680 1324 tempus
706 1274 869 1312 trivisti.
921 1286 1002 1312 non
1028 1274 1248 1323 tempestas
1274 1272 1318 1310 in
1343 1284 1465 1311 causa

82 1336 179 1384 fuit,
218 1347 298 1374 non
329 1336 391 1375 vis
422 1335 508 1374 ulla
539 1335 695 1374 vicinae
728 1334 918 1374 civitatis.
981 1346 1063 1372 una
1094 1332 1253 1372 ratione
1283 1334 1465 1371 moratus

27 1409 64 1435 80
83 1408 136 1445 es,
167 1395 346 1435 nondum
378 1398 466 1434 erat
496 1398 667 1446 tempus.
731 1395 883 1434 adeone
914 1394 1030 1433 nobis
1061 1395 1247 1433 miseriae
1278 1393 1466 1444 publicae

83 1454 343 1495 exciderunt?
394 1456 493 1495 adeo
519 1457 725 1506 insperato
755 1456 957 1494 frumento
984 1454 1264 1506 obstipuimus‚
1298 1455 1343 1492 ut
1367 1454 1466 1492 haec

83 1517 284 1556 audienda
321 1515 432 1556 sint?
493 1517 685 1555 ultimum
717 1518 846 1555 omnis
884 1516 1101 1555 memoriae
1132 1529 1247 1554 reum
1277 1527 1358 1553 una
1389 1526 1468 1553 vox

82 1578 338 1617 innocentem
369 1576 498 1616 facit?
528 1577 812 1628 populatorem
844 1589 1148 1626 eversoremque
1180 1575 1358 1615 civitatis
1389 1575 1467 1614 nisi

85 1638 137 1677 ad
178 1650 410 1688 supremum
448 1637 665 1686 damnabo,
704 1637 949 1677 absolvatur.
1011 1636 1196 1688 publicus
1228 1649 1319 1675 reus
1351 1635 1467 1675 redit.

30 1711 66 1739 2⁵
179 1694 346 1747 ‘Illum',
376 1698 597 1749 respondit,
626 1695 749 1737 ‘diem
774 1694 987 1737 dedimus?
1032 1700 1078 1737 tu
1102 1699 1253 1746 tamen,
1285 1698 1320 1736 si
1345 1698 1469 1735 inter-
1488 1694 1542 1731 25

85 1759 263 1810 pellatus
300 1759 611 1810 tempestatibus
643 1761 771 1799 serius
802 1760 997 1808 venisses,
1036 1770 1246 1798 excusares
1285 1771 1396 1796 mare
1429 1759 1470 1796 et

86 1819 297 1872 ambiguos
334 1819 455 1859 flatus
493 1821 534 1859 et
570 1819 647 1858 tibi
691 1819 838 1859 bonam
877 1832 1041 1859 causam
1078 1819 1224 1858 habere
1262 1818 1468 1867 videreris,

184 1939 205 1972 2
232 1935 397 1981 superba
422 1935 508 1981 quis
533 1941 603 1970 Bt·
696 1940 719 1971 4
744 1947 901 1982 possum
924 1941 963 1970 Β
1053 1936 1092 1970 et
1118 1934 1247 1970 Klotz:
1275 1933 1342 1969 sed
1368 1949 1397 1967 ω

87 1988 110 2020 5
144 1985 198 2020 et:
226 1984 291 2020 sed
322 1983 406 2020 Obr.
509 1987 553 2019 10
579 1983 735 2030 fligatae
760 1990 807 2028 Β,
840 1994 911 2019 0011
936 1995 1039 2029 supr.
1060 1991 1084 2018 ὀ
1183 1984 1284 2018 stare
1310 1982 1382 2018 hoc
1407 1988 1478 2017 ΒΥ

89 2037 134 2068 11
161 2034 262 2068 certe
288 2044 356 2068 om.
378 2041 398 2075 β
495 2032 593 2068 ferre
620 2041 639 2075 β
737 2032 924 2068 extundat
948 2038 985 2067 Β
1096 2035 1139 2067 13
1166 2032 1266 2066 1111110
1291 2041 1412 2076 usque
1437 2036 1475 2065 Β

90 2084 135 2116 14
161 2082 311 2116 tantam
337 2090 357 2124 β
451 2101 454 2103 Δ
482 2084 525 2116 16
551 2081 696 2116 istarde
722 2087 767 2123 Β,
794 2083 832 2116 te
857 2092 959 2126 supr.
982 2087 1005 2115 1>
1122 2080 1218 2115 facit
1247 2086 1276 2114 1·
1368 2078 1470 2113 vide-

87 2128 196 2165 licet:
223 2129 370 2165 iudices
397 2136 475 2174 βΒ;
501 2129 584 2164 iudt
612 2135 655 2164 Μ
678 2131 707 2175 (t
732 2130 879 2165 videtur
905 2129 990 2165 add.
1012 2131 1067 2174 m)
1163 2132 1206 2163 17
1234 2139 1315 2164 esse
1341 2134 1378 2162 Β

92 2181 136 2214 18
168 2177 334 2225 11111718Ξῇ
366 2180 420 2224 (se
451 2178 599 2214 videtur
629 2179 693 2223 er.)
726 2184 753 2212 Γ
873 2182 916 2213 19
951 2177 1112 2212 rationis
1144 2183 1196 2221 B,
1232 2188 1325 2213 corr.
1353 2183 1376 2210 ὁ

2 2236 20 2277 ζ
91 2229 137 2262 20
163 2226 367 2262 adeone—
383 2226 605 2262 exciderunt
630 2238 698 2262 mn.
719 2233 799 2261 ΒΜ
822 2226 921 2273 (add.
943 2228 997 2272 m)
1078 2230 1121 2261 21
1150 2225 1416 2271 obstupuimus
1443 2239 1473 2258 ω

86 2278 234 2321 praeter
257 2281 295 2310 Β
403 2279 449 2310 22
476 2274 525 2310 ad
549 2274 729 2310 ultimum
755 2281 798 2310 M
900 2274 1122 2310 memoriae:
1148 2273 1331 2309 memoria
1358 2274 1415 2307 est
1436 2278 1478 2307 ,11

91 2334 165 2380 (vel
184 2335 239 2370 sic
258 2334 436 2370 ultimum
456 2335 578 2371 omnis
597 2336 802 2371 memoriae
819 2364 913 2370 .....
929 2334 1024 2370 facit
1042 2346 1144 2380 supr.
1156 2335 1211 2379 m)
1276 2337 1321 2368 24
1347 2324 1474 2368 reddit

91 2389 144 2478 z&
171 2383 287 2479 re)diit
306 2390 395 2426 Μβσ
500 2387 544 2419 25
571 2384 777 2429 respondet
797 2390 885 2426 Μβσ
990 2387 1035 2418 26
1061 2383 1209 2418 venisse
1230 2391 1249 2425 β
1346 2381 1477 2427 mare}

109 2443 126 2467 s
152 2444 199 2467 er.
237 2438 280 2467 M

166 2498 383 2532 Qvuwmum
402 2506 678 2526 nzcuuArxonzs
698 2500 745 2526 ed.
764 2500 788 2525 L
798 2507 813 2525 e
821 2499 841 2524 11
850 2508 869 2525 11
879 2507 894 2525 e
903 2502 946 2526 rt.
1214 2494 1256 2526 16
