1638 2560
173 131 230 173 22
623 124 805 162 CAECVS
831 123 884 159 IN
909 121 1081 158 LIMINE

127 250 132 254 ’
172 244 290 283 minis
323 243 391 293 qui
429 240 710 293 expugnandus
748 239 827 278 fuit
862 237 1070 289 parricidii
1102 235 1379 276 similitudine.
1441 247 1533 274 con-

169 306 285 356 gesta
324 305 415 342 sunt
453 302 639 341 adversus
676 301 862 339 miseram
900 298 1168 347 debilitatem,
1205 297 1374 347 ferrum,
1406 308 1534 345 cruor,

174 377 369 403 venenum
406 364 444 401 et
482 361 673 412 quicquid
708 374 788 399 non
825 360 959 410 potest
996 371 1080 398 esse
1118 357 1417 410 neglegentiae,
1455 356 1534 395 nisi

173 424 393 463 nescientis.
454 435 580 472 nemo,
611 422 774 470 iudices,
805 433 921 460 nemo
954 419 1186 471 diligentior
1217 417 1335 458 debet
1366 429 1450 457 esse
1483 416 1535 456 ad

174 485 325 524 facinus
358 496 477 533 quam
507 483 576 533 qui
606 481 867 533 parricidium
897 481 1032 531 potuit
1063 480 1193 519 facere
1226 490 1378 518 caecus.
1572 490 1589 518 5

261 543 418 583 Iuvenis
444 543 531 593 iste,
563 543 609 581 de
636 555 713 593 quo
740 553 896 581 summa
926 542 970 579 in
994 540 1113 579 rebus
1143 539 1330 578 humanis
1354 541 1534 591 monstra

172 604 391 656 finguntur,
430 605 512 642 eius
549 603 627 642 fuit
665 615 758 653 erga
788 603 975 653 parentes
1008 614 1163 652 semper
1201 599 1382 639 adfectus
1414 613 1535 650 quem

173 678 221 703 ne
257 665 318 703 fas
356 665 416 703 est
446 665 583 714 optare
615 663 662 702 de
699 662 844 701 liberis.
908 675 998 701 cum
1030 661 1172 700 domus
1203 660 1360 712 ignium
1394 662 1536 712 saepta

172 724 363 763 violentia
395 725 593 774 rapuisset
623 723 778 762 miseris
811 723 972 762 senibus
1005 713 1123 761 omne¹
1157 721 1425 772 praesidium,
1461 721 1535 760 illa

173 784 425 824 festinatione
458 797 536 834 qua
567 783 753 835 fugimus,
787 783 1045 834 erumpimus,
1076 783 1118 820 in
1149 782 1327 821 medium
1359 781 1535 821 cucurrit
1555 795 1590 822 ιο

127 845 131 847 “
172 845 405 883 incendium.
467 845 509 882 in
548 846 696 894 quanto
733 846 831 882 tunc
867 843 1044 895 periculo
1082 843 1162 882 fuit
1198 856 1333 882 rerum
1363 843 1534 881 naturae

172 904 328 955 pietas?
389 905 482 943 dum
519 905 589 943 diu
626 905 875 954 multumque
914 904 1111 943 attonitus
1150 904 1306 953 haeret,
1347 902 1443 942 dum
1483 903 1536 942 ad

174 967 385 1016 utrumque
417 965 590 1015 respicit,
622 965 673 1004 ad
703 966 915 1015 utrumque
949 964 1153 1014 discurrit,
1184 976 1311 1015 paene
1342 963 1535 1003 infelicis-

174 1027 292 1064 simos
323 1027 506 1075 parentes
536 1025 710 1075 perdidit
740 1025 903 1076 pietatis
929 1025 1165 1076 aequalitas.
1217 1031 1263 1064 ut
1288 1023 1431 1064 deinde
1455 1025 1534 1064 1111-

174 1086 355 1124 serrimos
387 1098 498 1124 senes
531 1086 701 1124 cluserat
732 1087 813 1124 iam
843 1086 1007 1136 propior
1040 1086 1145 1137 ignis
1177 1107 1237 1113 -—
1268 1085 1407 1124 audiat
1437 1085 1534 1125 licet
1553 1098 1587 1126 15

173 1145 300 1184 invita
332 1145 477 1196 pietas!
510 1167 566 1172 ——
597 1148 752 1196 patrem
782 1146 937 1185 iuvenis
969 1147 1101 1198 elegit,
1135 1148 1175 1185 et
1207 1146 1255 1186 de
1287 1146 1439 1197 pariter
1470 1159 1534 1186 ar-

174 1205 357 1244 dentibus
401 1206 503 1245 vices
547 1206 742 1257 disposuit
786 1207 974 1246 adfectus.
1042 1207 1207 1246 vixdum
1250 1207 1383 1258 posito
1427 1219 1534 1257 sene,

175 1278 261 1304 cum
293 1266 407 1304 illum
439 1279 594 1316 quoque
625 1267 861 1306 miraremur
892 1268 1141 1318 explicitum,
1172 1268 1320 1307 iterum
1349 1268 1533 1308 flammas

175 1327 347 1375 aperuit,
385 1327 424 1364 et
454 1327 627 1376 undique
666 1328 842 1367 coeuntis
879 1328 1053 1367 incendii
1089 1328 1268 1368 redditus
1307 1329 1437 1380 globis
1471 1342 1533 1368 ar-

127 1383 152 1419 3
177 1387 281 1424 serat
319 1386 489 1435 iuvenis,
530 1388 563 1425 si
598 1387 752 1426 tardius
789 1388 1028 1438 perdidisset
1065 1390 1210 1430 oculos.
1271 1389 1429 1429 facinus
1461 1391 1534 1439 est,
1553 1402 1589 1429 20

174 1445 339 1495 iudices,
371 1459 450 1485 non
479 1447 553 1486 hoc
585 1461 739 1498 quoque
770 1450 953 1488 maximis
986 1450 1197 1501 contigisse
1230 1450 1452 1501 conatibus,
1487 1452 1534 1489 ut

176 1508 396 1544 servaretur
422 1508 461 1544 et
485 1509 622 1546 mater.
673 1508 802 1547 minus
828 1511 963 1548 tamen
990 1510 1034 1549 in
1058 1509 1228 1561 utroque
1260 1511 1422 1561 fecerat,
1453 1511 1534 1550 nisi

175 1565 408 1614 perdidisset
434 1567 579 1606 oculos.
626 1568 798 1607 viderint
825 1571 893 1620 qui
918 1570 1046 1609 filium
1070 1572 1114 1609 in
1140 1584 1184 1610 eo
1210 1572 1340 1623 magis
1365 1573 1533 1622 parente

175 1625 380 1675 mirantur,
418 1627 459 1664 in
492 1629 600 1666 cuius
639 1628 807 1667 salutem
843 1630 986 1669 faciem
1018 1632 1234 1682 vultusque
1272 1632 1531 1684 consumpsit.

175 1685 280 1735 patri
310 1687 511 1735 praestitit
542 1689 773 1727 eaecitatem
805 1691 873 1740 qui
905 1692 1039 1730 amisit
1070 1693 1222 1743 oculos,
1257 1692 1355 1732 dum
1384 1693 1533 1744 repetit
1552 1706 1588 1734 25

176 1757 296 1794 quam
327 1745 550 1797 reliquerat,
583 1750 760 1787 matrem.

263 1805 354 1843 Non
380 1809 604 1858 expectetiS,
631 1812 780 1848 certum
798 1810 935 1861 habeo,
963 1812 1125 1864 iudices,
1150 1815 1197 1852 ut
1223 1827 1406 1854 excusem
1426 1814 1534 1865 quod

272 1982 289 2012 1
319 1981 604 2025 expugnandus:
633 1985 894 2030 expurgandus
915 1987 1070 2024 adnotat
1087 1989 1129 2025 in
1148 2001 1262 2037 mary.
1279 2004 1322 2025 m
1344 2038 1351 2046 ⁸
1378 1993 1399 2026 6
1425 2001 1534 2026 suma

173 2056 211 2105 ιζ
252 2097 260 2105 ⁰
305 2052 488 2094 monstrat
512 2059 546 2087 J
638 2058 656 2088 7
685 2066 794 2100 quem
819 2069 863 2092 ex
888 2070 984 2103 quae
1008 2067 1045 2094 B
1140 2065 1164 2098 8
1195 2051 1381 2099 deliberts
1406 2069 1459 2108 B3
1486 2062 1533 2098 de

173 2097 280 2133 libris
308 2105 343 2132 P
432 2103 474 2134 12
503 2101 552 2135 ad
575 2103 774 2148 utrumque
799 2106 953 2151 respicit
985 2119 1050 2143 om.
1072 2116 1117 2153 B,
1143 2122 1244 2156 supr.
1267 2118 1290 2146 ὀ
1385 2115 1429 2148 13
1457 2111 1535 2147 dis-

174 2146 306 2182 currit:
341 2146 505 2182 decurrit
529 2155 563 2183 J
670 2163 805 2196 paene:
838 2165 936 2198 pane
962 2162 997 2190 P
1117 2162 1160 2193 15
1187 2159 1367 2196 cluserat:
1404 2159 1466 2196 clu
1491 2162 1534 2196 in

172 2205 287 2241 mary.
325 2195 390 2241 (du
423 2196 538 2240 fuisse
571 2198 726 2246 videtur>
763 2207 811 2244 1¹3
853 2202 1040 2239 clauserat
1077 2206 1261 2244 Seldensis
1384 2211 1429 2244 18
1463 2209 1534 2244 mi-

172 2252 299 2301 rafx‘imr
325 2273 360 2301 P
461 2271 505 2302 20
539 2269 821 2317 ssi—porrigere
855 2286 889 2318 p.
911 2278 971 2319 23,
987 2280 1033 2312 19
1072 2279 1202 2315 desunt
1235 2281 1278 2315 in
1313 2287 1340 2316 S
1376 2281 1534 2318 dimidio

172 2314 258 2368 [olii
274 2315 438 2369 ,abscisso
535 2320 580 2351 24
608 2321 837 2374 consumpsit
857 2329 904 2366 M,
931 2325 972 2359 in
994 2337 1109 2373 mary.
1135 2327 1194 2362 vel
1220 2329 1465 2375 consumpsit,
1491 2331 1535 2365 ut

171 2361 228 2396 ibi
253 2363 304 2418 eit
326 2364 487 2418 metrum
514 2378 555 2398 m
647 2370 690 2402 26
716 2368 944 2414 reliquaerat
969 2379 1004 2406 Β
1095 2379 1137 2409 27
1166 2377 1374 2422 expectatis
1401 2384 1490 2421 Μβιῒ

172 2410 231 2445 111;
257 2411 343 2447 hmo
367 2415 502 2458 znczpzt
526 2418 554 2446 V
