1638 2560
186 146 274 189 130
625 142 860 180 CORPORIS
887 139 1112 178 PROIECTI

182 273 293 310 rens,
325 259 425 298 nihil
455 259 595 308 refert,
632 258 701 297 ubi
733 258 786 297 sit
816 257 884 295 ille
916 256 987 307 qui
1017 255 1202 304 adiuvat,
1235 253 1332 306 quia
1362 264 1553 305 praesens

186 332 281 360 cura
319 319 542 368 exhibetur,
575 318 770 369 quidquid
800 318 877 356 tibi
909 330 983 368 ego
1020 315 1226 367 praestiti,
1265 314 1316 353 ad
1348 315 1554 354 auctorem

185 382 371 430 muneris,
402 380 444 418 id
470 381 541 429 est,
573 379 624 417 ad
648 379 939 429 redemptorem
964 390 1098 416 meum
1128 375 1452 415 transferendum
1479 375 1551 414 est.

187 454 267 480 non
293 439 439 490 adsedi,
471 452 551 478 non
578 439 804 478 consolatus
837 451 938 488 sum,
969 450 1051 476 11011
1082 436 1323 486 ministravi,
1355 448 1438 475 non
1461 435 1553 485 tuli,

186 514 265 540 non
296 501 465 551 denique
497 501 606 539 totus
638 499 714 539 tibi
744 498 882 538 redivi.
1590 508 1607 535 5

115 576 163 613 21
273 560 423 600 Verum
455 560 664 599 fatendum
690 562 761 610 est,
793 559 827 598 si
858 559 1058 598 desertam
1082 560 1123 597 te
1154 558 1286 608 putas,
1316 569 1406 596 mea
1431 555 1554 607 culpa

186 624 255 661 est.
319 621 386 660 sed
417 621 499 659 iam
529 623 687 670 tempus
726 621 788 659 est
823 619 904 659 ista
936 632 1037 669 quae
1068 631 1149 658 non
1187 618 1377 658 excusata
1407 616 1555 656 debent

185 682 324 731 videri,
355 694 494 720 verum
524 681 691 732 pulchra
724 682 846 731 atque
877 679 1102 731 magnifica,
1137 679 1270 718 animo
1301 678 1454 717 maiore
1485 676 1553 716 de-

185 742 343 781 fendere
376 743 427 791 et,
459 754 548 780 cum
579 741 772 780 iudicium
804 743 950 792 agatur
981 740 1166 790 exempli,
1196 738 1362 778 tandem
1389 749 1553 778 causam

185 807 308 841 suam‘
321 794 563 854 intellegere.
614 803 689 840 hoc
714 802 857 840 saltem
882 800 1059 850 habebis,
1091 799 1313 839 miserrime
1337 798 1410 848 fili,
1442 798 1549 850 quod
1571 811 1608 838 ιο

184 863 391 902 honoratis
423 862 650 914 contingere
682 861 890 900 funeribus
923 862 1036 911 solet,
1068 861 1280 900 defunctus
1311 859 1552 899 laudaberis.

186 925 318 962 omnia
360 923 455 962 licet
496 923 574 961 huc
616 935 844 962 revocemus
887 923 1124 972 praeterita,
1175 923 1216 960 et
1259 921 1310 961 ad
1354 919 1553 960 canendas

185 984 302 1023 unius
339 983 478 1022 laudes
516 983 793 1022 universorum
823 984 963 1022 vatum
1001 983 1320 1033 scriptorumque
1359 993 1430 1020 ora
1461 993 1554 1020 con-

186 1044 378 1093 sentiant,
409 1044 543 1082 vincet
578 1045 714 1082 tamen
745 1056 808 1082 res
844 1044 925 1082 ista
965 1043 1077 1082 mille
1115 1043 1293 1094 linguas,
1330 1041 1552 1093 ipsamque,

186 1105 219 1144 si
258 1105 310 1143 sit
347 1104 484 1154 aliqua
521 1116 683 1154 corpore
724 1116 821 1153 uno,
858 1104 1088 1143 facundiam
1124 1102 1297 1142 materia
1333 1101 1553 1153 superabit,
1572 1110 1609 1140 1⁵

185 1165 343 1203 etiamsi
374 1164 475 1202 nihil
507 1164 653 1213 dixero,
684 1165 763 1203 nisi
788 1164 895 1215 quod
926 1163 1125 1203 obiectum
1151 1165 1223 1203 est.
1273 1163 1403 1203 lucem
1421 1162 1552 1202 -liber-

184 1226 387 1275 tatemque
412 1225 520 1275 patri
545 1224 651 1263 filius
675 1224 861 1274 reddidit,
897 1227 947 1274 et,
974 1224 1082 1276 quod
1107 1225 1200 1263 ante
1224 1223 1455 1263 inauditum
1479 1223 1553 1273 est,

185 1286 313 1336 magis
344 1298 408 1324 me
447 1285 598 1324 amavit
630 1298 751 1336 quam
782 1285 936 1324 vellem.
999 1286 1202 1337 ingressus
1235 1286 1296 1324 est
1325 1285 1472 1334 maria,
1509 1283 1552 1322 in

185 1346 328 1396 quibus
359 1346 441 1384 iam
477 1345 687 1384 minimum
717 1346 886 1396 periculi
921 1347 1140 1396 tempestas
1171 1345 1311 1395 habet,
1350 1346 1407 1394 et,
1445 1343 1554 1395 quod

183 1406 288 1444 inter
319 1406 399 1444 ista
424 1405 706 1444 difficillimum
737 1408 807 1455 est,
839 1419 973 1445 amore
1005 1407 1085 1445 mei
1110 1406 1208 1445 vicit
1233 1406 1357 1445 etiam
1381 1407 1554 1444 matrem
1572 1416 1611 1443 ao

185 1478 310 1505 suam.
360 1467 460 1515 tace,
492 1466 653 1504 nefaria·
677 1466 834 1518 lingua:
867 1480 960 1518 ergo
992 1469 1037 1506 tu
1068 1468 1148 1506 ista
1179 1464 1348 1505 laudas?
1404 1465 1554 1505 obtulit

185 1538 226 1565 se
252 1527 491 1576 captivitati,
518 1527 612 1577 quia
638 1526 788 1565 sciebat
813 1541 933 1578 grave
960 1540 1044 1566 esse
1070 1528 1248 1579 alligari:
1279 1526 1399 1566 malis
1423 1526 1553 1578 patris

186 1587 383 1625 successit.
446 1587 553 1625 subit
598 1587 726 1626 libens
778 1600 948 1637 poenam
992 1588 1122 1639 pietas
1166 1589 1291 1626 etiam
1340 1586 1553 1626 sceleribus

186 1659 359 1698 gravem.
408 1648 457 1685 tu
487 1648 641 1696 melius,
674 1660 783 1697 uxor,
815 1661 917 1698 quae
949 1649 1151 1687 facturum
1182 1647 1395 1687 retinebas.
1447 1659 1552 1687 com-

184 1708 324 1757 parate
362 1719 483 1756 nunc,
521 1708 554 1746 si
586 1709 675 1758 quis
713 1710 869 1758 patrem
905 1721 977 1759 per
1014 1709 1148 1748 hostes
1186 1709 1295 1748 solus
1331 1708 1445 1758 tulit,
1478 1709 1554 1759 ¹qui
1572 1718 1611 1745 25

186 1779 275 1805 cum
313 1767 514 1805 venientia
549 1767 592 1805 in
623 1769 780 1818 patrem
810 1769 893 1807 tela
930 1770 1164 1819 excepisset,
1207 1768 1381 1820 simplici
1417 1770 1555 1808 tamen

184 1828 312 1866 morte
345 1826 553 1866 defunctus
579 1830 649 1866 est.
699 1842 822 1867 unum
853 1829 1022 1880 legimus
1048 1830 1118 1880 qui
1143 1831 1314 1869 vicarias
1338 1841 1413 1881 pro
1437 1830 1554 1880 patre

185 1899 264 1927 non
302 1887 463 1937 quidem
505 1889 648 1938 piratis
688 1891 758 1927 aut
793 1891 895 1927 mari
939 1902 1080 1929 manus
1118 1890 1328 1939 obtulerit,
1372 1889 1441 1929 sed
1483 1888 1556 1928 ubi

283 2053 303 2084 2
331 2050 446 2096 cura}
470 2056 513 2084 M
618 2055 703 2087 ante
729 2051 778 2086 ad
805 2051 889 2087 add.
918 2051 995 2088 filio
1020 2059 1072 2097 B3
1104 2053 1174 2088 filii
1205 2059 1233 2088 V
1338 2051 1388 2088 ad
1413 2064 1479 2090 om.
1508 2059 1554 2098 P,

184 2108 285 2143 supr.
310 2111 339 2137 p
437 2100 459 2132 4
490 2109 565 2133 non
590 2098 678 2135 tuli:
705 2111 795 2134 num
820 2099 892 2135 tuli
913 2107 955 2135 M
1050 2106 1069 2136 5
1100 2101 1227 2137 redibi
1244 2108 1291 2146 B,
1316 2101 1341 2137 b
1368 2101 1436 2138 del.
1457 2108 1481 2136 b

187 2149 206 2180 7
233 2145 309 2181 ista
335 2156 402 2181 om.
423 2152 479 2190 M,
504 2158 605 2191 supr.
626 2161 668 2182 m
766 2150 944 2183 accusata
970 2155 1013 2183 M
1109 2153 1153 2185 10
1186 2150 1319 2186 hoc—
1334 2149 1555 2196 confingere

185 2205 252 2238 om.
272 2200 318 2238 Β,
345 2194 386 2228 in
406 2205 519 2240 mary.
546 2196 732 2240 superiore
757 2196 842 2231 add.
865 2204 887 2230 b
980 2197 1108 2233 saltim
1139 2205 1167 2233 V
1261 2202 1303 2234 11
1333 2197 1554 2234 defunctum

183 2241 398 2278 laudaveris
427 2248 455 2275 V
536 2247 579 2278 15
606 2244 797 2289 superavit
827 2251 855 2278 V
930 2249 972 2280 17
1000 2246 1118 2291 patri:
1144 2246 1158 2281 i
1184 2248 1225 2282 in
1250 2258 1323 2283 ras.
1352 2247 1390 2293 (2
1409 2247 1494 2293 litt.)
1513 2251 1559 2282 M

185 2293 230 2326 18
257 2300 388 2335 quam:
421 2290 487 2335 qd'
516 2297 552 2325 P
672 2295 715 2326 19
740 2292 952 2329 minimum:
985 2294 1045 2329 vel
1070 2295 1230 2330 nimium
1254 2294 1314 2331 vel
1342 2294 1553 2339 minimum,

183 2339 385 2384 utrumque
411 2340 469 2373 est
493 2338 634 2374 bonum
658 2354 700 2374 m
725 2340 766 2375 in
785 2352 899 2388 mary.
998 2342 1208 2388 periculum
1234 2350 1270 2378 P
1366 2346 1411 2379 20
1436 2353 1497 2378 me
1518 2348 1559 2378 B

185 2390 229 2421 21
262 2397 339 2422 11011
362 2385 503 2421 laudas
530 2393 573 2422 M
595 2388 648 2434 (in
680 2387 765 2423 aliis
797 2400 872 2424 non
898 2389 1059 2426 habetur
1084 2402 1159 2426 non
1184 2405 1227 2426 m
1258 2392 1301 2427 in
1323 2392 1456 2439 Μαίνῃ.)

186 2438 230 2470 26
257 2435 365 2481 patre
389 2439 459 2469 BV
