1638 2560
500 125 818 163 DECLAMATIO
844 125 931 161 XIX
949 130 1056 162 4-6.
1380 127 1468 170 341

90 239 198 291 quod
241 239 319 280 sibi
355 240 544 280 videntur
588 240 708 280 aliter
751 254 832 280 non
875 254 991 292 posse
1034 241 1227 281 misereri.
1288 255 1371 281 non
1409 245 1470 282 est

91 300 200 351 quod
229 313 301 340 vos
333 300 384 340 ab
417 301 698 341 aestimatione
729 302 925 341 malorum
960 314 1142 341 meorum
1166 303 1329 342 mollior
1354 316 1470 342 sexus

91 360 277 400 abducat.
338 362 505 401 maioris
537 362 718 402 adfectus
751 364 824 412 est,
857 362 986 401 filium
1019 362 1196 403 occidere
1230 376 1351 414 quam
1382 364 1470 404 vin-

90 421 235 462 dicare.
286 422 422 462 desine
446 423 574 475 igitur
598 436 674 474 me,
699 423 857 473 mulier,
883 424 1058 475 fatigare
1083 424 1469 476 interrogationibus

54 494 72 522 5
90 482 185 522 tuis.
235 483 296 522 ita
327 483 405 522 tibi
435 496 517 522 non
547 484 708 524 videtur
740 484 875 523 omnia
905 484 1145 535 respondere
1176 498 1251 535 pro
1282 485 1367 524 filio
1401 485 1470 535 qui

90 542 207 582 dicit:
247 539 431 583 ‘occidiP'
497 546 537 583 et
567 545 664 584 licet
696 544 1014 595 comprimantur
1044 546 1367 596 exclamationes,
1399 558 1470 585 ora

54 609 72 625 ·
90 603 341 654 claudantur,
379 604 482 644 1111111
520 607 643 657 negat
676 605 746 655 qui
777 606 852 645 hoc
890 606 1053 644 fatetur.
1116 606 1261 656 atquin
1296 619 1469 646 summo·
1516 614 1519 617 ⁴

88 677 181 703 rum
211 664 437 704 facinorum
460 665 551 716 ipsa
575 666 793 705 inmanitas
819 667 1050 706 innocentia
1076 669 1145 706 est.
1196 667 1328 706 filium
1353 668 1471 718 pater

89 737 171 764 non
203 724 384 776 demens,
422 739 503 765 non
541 726 706 766 insanus
745 726 883 766 occidi.
946 727 1150 767 hominem
1186 729 1299 767 extra
1331 740 1470 767 sensus

35 797 71 825 10
90 785 350 836 adfectusque
375 787 555 837 positum
575 789 757 838 quisquis
783 800 889 827 nunc
907 789 1132 838 miseretur,
1153 789 1309 828 occidit.
1354 788 1467 828 vides
1493 800 1518 837 6

90 857 225 885 senem
245 849 440 898 sanguine
466 860 538 887 suo
563 848 753 887 fluentem
778 848 965 888 laceratis
992 850 1222 899 exustisque
1247 850 1330 888 illis
1357 862 1470 889 sanc-

88 906 260 947 tioribus
292 908 592 959 carioribusque
621 909 840 949 visceribus
873 922 992 960 super
1024 910 1218 950 exanimis
1250 910 1359 949 unici
1385 923 1471 950 cor-

88 979 167 1018 pus
211 969 387 1008 cruentis
431 970 615 1009 manibus
659 968 886 1009 iacentem?
949 970 1001 1009 ad
1046 970 1244 1020 quaedam
1288 971 1470 1010 facinora

90 1027 241 1068 sufficit
271 1029 456 1068 claudere
489 1030 642 1080 oculos,
674 1031 812 1070 vultus
844 1032 1043 1081 avertere,
1074 1032 1225 1081 tacere,
1257 1031 1398 1071 mirari
1430 1033 1470 1070 et

35 1100 70 1128 15
88 1088 335 1128 incredibilis
368 1091 619 1130 calamitates
650 1092 878 1141 relinquere
910 1092 993 1131 suis
1026 1092 1167 1131 causis.
1229 1093 1373 1131 horreo
1406 1105 1470 1131 ca-

90 1148 213 1189 daver
255 1152 295 1189 et
332 1151 444 1190 velut
485 1164 655 1202 corpora
694 1165 796 1202 quae
838 1152 1020 1192 caelestis
1063 1153 1311 1192 exanimavit
1350 1154 1470 1205 ignis,

91 1209 201 1249 adire
232 1211 399 1261 propius
430 1213 566 1251 timeo.

179 1270 381 1321 Miserere,
412 1286 462 1311 ne
488 1273 587 1323 quid
619 1273 794 1324 amplius
820 1286 1004 1324 quaeras,
1036 1287 1085 1312 ne
1113 1274 1208 1324 quid
1234 1275 1468 1326 interroges.

90 1330 292 1370 dicturum
322 1346 386 1372 me
417 1335 556 1383 putas:
597 1331 731 1387 ‘parce
770 1334 948 1383 saeculo⁷
988 1346 1108 1384 parce
1146 1335 1312 1384 marito,
1350 1347 1470 1384 parce

34 1404 70 1431 so
88 1389 244 1442 patri'?
292 1393 338 1431 tu
364 1406 458 1432 vero
484 1406 603 1444 parce
629 1394 691 1432 illi
717 1395 788 1444 qui
814 1396 964 1434 occisus
992 1396 1062 1433 est.
1113 1407 1275 1444 novum,
1307 1395 1470 1445 iudices,

89 1453 224 1492 uxoris
261 1454 305 1491 in
342 1455 490 1493 marito
535 1455 685 1493 crimen
723 1454 870 1494 audite.
935 1455 1140 1494 silentium
1179 1457 1257 1505 est,
1302 1455 1350 1494 de
1390 1468 1468 1505 quo

90 1514 308 1563 quaeritur.
370 1514 525 1553 solebat
555 1515 782 1566 indignatio
815 1517 949 1555 vestra
982 1517 1162 1555 convicia
1193 1517 1333 1555 nostra
1365 1517 1468 1554 ferre

90 1586 170 1612 11011
201 1586 330 1624 posse,
362 1576 403 1613 et
433 1576 671 1615 matronalis
703 1575 930 1628 indignatio
962 1576 1093 1615 dicere
1126 1577 1355 1616 videbatur:
1388 1590 1469 1615 non

89 1635 221 1684 parcis
255 1647 350 1685 erga
381 1647 463 1685 me,
497 1637 659 1686 marite,
692 1636 842 1686 verbis,
875 1637 1030 1676 nullam
1061 1638 1184 1676 habet
1214 1638 1344 1676 nostri
1374 1639 1468 1676 tuus

36 1707 71 1734 25
92 1706 222 1733 sermo
258 1697 544 1746 reverentiam,
583 1697 703 1736 facile
739 1699 967 1748 prorumpis
999 1699 1042 1736 in
1075 1698 1310 1748 opprobria,
1349 1699 1468 1737 facile

92 1754 199 1804 quod
224 1754 324 1794 libet
350 1755 486 1806 obicis,
519 1757 730 1807 exclamas,
763 1760 803 1797 et
829 1758 923 1797 dum
949 1759 1120 1797 nimium
1151 1758 1332 1798 libertati
1358 1760 1468 1798 vocis

88 1814 295 1866 indulges,
332 1818 468 1866 potest
498 1818 671 1868 populus
703 1818 881 1869 aliquem
914 1819 961 1857 de
993 1832 1056 1858 me
1091 1819 1222 1858 facere
1254 1833 1467 1858 rumorem.

89 1876 153 1925 tu,
191 1876 349 1926 mulier,
388 1877 511 1916 obicis
550 1879 651 1917 mihi
687 1892 772 1917 rem
810 1893 913 1930 quae
951 1879 1056 1918 nulli
1092 1893 1270 1930 unquam
1309 1881 1468 1919 crimini

90 1935 182 1985 fuit,
214 1937 341 1975 solam
372 1937 413 1975 111
446 1939 594 1978 nostris
625 1939 802 1978 moribus
834 1940 1107 1979 innocentiam
1132 1953 1227 1979 voce
1256 1940 1467 1991 reprehen-

211 2068 232 2099 4
259 2075 319 2099 me
345 2076 412 2100 om.
447 2071 475 2099 V
569 2069 613 2101 10
638 2066 842 2102 miseratur
868 2076 916 2110 βᾶ
1015 2067 1147 2103 videns
1174 2074 1211 2102 P
1308 2072 1349 2102 11
1379 2079 1467 2103 exu-

91 2135 219 2182 tisque
234 2137 487 2173 sanctioribus
507 2144 535 2172 V
605 2143 649 2174 12
671 2127 830 2175 effnimis
845 2146 882 2174 Β
955 2144 998 2175 13
1014 2140 1064 2175 ad
1078 2140 1267 2186 quaedam
1282 2161 1326 2166 —
1343 2140 1467 2175 causis

85 2213 171 2253 post
195 2208 311 2244 timeo
338 2210 508 2245 exhibent
532 2225 579 2255 ως
606 2215 746 2258 transp.
769 2213 848 2249 Sch.
955 2212 1145 2258 quendam
1171 2219 1198 2247 V
1293 2216 1336 2247 14
1363 2200 1466 2247 {ltus

90 2262 127 2291 B
218 2257 412 2293 advertere
439 2264 482 2293 M
574 2263 621 2314 ·15
648 2259 891 2296 incredibiles
918 2267 1007 2303 Μβύ
1108 2261 1231 2296 causis
1258 2272 1325 2296 om.
1354 2267 1397 2304 P,
1424 2263 1466 2296 in

89 2339 205 2376 marg.
220 2330 306 2365 add.
320 2345 348 2371 p
424 2335 467 2366 17
482 2320 622 2378 pr0p¹us
642 2338 669 2366 V
726 2336 770 2367 22
787 2332 961 2378 dignatio
972 2333 1051 2369 Sch.
1117 2337 1161 2368 25
1176 2333 1380 2379 obpropria
1390 2338 1470 2367 ΒΜ

91 2380 135 2411 27
161 2379 248 2423 post
279 2384 307 2413 V
376 2382 421 2414 28
446 2391 627 2425 umquam
653 2391 720 2416 om.
749 2388 776 2415 V
845 2385 889 2416 2¹.)
916 2381 990 2416 fuit
1015 2382 1223 2427 humquam
1244 2381 1363 2416 solam
1398 2387 1421 2414 1·

91 2424 172 2461 sola
182 2426 262 2463 Sch.
338 2427 476 2463 nostris
491 2439 559 2464 om.
574 2435 617 2473 P,
632 2440 732 2475 supr.
746 2444 774 2470 p
848 2440 938 2465 voce
952 2442 997 2466 ex
1010 2441 1102 2465 voca
1116 2436 1153 2465 Β
1222 2439 1431 2475 repressam
1447 2437 1466 2470 β
