1638 2560
501 102 823 140 DEGLAMATIO
849 102 936 138 XIX
955 106 1061 138 2—4.
1388 101 1476 144 339

96 220 182 270 illo,
213 220 357 270 fateor,
388 219 486 258 dum
515 232 579 258 me
604 219 742 258 variae
774 219 1041 270 cogitationes
1072 231 1146 268 per
1175 216 1303 256 totius
1335 216 1477 256 domus

97 281 233 333 spatia
262 281 553 332 circumagunt,
586 281 785 330 quantum
816 279 1059 331 intellegere
1080 278 1215 327 licuit,
1247 278 1476 328 inprovisus

98 341 253 382 adveni.
316 343 358 380 et
394 341 464 380 ille
502 340 665 391 quidem
709 339 761 378 ad
798 341 1055 390 conspectum
1095 352 1230 378 meum
1266 340 1474 388 tamquam

97 402 365 454 deprehensus
397 401 596 452 obstipuit
625 401 858 453 refugitque
889 399 1090 451 trepidus,
1122 401 1241 450 puto,
1272 411 1322 438 ne
1355 411 1475 449 quae-

61 477 79 505 5
96 476 226 503 rerem
263 475 438 502 causam.
500 463 688 512 inrumpo
725 462 982 510 festinanter,
1022 460 1156 510 avide,
1195 460 1280 499 sine
1318 460 1476 509 liberto,

98 525 184 564 sine
212 523 384 575 servulo,
417 523 521 562 sicut
545 536 609 561 me
635 521 952 572 deprehenderat
976 522 1170 571 temporis
1196 521 1307 559 illius
1333 521 1476 570 fatum,

97 583 302 634 manibus,
338 583 485 623 ictibus
524 585 566 622 et
603 595 864 633 quaecunque
904 596 951 622 ex
989 582 1117 621 obviis
1155 581 1271 621 dolor
1300 582 1344 620 ‘m
1375 581 1475 620 telo-

96 658 188 684 rum
229 645 495 684 tmnstulerat
538 656 651 694 usus,
695 643 805 682 ultra
841 643 947 683 vires
985 643 1202 682 senectutis
1242 642 1476 694 adgressus:

95 705 209 758 ignes
235 718 283 744 ex
306 705 490 756 proximo
515 706 667 755 raptos,
691 703 859 743 verbera
885 716 988 754 quae
1014 716 1129 743 casus
1155 703 1370 752 obtulerat,
1395 715 1475 742 non

43 779 79 807 ιο
97 765 227 806 diviso
247 765 397 815 dolore,
418 779 499 805 non
518 778 591 816 per
608 766 745 816 partes
764 778 837 804 nec
856 778 928 815 per
946 764 1163 803 intervalla
1182 775 1387 814 suspenso,
1406 763 1476 803 sed

97 827 238 876 semel,
270 826 340 866 sed
370 826 524 877 pariter
554 825 713 865 invado.
775 838 869 876 pars
902 825 1045 864 secreti
1075 825 1167 875 fuit,
1198 826 1245 863 ut
1275 825 1361 875 ipse
1392 825 1475 863 tor-

96 899 271 938 querem.
333 887 392 926 dii
422 887 673 926 inmortales!
712 899 815 937 quae
848 887 1119 935 contumacia,
1152 898 1254 935 quae
1286 886 1369 924 fuit
1398 885 1473 924 illa
1497 883 1524 922 4

95 947 313 998 patientia,
356 960 447 987 cum
485 947 594 986 domi
630 949 887 997 torqueretur
924 959 948 985 a
985 948 1119 997 patre,
1162 959 1243 985 non
1286 947 1474 985 invocare

95 1006 295 1048 matrem?
356 1020 437 1047 non
474 1009 718 1060 repugnavit
754 1007 929 1056 iuvenis,
972 1020 1053 1046 non
1092 1008 1282 1058 opposuit
1318 1019 1474 1057 manus,

42 1082 76 1109 15
95 1069 255 1108 nullum
300 1069 523 1120 inploravit
566 1068 772 1107 auxilium.
833 1069 975 1107 mersis
1025 1069 1184 1106 tantum
1230 1067 1474 1117 deiectisque

95 1129 333 1179 luminibus,
370 1131 579 1179 tamquam
617 1142 810 1179 umquam
849 1129 1012 1180 flagella
1050 1129 1326 1178 sustinuisset,
1369 1130 1472 1167 tam-

95 1203 218 1241 quam
248 1191 348 1229 meis
379 1192 635 1240 torqueretur
666 1190 811 1239 oculis,
849 1202 985 1229 omnes
1016 1190 1120 1228 ictus
1153 1190 1309 1239 excepit
1339 1190 1382 1227 in
1414 1189 1473 1227 fa-

96 1251 215 1290 ciem:
246 1250 490 1300 verberibus,
515 1250 676 1302 ignibus
701 1250 888 1289 laudatos
914 1250 1063 1300 vultus,
1085 1250 1196 1289 velut
1220 1250 1303 1288 fflis
1327 1251 1473 1301 irasce-

94 1313 223 1361 retur,
267 1312 466 1362 opposuit.
527 1310 650 1350 reddo
688 1311 965 1350 testimonium
1008 1311 1272 1350 novissimum
1316 1310 1474 1360 pudori,

41 1385 76 1412 ιο
97 1385 188 1411 cum
217 1373 301 1411 iam
331 1373 435 1411 mori
466 1371 607 1421 vellet,
639 1373 791 1410 occisus
825 1374 894 1410 est.
958 1371 1090 1420 laudo,
1122 1371 1284 1420 iudices,
1316 1371 1473 1421 patien-

94 1433 196 1472 tiam
226 1433 383 1482 matris,
416 1445 507 1471 cum
538 1434 579 1470 et
609 1433 700 1482 ipsa
731 1445 888 1482 semper
918 1432 1139 1482 plurimum
1165 1433 1270 1471 esset
1294 1430 1405 1470 domi
1434 1433 1474 1470 et

95 1493 147 1532 ab
171 1493 244 1532 illo
270 1494 422 1532 secreto
447 1493 618 1532 fortasse
644 1505 725 1531 non
749 1493 880 1544 longe,
910 1493 1154 1531 intervenire
1180 1492 1323 1541 noluit,
1349 1492 1472 1531 inter-

93 1553 246 1603 pellare
277 1566 359 1592 non
391 1566 490 1592 ausa
521 1555 591 1592 est.
642 1553 711 1592 sed
737 1554 778 1592 et
808 1553 992 1592 manibus
1024 1554 1123 1592 meis
1155 1553 1339 1604 gratulor
1365 1551 1473 1603 quod

95 1627 175 1653 non
212 1615 462 1665 propinquus
502 1614 668 1664 aliquis,
706 1626 785 1652 non
820 1614 971 1653 amicus
1008 1614 1175 1664 inrupit.
1238 1613 1472 1652 occidissem

40 1687 76 1714 25
97 1675 279 1724 quisquis
311 1687 374 1713 me
405 1676 502 1713 tunc
535 1686 655 1713 ausus
693 1674 836 1713 fuisset
867 1674 1115 1726 interrogare
1150 1686 1223 1724 pro
1255 1673 1349 1713 fih'o.
1413 1687 1471 1713 se-

94 1734 219 1785 pelivi
256 1737 392 1774 tamen
429 1735 563 1774 lacera
594 1735 793 1784 membra,
830 1735 952 1774 funus
983 1735 1152 1783 indulsi,
1192 1746 1281 1774 ossa
1313 1735 1470 1786 collegi.

95 1807 174 1835 non
206 1795 346 1834 iniecit
370 1807 470 1834 uxor
500 1795 649 1834 lectulo
675 1808 851 1844 manum,
883 1808 963 1835 non
988 1797 1095 1834 inter
1121 1796 1309 1845 exequias
1334 1796 1471 1846 planc-

192 1938 210 1970 1
237 1934 306 1970 illo
333 1935 357 1979 ᾷ
382 1940 421 1979 V,
448 1934 550 1970 illa?
575 1941 630 1978 Μ,
657 1934 724 1970 illo
750 1949 792 1970 m
891 1935 1057 1971 cotiones
1084 1941 1111 1969 V
1205 1938 1225 1970 2
1253 1935 1379 1981 spatia
1405 1934 1471 1970 do-

93 2019 176 2043 mus
200 2013 243 2042 M
332 1995 452 2053 untu
477 2014 515 2042 Β
593 2011 613 2042 3
642 2007 798 2043 advenit
823 2014 865 2043 Μ
942 2011 964 2042 4
991 2007 1191 2053 obstupuit
1218 2015 1266 2050 βᾶ
1341 2011 1360 2042 6
1389 2007 1469 2043 sine

93 2067 160 2092 om.
186 2062 216 2091 V
308 2055 453 2091 factum
477 2062 570 2100 ΒΜ,
597 2067 617 2091 c
643 2056 710 2092 del.
731 2062 769 2091 Β
876 2060 896 2091 9
923 2057 1058 2102 {quae
1085 2062 1128 2091 Μ
1236 2055 1409 2091 nodiviso
1435 2062 1472 2090 Β

95 2107 140 2140 10
164 2106 294 2151 partes
320 2116 365 2140 ex
388 2106 517 2150 patres
543 2110 580 2140 Β
659 2115 734 2140 non
760 2115 829 2151 per
852 2103 1054 2140 intervalla
1080 2110 1123 2139 M
1194 2114 1395 2150 suspensos
1421 2119 1468 2149 ως

92 2188 185 2214 corr.
207 2185 228 2212 ς
303 2181 345 2212 11
367 2187 472 2222 pars:
493 2187 562 2222 per
586 2183 625 2221 νς
644 2187 715 2220 par
728 2183 754 2212 S
831 2180 874 2212 13
895 2164 977 2213 οδω
991 2183 1029 2212 Β
1101 2177 1317 2212 dominator
1336 2187 1467 2223 quere-

92 2263 155 2296 tur
179 2267 207 2295 V
274 2262 514 2306 torqueretur
532 2267 577 2304 B,
599 2272 640 2297 re
657 2273 758 2307 suffr.
775 2269 798 2296 b
873 2265 917 2297 16
944 2272 1139 2308 nunquam
1159 2268 1201 2296 M
1271 2227 1467 2306 tamqueaim

94 2308 148 2346 eis
172 2315 201 2344 V
278 2313 320 2345 17
349 2310 469 2346 omnis
490 2315 559 2344 BV
634 2312 678 2344 18
704 2309 781 2345 illis
808 2311 850 2345 in
868 2321 941 2346 ras.
964 2316 1006 2344 Μ
1083 2313 1127 2345 20
1154 2311 1234 2345 tam
1260 2325 1306 2354 ως
1333 2321 1423 2346 corr.
1447 2317 1468 2343 ς

94 2361 138 2393 21
172 2368 218 2393 ex
243 2364 293 2401 Β,
321 2360 360 2394 et
384 2365 407 2392 b
530 2367 677 2404 semper
708 2370 775 2394 om.
801 2364 837 2393 P
956 2361 1001 2393 25
1033 2369 1093 2393 me
1118 2369 1251 2404 rogare
1279 2364 1334 2400 M,
1367 2358 1468 2392 inter

92 2417 194 2452 supr.
214 2420 257 2441 ιιι

1177 2467 1247 2501 22*
