1638 2560
504 131 824 169 DEGLAMATIO
848 131 884 167 H
905 135 1058 168 16—18.
1414 131 1474 176 35

92 247 240 287 vulnus
277 247 334 287 sit
367 260 528 287 neeesse
565 250 627 287 est
664 249 779 287 cuius
815 247 1013 299 impetum
1050 260 1132 286 non
1168 246 1310 300 regitis
1349 247 1475 297 oculi3

92 320 167 348 nee
195 309 327 360 possis
358 307 561 348 custodire
587 308 837 348 destinatum
868 308 975 348 ferro
1006 308 1152 358 locum,
1184 308 1283 347 dum
1312 308 1364 347 ad
1395 308 1475 348 eol-

93 368 302 422 ligendum
349 369 530 409 vulneris
578 369 735 420 pondus
785 369 973 408 dexterae
1022 369 1153 408 redire
1209 369 1473 420 permittitur.

93 432 231 470 utrum
254 429 399 469 deinde
428 429 588 469 iuvenis
619 432 713 482 post
738 430 886 470 vulnus
911 443 1037 469 unum
1063 430 1256 470 continuo
1281 429 1390 482 fugit
1419 452 1471 457 —

58 503 77 531 5
93 492 137 530 et
160 490 499 542 quemadmodum
524 491 613 540 scit,
639 503 692 530 an
716 491 874 530 facinus
900 489 1150 542 expleverit?
1169 512 1229 518 —-
1256 503 1308 529 an
1335 492 1473 541 potius

94 552 299 603 expectat,
333 553 383 590 ut
413 551 462 590 de
493 551 712 602 parricidio
751 551 938 590 cadaveri
976 550 1142 591 eredat?
1205 563 1294 591 eece
1324 552 1474 590 iterum

92 625 167 663 per
195 612 337 651 eadem
360 612 516 651 ineerta
540 612 789 651 redeundum
815 613 887 661 est,
919 613 1058 651 omnia
1082 625 1224 652 rursus
1247 612 1473 662 periculose

92 672 333 724 temptanda
373 673 564 712 venienti.
626 672 748 712 fidem
794 675 991 723 vestram,
1039 673 1211 723 iudices,
1261 675 1309 712 ut
1358 673 1475 712 nobis

90 733 224 785 prosit
254 735 541 785 argumentum
578 734 757 773 criminis
796 735 943 784 nostri,
980 746 1122 773 caecus
1161 734 1196 774 si
1233 746 1306 773 nee
1336 734 1475 773 venire

39 807 76 834 ιο
92 806 167 834 nec
196 794 347 834 reverti
371 795 459 833 sine
490 796 663 845 strepitu
693 796 840 846 potest,
872 808 1002 846 neque
1028 795 1085 834 sic
1114 794 1293 834 occidere
1324 795 1474 845 potuit,

92 856 141 894 ut
171 854 375 906 deciperet
405 867 630 894 novercam.

183 915 259 966 Te,
295 918 337 955 te
373 915 449 955 hoc
486 916 593 966 loco,
630 916 787 966 mulier,
824 916 1033 967 interrogo
1072 928 1175 966 quae
1212 919 1299 955 tam
1336 917 1473 968 gravis
1494 916 1544 953 18

93 975 220 1026 quies,
250 977 299 1015 ut
327 977 370 1015 te
400 989 509 1015 mors
539 978 625 1015 tam
656 977 791 1016 vicina
821 989 903 1016 non
935 975 1109 1016 excitet?
1165 977 1348 1027 parvulis
1379 990 1472 1016 noc-

90 1037 197 1076 tium
233 1037 446 1076 turbamur
489 1037 668 1086 offensis,
713 1037 892 1077 excitant
934 1050 1008 1077 nos
1057 1037 1194 1089 exigui
1235 1037 1473 1088 plerumque

38 1112 73 1138 15
93 1099 247 1148 motus,
277 1110 355 1137 vox
390 1099 546 1137 ineerta
576 1098 818 1150 longinqua,
856 1101 897 1137 et
929 1097 1147 1148 aliquando
1185 1098 1319 1149 ipsum
1353 1099 1472 1138 silen-

92 1159 208 1198 tium.
270 1158 434 1198 illorum
470 1171 565 1198 sane
603 1159 718 1198 iuxta
754 1161 796 1198 te
835 1171 1021 1210 suprema
1061 1172 1143 1198 non
1181 1159 1332 1199 sentias
1372 1172 1473 1210 quos

93 1220 279 1258 senectus
315 1219 611 1271 languoresque
642 1219 896 1259 dissolvunt?
957 1220 1132 1259 hominis
1165 1220 1237 1270 qui
1269 1221 1376 1259 ferro
1408 1233 1471 1259 oc-

92 1279 255 1330 ciditur,
279 1280 557 1319 tumultuatur
582 1282 711 1320 exitus
731 1282 773 1319 et
797 1280 942 1320 similis
962 1283 1024 1320 est
1041 1281 1298 1332 repugnanti.
1345 1280 1472 1331 quid?

93 1340 200 1391 quod
243 1352 404 1380 neeesse
447 1343 509 1380 est
545 1341 658 1379 nulla
702 1353 809 1380 mors
851 1341 1073 1391 inquietior
1114 1343 1167 1380 sit
1205 1354 1328 1392 quam
1367 1354 1470 1392 quae

37 1414 74 1441 20
92 1400 232 1440 statim
269 1403 358 1441 tota
396 1400 485 1440 est?
546 1414 642 1440 nam
680 1401 789 1452 quod
826 1402 1026 1440 dormiens
1072 1403 1224 1441 occisus
1270 1404 1347 1452 est,
1389 1415 1471 1441 non

92 1463 154 1500 est
178 1461 288 1512 quod
312 1461 370 1502 sie
396 1463 631 1512 aestimetis,
662 1464 874 1512 tamquam
898 1476 972 1513 per
994 1462 1110 1501 illam
1135 1464 1315 1513 quietem
1339 1464 1470 1502 trans-

90 1522 186 1561 ierit
222 1523 265 1561 in
302 1524 486 1562 mortem.
550 1524 604 1562 sit
640 1523 796 1574 aliquid
834 1535 991 1562 necesse
1030 1525 1092 1562 est
1134 1523 1243 1563 inter
1286 1536 1471 1574 soporem

92 1585 342 1633 mortemque
366 1583 556 1633 medium,
587 1597 658 1622 nee
683 1585 819 1634 potest
842 1584 956 1636 iungi
982 1586 1098 1622 tanta
1124 1584 1350 1634 diversitas,
1376 1597 1470 1623 eum

92 1643 146 1682 sit
177 1655 339 1683 somnus
363 1644 451 1694 ipse
482 1656 576 1694 pars
602 1645 722 1683 vitae.
773 1657 855 1684 non
879 1645 1054 1684 multum
1078 1645 1259 1695 interest,
1292 1646 1470 1695 quietem

36 1717 72 1744 25
90 1705 272 1743 nostram
312 1704 420 1744 ratio
463 1705 572 1744 vitae
615 1707 782 1756 rumpat
825 1718 878 1744 an
921 1705 1074 1744 mortis.
1149 1706 1354 1744 hominem
1399 1706 1470 1756 qui

91 1765 292 1804 dormiens
323 1765 531 1814 occiditur,
562 1765 652 1815 ipsa
683 1778 793 1805 mors
826 1767 985 1805 excitat.
1038 1779 1134 1805 sane
1166 1779 1248 1805 non
1278 1766 1470 1805 habuerit

90 1837 319 1876 supremam
343 1837 495 1875 vocem,
526 1825 649 1865 habet
673 1826 813 1877 utique
844 1827 1148 1878 palpitationes,
1179 1827 1303 1866 habet
1333 1828 1468 1866 motus

90 1887 131 1924 et
163 1886 355 1936 quiequid
385 1888 496 1925 totus
528 1887 701 1926 lectulus
733 1887 845 1926 sciat.
909 1890 950 1926 et
980 1888 1161 1937 quando,
1191 1888 1349 1936 mulier,
1381 1888 1467 1926 seni

89 1948 160 1986 tuo
191 1946 379 1986 blandius
411 1947 599 1998 inplicita
628 1946 823 1987 iacuisti?
873 1948 996 1987 sicine
1029 1948 1179 1987 dormis
1212 1961 1315 1999 quae
1347 1948 1466 1988 modo

186 2091 206 2122 1
232 2087 383 2134 regitis:
409 2086 543 2134 registi
574 2094 602 2122 ι’
694 2091 716 2122 4
743 2088 895 2143 eotinuo
928 2094 956 2122 V
1048 2092 1070 2124 8
1095 2088 1327 2123 venienienti
1355 2094 1397 2123 ,11

89 2174 111 2207 9
137 2147 221 2207 vei-'b
246 2172 301 2218 (ni
326 2183 427 2218 supr.
446 2175 502 2219 no)
523 2178 567 2208 ,ΙΙ
675 2178 718 2208 11
746 2147 894 2219 dglier&
919 2179 957 2208 Β
1067 2176 1111 2208 13
1137 2165 1263 2208 vicina,
1289 2179 1326 2207 Β
1404 2184 1465 2208 ex-

88 2243 185 2280 citat
214 2250 241 2279 s
340 2249 386 2280 14
417 2233 680 2280 turbamffifn
777 2249 821 2280 15
853 2247 995 2282 motus:
1027 2247 1172 2281 mortus
1202 2252 1239 2280 P
1335 2248 1379 2280 18
1404 2247 1466 2280 tu-

87 2292 273 2328 multatur
296 2299 367 2328 BV
458 2293 710 2341 repugnantis
736 2299 778 2328 ,ΙΙ
874 2298 919 2330 22
953 2294 1019 2330 sit:
1053 2294 1107 2329 sie
1134 2301 1191 2336 Ργ
1290 2298 1335 2328 24
1364 2294 1463 2339 ipse:

87 2341 195 2386 ipsae
220 2347 257 2376 Β
352 2341 526 2378 interest:
554 2344 613 2377 est
637 2342 738 2377 inter
761 2349 795 2377 J
889 2346 934 2378 25
960 2344 1130 2389 rumpat:
1158 2344 1333 2388 erumpat
1354 2348 1396 2376 ,η

89 2392 135 2424 28
170 2389 267 2425 seni:
311 2390 396 2425 sinu
429 2396 467 2425 Β
605 2390 686 2426 seni
727 2392 793 2426 tuo
834 2390 1031 2427 blandius:
1075 2391 1107 2426 si
1147 2393 1244 2426 nutu
1285 2390 1464 2425 blandius

89 2438 193 2482 (corr.
214 2440 269 2483 ιη)
297 2444 339 2473 ,11
409 2454 415 2463 ι

1200 2499 1245 2533 3*
