1638 2560
628 110 920 148 PRAEFATIO.
1346 110 1467 146 XXIX

76 228 258 269 tionibus
294 227 338 268 H
374 230 416 267 et
447 227 586 266 XVIII
626 227 850 277 exscripsit.
913 227 985 277 qui
1029 226 1175 276 quibus
1215 226 1467 276 temporibus

77 302 180 342 opus
197 301 316 329 suum
335 289 585 338 conflaverit,
604 287 735 327 adhuc
753 287 931 326 tenebris
951 287 1141 325 obrutum
1163 288 1235 326 est.
1286 289 1469 326 attamen

75 350 343 402 depravatam
372 348 567 400 loquendi
597 348 928 388 consuetudinem
959 347 1192 398 respicienti
1224 360 1327 398 quae
1358 347 1469 386 haud

74 411 219 463 paucis
248 410 349 450 locis
385 411 545 461 pugnat
586 423 678 448 cum
714 422 810 448 vero
852 409 979 447 latine
1021 407 1223 447 scribendi
1260 420 1336 447 usu
1366 408 1468 460 legi-

76 471 234 522 busque
277 470 555 522 grammaticis
606 482 706 520 quas
750 470 963 520 neglegere
1007 469 1070 507 illi
1116 470 1197 508 viri
1241 468 1351 507 docfi
1394 469 1468 519 qui

76 531 212 571 medio
237 531 346 583 quod
371 532 542 571 vocatur
561 543 660 569 aevo
687 530 832 570 studiis
850 529 1138 569 incumbebant
1163 543 1244 568 non
1270 529 1467 580 solebant,

75 591 324 632 Hammeri
354 592 586 631 coniectura
618 591 771 630 arridet
803 591 873 641 qui
902 590 977 629 illa
1003 592 1192 641 excerpta
1225 591 1369 640 quinto
1401 590 1467 630 vel

74 656 189 693 sexto
219 666 260 704 p.
287 651 379 692 Chr.
404 666 442 691 n.
470 653 629 691 saeculo
664 652 820 690 tribuit.
876 651 1158 690 Monacensem
1196 652 1313 690 annis
1349 652 1466 691 1900

75 716 119 753 et
153 715 264 754 1901
299 713 490 752 Monachi
521 716 563 752 et
593 712 755 763 Lipsiae
782 713 948 751 contuli.

166 774 299 813 Multo
330 773 556 825 expeditius
594 774 725 812 oratio
764 773 947 824 procedit
983 775 1028 811 in
1060 772 1259 823 excerptis
1290 772 1466 812 redactis

74 836 119 874 in
156 835 331 874 formam
369 834 525 885 dialogi
561 847 655 873 cum
693 833 942 882 adversario,
987 833 1092 872 unde
1132 840 1302 883 apparet
1334 833 1464 873 decla—

75 896 276 935 mationes
312 895 388 934 XV
420 896 462 934 et
495 894 589 933 XJX
631 894 930 945 coniungendas
972 895 1096 933 fuisse
1134 907 1225 933 cum
1265 893 1465 933 declama-

76 955 257 995 tionibus
284 955 386 994 xm
417 957 459 994 et
483 955 633 994 XVIII.
689 957 736 993 ut
766 956 810 993 in
836 956 1034 1006 excerptis
1059 955 1368 994 Monaeensibus
1400 956 1464 994 hic

75 1028 239 1067 quoque
276 1016 519 1055 declamatio
556 1015 620 1054 ΠΙ
660 1015 876 1067 repudiata
918 1018 996 1064 est,
1027 1015 1048 1053 Ι
1092 1029 1183 1054 cum
1220 1015 1262 1054 H
1302 1016 1463 1055 coaluit.

75 1090 181 1127 quae
211 1079 411 1128 quantum
442 1076 572 1127 video,
604 1079 767 1116 servata
798 1077 893 1115 sunt
924 1076 1127 1115 codicibus
1160 1089 1238 1116 sex.

167 1137 229 1176 Ex
261 1137 407 1188 quibus
439 1137 695 1176 Parisinus
726 1137 996 1176 bibliothecae
1028 1137 1249 1176 nationalis
1282 1133 1463 1190 47091)

75 1197 403 1238 membranaceus
436 1192 510 1252 (P)
543 1199 698 1238 saeculi
731 1198 832 1236 xm
870 1197 968 1236 olim
1004 1199 1139 1250 regius
1180 1199 1316 1247 5944,
1348 1198 1464 1237 folio-

77 1272 169 1298 rum
202 1259 287 1298 106
321 1272 512 1298 versuum
545 1259 600 1298 38
634 1260 766 1298 forma
797 1260 1007 1298 octonaria
1041 1260 1102 1297 est
1131 1258 1235 1297 liber
1265 1259 1463 1298 miscella—

75 1332 187 1358 neus.
249 1320 430 1359 confinet
464 1319 533 1358 fol.
563 1320 728 1358 1—821
760 1321 948 1370 excerpta
985 1319 1100 1358 varia
1139 1332 1187 1358 ex
1218 1319 1333 1358 libris
1365 1321 1464 1358 iuri-

75 1379 189 1429 dicis,
221 1380 291 1420 fol.
317 1380 535 1419 83V—92r
568 1383 755 1431 excerpta
788 1394 835 1419 ex
866 1380 1229 1419 declamationibus
1268 1393 1371 1430 quae
1402 1381 1464 1419 in-

74 1440 323 1480 scribunt-ur:
364 1440 709 1493 συγκεφαλαίωσις
748 1439 817 1480 καὶ
864 1440 1039 1491 σύνοψις
1084 1446 1164 1480 τῶν
1204 1446 1276 1480 τοῦ
1315 1455 1463 1480 κοιντι-

74 1503 219 1541 navae
250 1503 421 1552 μελετῶν
452 1497 497 1540 ἴε.
554 1501 699 1540 ultima
733 1514 828 1552 pars
867 1501 1172 1541 declamationis
1205 1498 1463 1553 XVHIJXIX

76 1562 227 1600 omissa
248 1556 360 1616 est.²)
409 1562 511 1601 folia
532 1563 727 1601 921—94
748 1575 878 1602 vacua
900 1564 1006 1601 sunt.
1053 1564 1281 1612 sequuntur
1309 1562 1360 1601 ab
1380 1563 1462 1602 alia

75 1634 200 1660 manu
219 1622 343 1673 paulo
362 1624 584 1662 vetustiore
609 1624 762 1673 scripta
785 1623 968 1675 dialogus
995 1622 1043 1662 de
1068 1626 1189 1672 terra,
1215 1623 1340 1672 caelo,
1364 1623 1463 1663 locis

76 1682 258 1731 infernis,
290 1683 378 1735 igni
409 1683 658 1735 purgatorio,
692 1683 849 1735 legibus
881 1683 1142 1723 observandis
1174 1684 1243 1723 fol.
1272 1685 1463 1732 95-98,

77 1755 239 1782 carmen
271 1743 319 1782 de
350 1744 537 1783 trinitate
568 1743 637 1783 fol.
665 1745 866 1783 98---99ν
890 1746 932 1783 et
966 1745 1064 1794 103,
1096 1745 1204 1795 quod
1233 1745 1384 1795 excipit
1414 1745 1462 1783 li-

76 1802 206 1842 bellus
239 1803 403 1853 quidam
436 1804 485 1843 de
516 1804 783 1844 oboedientia.
840 1805 940 1844 folia
970 1806 1202 1845 intermissa
1236 1807 1459 1845 991—102

76 1865 200 1903 tertia
230 1877 376 1903 manus
407 1865 595 1915 implevit
624 1866 804 1904 tractatu
838 1865 1013 1916 quodam
1044 1866 1283 1918 theologico.

166 1924 217 1963 In
242 1924 482 1964 Vossiano
507 1926 636 1964 latino
661 1927 704 1964 in
731 1929 877 1976 quarto
900 1927 961 1964 84
983 1922 1063 1980 (V)
1084 1939 1184 1966 saec.
1212 1921 1461 1981 XIIJX1113)

77 1985 322 2025 antecedunt
352 1988 540 2036 excerpta
571 1986 753 2025 libellum
786 1987 835 2026 de
863 1988 993 2027 causis
1025 2000 1158 2026 rerum
1190 1988 1255 2026 cui
1287 1988 1462 2038 epistula

76 2045 271 2084 Adelardi
303 2046 588 2086 Bathoniensis
620 2047 671 2086 ad
696 2047 914 2087 Ricardum
946 2048 1208 2087 Baiocensem
1238 2050 1461 2098 praemissa

77 2107 150 2145 est.
206 2106 303 2146 ordo
335 2106 673 2146 declamationum
717 2121 763 2147 eo
801 2108 1060 2158 perturbatus
1099 2110 1160 2147 est
1191 2108 1299 2158 quod
1330 2109 1461 2148 decla-

77 2166 204 2206 matio
242 2166 343 2206 VII]
388 2167 594 2218 praecedit
637 2168 735 2207 decl.
773 2169 832 2207 VI
874 2171 914 2208 et
952 2168 1042 2207 VII.
1106 2170 1147 2207 in
1189 2170 1344 2219 primae
1389 2183 1460 2220 pa·

177 2308 212 2350 1)
237 2305 285 2342 cf.
311 2305 537 2351 Hammer,
565 2319 600 2353 p.
622 2311 680 2352 37,
707 2307 952 2350 Dessauer,
979 2320 1016 2354 p.
1038 2311 1094 2343 63.

174 2356 211 2400 2)
238 2354 285 2390 ef.
313 2355 362 2390 ad
388 2367 423 2401 p.
445 2359 527 2400 426,
550 2360 604 2391 14.

176 2404 212 2447 3)
238 2402 284 2438 cf.
311 2403 538 2447 Hammer,
563 2417 600 2450 p.
622 2409 680 2450 37,
707 2405 951 2448 Dessauer,
980 2418 1015 2451 p.
1038 2409 1094 2440 62.
