1638 2560
526 118 845 155 DEGLAMATIO
869 119 922 155 Π
941 122 1094 155 20—22.
1412 117 1496 161 187

123 247 203 286 que
231 247 314 274 non
348 233 481 274 solum
517 234 678 273 fortiter
708 234 779 273 sed
815 233 939 273 etiam
977 233 1149 272 libenter
1178 233 1222 272 id
1254 232 1360 284 quod
1397 233 1498 271 mihi

121 296 312 335 miserum
342 294 525 345 putabat.

212 355 291 396 Bes
328 355 439 395 dictu
475 354 741 395 incredibiJis:
783 354 987 407 gladiator
1024 354 1229 403 dimissus,
1267 354 1499 405 redemptor
1517 353 1569 390 22

122 416 275 456 occisus
300 416 371 455 est.
420 416 573 466 recepit
596 417 758 466 pectore
784 415 951 455 adverso
978 415 1141 464 ferrum,
1167 416 1208 454 et
1234 416 1351 465 quasi
1376 427 1499 465 quam

80 489 103 516 5
122 476 334 516 emittebat
365 477 560 525 animam,
590 477 635 514 in
666 489 800 515 meum
830 477 970 527 pectus
1000 475 1319 525 transfunderet,
1351 476 1393 514 et
1422 475 1499 514 hoc

120 549 202 576 uno
237 537 369 576 histis
407 537 604 576 occiditur
642 537 749 587 quod
789 537 963 587 amplius
1008 537 1182 575 amicum
1220 537 1379 576 visurus
1417 548 1499 575 non

121 598 220 637 erat.
282 598 378 637 eant
407 610 514 636 nunc
545 598 807 647 antiquarum
835 597 1062 636 conditores
1093 596 1324 636 fabularum
1354 597 1499 647 poetae

121 658 163 696 et
198 670 241 697 se
277 657 331 697 ad
368 658 658 697 exhortandam
702 659 907 697 amicitiae
949 657 1069 696 fidem
1113 670 1262 709 magna
1300 657 1499 708 quaedam

121 719 391 769 composuisse
434 718 679 758 carminibus
722 720 885 769 putent,
929 719 964 758 si
1006 718 1183 757 dixerint
1226 718 1383 767 aliquos
1427 730 1500 768 per

63 791 103 819 10
120 779 252 818 maria
286 780 496 829 terrasque
536 780 779 829 asperiorem
824 779 1030 817 fortunam
1072 779 1294 818 amicorum
1336 779 1499 817 tantum

122 840 278 879 secutos
310 840 383 878 aut
418 841 642 891 principem
675 838 867 879 Graeciae
898 840 1031 877 virum
1062 840 1106 877 in
1143 839 1341 877 ultionem
1374 839 1499 877 inter-

122 899 219 939 fecti
256 900 378 940 amici
413 901 669 951 inauspicata
705 899 813 939 bella
844 901 1022 952 gessisse.
1085 912 1180 938 nam
1210 900 1318 938 inter
1351 899 1498 938 fratres

121 973 282 1011 quoque
311 961 386 999 illa
415 962 589 999 maxime
621 960 891 1009 admirabilis,
928 962 1065 999 tamen
1098 960 1256 999 alterna
1286 972 1394 998 mors
1426 960 1497 998 est.

121 1033 204 1060 una
238 1020 407 1073 fingitur
444 1022 606 1070 coniux,
644 1021 753 1072 quod
782 1022 866 1060 iam
902 1021 1075 1071 perituri
1105 1022 1234 1059 vitam
1268 1020 1408 1059 mariti
1439 1020 1499 1058 vi-

63 1095 103 1122 15
121 1082 233 1120 caria
269 1083 398 1120 morte
436 1094 510 1121 sua
546 1081 778 1120 redemerit:
816 1081 1069 1132 adiciturque
1106 1081 1302 1120 miraculo
1336 1080 1499 1119 fabulae

122 1141 262 1181 fecisse
292 1142 368 1181 hoc
399 1154 501 1191 eam,
533 1142 641 1192 quod
671 1155 752 1181 non
783 1143 1053 1193 praestitisset
1082 1143 1210 1192 pater.
1262 1154 1312 1179 en
1338 1140 1499 1179 indubi-

120 1201 247 1241 tabile
278 1203 429 1242 saeculi
460 1202 578 1242 decus
610 1204 652 1242 et
681 1201 786 1242 fictis
818 1202 965 1242 maius!
999 1203 1045 1240 ut
1075 1203 1300 1241 moreretur
1329 1213 1403 1252 pro
1435 1213 1499 1239 me

122 1263 286 1312 amicus,
319 1276 436 1302 suum
466 1263 634 1314 reliquit
664 1264 833 1314 patrem,
868 1276 1003 1302 meum
1034 1263 1144 1301 vicit.
1202 1264 1243 1301 et
1274 1274 1369 1301 sane
1401 1261 1501 1311 quid

121 1323 341 1374 profuisset
382 1324 590 1362 festinatio
634 1325 781 1374 pain-is,
827 1324 987 1362 etiamsi
1028 1323 1079 1362 ad
1119 1322 1396 1362 redimendum
1435 1334 1500 1360 me

64 1397 104 1424 πο
121 1384 234 1434 prior
258 1384 363 1423 forte
388 1382 590 1424 venisset?
639 1384 716 1423 hoc
740 1397 804 1423 me
829 1385 960 1434 pretio
987 1396 1103 1422 nemo
1131 1384 1234 1422 alius
1254 1382 1498 1422 redemisset.

122 1456 251 1494 neque
288 1456 382 1484 vero
420 1445 641 1495 plurimum
677 1444 759 1483 fuit
795 1445 1045 1495 praestitisse
1079 1445 1261 1482 mortem.
1324 1455 1500 1492 namque

122 1505 286 1543 interim
318 1505 496 1554 specioso
527 1505 650 1543 titulo
681 1505 781 1544 bene
812 1505 900 1543 vita
929 1506 1133 1555 pensatur.
1194 1503 1299 1542 fflud
1328 1504 1499 1543 honesto

124 1565 252 1604 amico
285 1566 448 1617 gravius
474 1578 619 1604 nomen
645 1565 883 1617 gladiatoris
910 1566 1101 1615 accipere,
1133 1564 1266 1604 subire
1292 1564 1499 1603 dominum

123 1625 325 1664 lanistam.
376 1626 508 1665 minus
539 1627 592 1674 te,
625 1627 764 1674 amice,
795 1625 1015 1675 laudarem,
1048 1626 1083 1665 si
1114 1626 1288 1665 vicisses.
1345 1637 1398 1663 an
1429 1625 1500 1663 ifle

66 1698 104 1725 25
125 1685 282 1725 animus
320 1685 469 1724 rediret
505 1687 548 1724 in
586 1686 791 1735 cellulam,
836 1686 959 1725 ferret
1002 1687 1203 1738 saginam,
1246 1686 1499 1737 magistrum,

122 1758 336 1797 personam
374 1745 545 1796 denique
586 1745 772 1786 sceleris?
834 1759 923 1786 mea
967 1747 1208 1799 depugnasti
1245 1758 1384 1794 causa,
1427 1747 1500 1784 tua

122 1807 276 1857 peristi.
338 1806 436 1845 haec
473 1808 610 1846 tamen
648 1808 784 1846 omnia
822 1807 967 1846 ultima
1003 1807 1190 1846 fortunae
1227 1807 1409 1854 nomina,
1453 1806 1501 1844 ut

123 1866 225 1905 mihi
256 1865 496 1916 detraheret,
527 1867 662 1906 induit
692 1867 779 1907 sibi.
836 1869 948 1906 venit
978 1868 1022 1906 in
1053 1868 1244 1906 harenam
1275 1867 1396 1906 homo
1428 1878 1500 1904 nec

221 2010 242 2042 2
268 2006 406 2042 misero
439 2013 467 2040 Γ
543 2011 565 2042 4
592 2007 749 2042 adverso
774 2008 927 2053 pectore
953 2013 981 2041 1·
1059 2008 1113 2042 et:
1139 2007 1184 2041 ut
1216 2014 1237 2041 ς
1310 2009 1331 2040 5
1364 2006 1498 2051 pectus

122 2088 249 2113 meum
281 2085 309 2113 V
377 2080 416 2115 et
440 2090 508 2115 om.
531 2088 550 2121 β
659 2083 681 2115 8
708 2079 758 2114 ad
782 2091 850 2116 om.
870 2085 941 2114 Bt·
1018 2055 1269 2115 exlbrtandam
1300 2084 1340 2120 1'3
1367 2077 1499 2112 exhor-

123 2126 283 2162 tandum
309 2135 345 2170 βς
372 2127 629 2163 exornandam
655 2128 729 2163 Bu.
829 2131 850 2163 9
882 2129 1036 2173 putent:
1063 2128 1163 2163 -tent
1188 2127 1231 2162 in
1255 2137 1329 2162 ras.
1350 2131 1388 2160 Β
1468 2125 1502 2159 si

122 2185 189 2210 om.
213 2181 251 2210 Β
335 2179 379 2210 13
406 2175 637 2211 ammirabili
667 2182 696 2210 V
778 2180 822 2211 14
849 2175 985 2211 coniux
1016 2182 1044 2209 V
1125 2185 1223 2220 quae
1251 2180 1293 2209 Μ
1374 2177 1417 2209 15
1444 2183 1501 2208 re-

125 2222 278 2258 dimerit
310 2230 366 2266 Π;
402 2225 605 2260 redimeret
628 2231 661 2259 J
781 2228 825 2260 16
858 2235 944 2259 eum
976 2233 996 2266 β
1119 2227 1163 2259 18
1196 2224 1249 2258 et:
1286 2223 1344 2258 est
1368 2228 1406 2256 Β

126 2274 170 2305 21
202 2282 325 2316 neque
350 2283 454 2308 vero:
486 2283 534 2308 116
560 2282 700 2318 quaero
727 2283 812 2308 vero
838 2279 875 2307 Β
978 2276 1022 2307 22
1056 2271 1222 2317 spetioso
1255 2282 1299 2306 ea:
1331 2269 1500 2316 spatioso

126 2324 163 2353 Β
257 2319 353 2355 bene
379 2331 447 2356 om.
470 2329 489 2363 β
597 2320 716 2356 vitam
740 2327 811 2356 ΒΓ
915 2320 1073 2355 honesto
1100 2319 1222 2354 amico
1250 2327 1290 2354 s:
1318 2329 1393 2353 non
1419 2318 1500 2352 esto

127 2366 249 2403 amico
275 2374 352 2413 Βσς
385 2379 461 2404 11011
486 2370 544 2405 est
573 2369 694 2405 amico
725 2375 785 2413 1⁷33
817 2380 892 2404 non
926 2368 1155 2415 est{amico
1183 2373 1225 2402 M
1343 2370 1389 2401 25
1421 2375 1500 2400 ma—

127 2415 289 2461 gistrum
315 2424 351 2452 e:
379 2427 458 2452 -am
484 2425 546 2461 αβς
572 2417 786 2452 ministram
812 2425 839 2452 «r
