1638 2560
162 102 248 144 398
589 99 847 135 EXOERPTA
872 98 1116 135 PARISINA.

162 228 234 254 neo
267 217 424 254 amatur
463 215 512 254 ab
543 215 640 255 ullo.
711 215 755 253 P.
788 214 990 254 invidiosa
1029 214 1157 266 igitur
1198 216 1270 254 est.
1336 223 1361 254 a
1390 216 1540 255 iuniori

162 278 302 326 itaque
344 275 541 315 consolari
582 288 662 314 non
702 277 846 326 potest.
910 288 983 325 pro
1022 288 1068 314 eo
1110 288 1210 315 aevo
1251 275 1428 315 eundum
1467 279 1539 317 est.

162 338 222 376 M.
256 336 346 375 vide
388 349 508 386 quam
546 349 626 374 non
669 337 876 375 amaverit.
932 347 1122 386 praesens
1163 348 1237 387 pro
1276 335 1441 376 absente
1471 350 1540 377 ne-

163 398 292 449 glecta
333 409 432 435 sum.
499 397 683 436 omnibus
726 410 818 435 eum
858 396 1066 447 praetulit.
1133 397 1177 436 P.
1217 409 1297 436 non
1337 397 1418 437 fuit
1457 410 1539 438 non

162 470 308 506 amare,
339 470 420 495 non
445 458 656 507 praeferre.
714 470 794 496 non
819 457 861 495 id
893 458 1022 508 egerit
1054 458 1094 496 et
1118 459 1373 508 praesentem
1404 460 1446 498 et
1471 458 1539 498 ab·
1576 473 1594 501 ε»

162 520 314 557 sentem
340 519 487 556 amisit.
532 519 592 556 M.
615 516 739 568 quid?
765 517 872 568 quod
892 531 965 569 ego
984 517 1190 570 rogabam,
1215 518 1286 557 ille
1311 518 1540 559 scribebat?

159 579 203 617 P.
243 578 354 617 nullo
395 578 513 617 modo
557 578 686 630 magis
731 579 970 628 exprimitur
1013 578 1180 618 affectus
1225 592 1348 630 quam
1387 579 1537 620 littera.

160 639 268 677 visus
301 651 422 688 quam
461 639 620 678 auditus
659 639 781 677 altius
819 639 1026 690 imprimit.
1089 640 1179 690 ipsa
1216 639 1387 680 videtur.
1449 642 1539 692 ipsa

159 700 363 750 relegitur.
420 700 480 737 M.
513 700 611 738 haee
649 701 784 738 omnia
821 701 1040 750 praetereo.
1105 700 1157 739 ad
1193 700 1236 739 id
1272 701 1390 740 venio
1430 701 1537 752 quod

160 761 289 798 mater
329 759 470 798 relicta
509 762 579 798 est.
636 761 680 798 P.
715 760 815 799 adde
846 773 920 811 pro
958 762 1092 811 patre,
1131 762 1173 800 et
1209 761 1312 800 nihil
1344 761 1537 801 delictum
1558 777 1592 804 ιο

161 823 231 859 est.
288 821 347 858 M.
383 819 507 870 quid?
545 822 676 860 nonne
709 834 782 872 ego
814 823 943 873 magis
977 820 1158 860 contuli?
1195 835 1327 862 nonne
1359 823 1537 862 animam

160 879 278 919 dedi?
318 894 462 919 novem
502 881 705 920 mensibus
746 880 858 921 fovi?
923 882 968 921 P.
1011 883 1126 932 atqui
1166 895 1241 934 ego
1282 883 1419 935 genui,
1460 883 1537 923 tibi

159 941 349 980 commisi.
418 955 550 980 meum
587 942 809 981 reddidisti.
873 944 933 982 M.
972 943 1106 982 noluit
1143 944 1244 982 mihi
1281 943 1417 983 oculos
1455 956 1536 984 ser·

159 1014 264 1040 vare.
335 1002 380 1040 P.
413 1003 529 1052 atqui
575 1002 705 1042 voluit
752 1003 877 1042 oeulis
925 1004 1118 1043 cariorem
1158 1003 1335 1044 reddere.
1408 1005 1469 1044 M.
1501 1005 1536 1044 si

160 1061 333 1100 eundum
359 1064 457 1112 erat,
490 1075 559 1101 our
583 1077 665 1102 non
689 1063 800 1113 prius
826 1063 930 1103 ivit?
991 1065 1036 1103 P.
1064 1066 1161 1116 quia
1185 1064 1408 1115 detinuisti,
1440 1066 1536 1117 quia
1556 1080 1591 1107 ιε

158 1122 291 1161 locum
321 1123 545 1174 ignorabat.
608 1125 668 1163 M.
696 1137 765 1163 cur
795 1125 1070 1176 redemptione
1098 1138 1179 1165 non
1211 1125 1306 1178 egit,
1338 1128 1385 1165 ut
1417 1125 1535 1166 ambo

158 1182 397 1222 rediissent?
453 1184 497 1222 P.
529 1184 606 1223 tibi
638 1197 799 1224 censum
832 1185 998 1235 dimisit,
1031 1199 1072 1226 se
1103 1187 1239 1238 ipsum
1270 1188 1416 1237 posuit.
1473 1187 1534 1228 M.

157 1243 286 1295 magis
318 1245 403 1294 ipse
435 1257 508 1294 pro
540 1246 579 1283 te
612 1258 733 1296 quam
764 1259 837 1296 pro
863 1260 926 1284 me
958 1259 1100 1297 passus
1134 1249 1206 1287 est.
1261 1248 1306 1286 P.
1340 1247 1536 1298 quidquid

156 1305 198 1341 in
226 1317 287 1342 me
314 1306 410 1356 egit,
434 1318 507 1355 pro
533 1307 573 1344 te
598 1306 704 1345 fecit.
755 1320 886 1346 nonne
912 1309 1043 1347 maius
1069 1309 1174 1347 mori
1205 1321 1326 1358 quam
1353 1306 1535 1348 caecari?

157 1365 217 1402 M.
249 1366 383 1404 vivam
424 1378 505 1404 non
547 1367 793 1416 consolatur,
840 1370 1023 1407 mortuus
1071 1381 1152 1408 non
1193 1369 1422 1419 recipietur.
1487 1369 1533 1408 P.
1553 1383 1589 1410 so

158 1425 283 1463 stulta
314 1427 374 1464 est
407 1439 501 1464 cura
541 1440 642 1476 quae
681 1440 750 1478 spe
784 1430 903 1467 caret.
967 1441 1041 1482 ego
1073 1429 1218 1468 redimi
1248 1431 1450 1480 poteram,
1487 1431 1534 1469 tu

157 1486 291 1523 sanari
321 1499 402 1524 non
432 1488 605 1536 poteras.
662 1489 723 1526 M.
756 1501 964 1528 commune
1003 1490 1263 1540 opprobrium
1296 1492 1400 1529 erat:
1435 1491 1534 1530 haee

156 1546 302 1584 misera
332 1559 403 1585 neo
440 1548 634 1586 maritum
666 1548 788 1588 habet
825 1562 897 1589 nec
928 1550 1069 1589 filium.
1126 1551 1171 1590 P.
1203 1563 1310 1590 nuno
1339 1551 1423 1590 tale
1455 1553 1532 1590 est:

156 1605 221 1644 hio
252 1608 373 1645 miser
397 1620 469 1646 neo
494 1610 652 1658 patrem
677 1609 799 1648 habet
824 1623 896 1649 nec
920 1612 1103 1661 matrem,
1136 1611 1202 1650 vel
1227 1611 1261 1650 si
1286 1611 1418 1662 habet,
1452 1624 1532 1662 quo

155 1664 292 1705 facto?
347 1669 462 1717 pater
493 1670 638 1718 vitam,
670 1671 800 1709 mater
832 1671 966 1710 aufert
1003 1672 1264 1722 sepulturam.
1320 1673 1382 1711 M.
1413 1672 1532 1711 intel·
1551 1686 1586 1713 26

155 1726 337 1765 lexerunt
361 1728 527 1777 piratae.
584 1730 850 1780 proiecerunt.
900 1732 1033 1771 noluit
1064 1745 1156 1781 eum
1179 1733 1312 1783 tellus,
1338 1746 1418 1772 non
1443 1733 1534 1772 vult

157 1800 247 1825 eum
278 1801 398 1826 mare.
454 1790 498 1827 P.
538 1790 772 1840 sepelissent
810 1794 932 1842 certe,
972 1793 1042 1832 sed
1078 1794 1334 1832 immanitate
1373 1792 1531 1833 sceleris

157 1847 227 1885 diu
264 1847 472 1888 fluctuant.
528 1850 648 1889 tellus
687 1852 872 1902 optabat,
915 1853 983 1892 sed
1025 1866 1135 1893 mare
1173 1853 1249 1893 tibi
1288 1853 1530 1894 reservabat.

157 1908 253 1958 quid
286 1908 468 1947 dicetur?
525 1911 673 1950 obtulit
707 1925 816 1951 mare
848 1915 988 1963 matri,
1025 1916 1156 1953 mater
1186 1914 1301 1953 mari.
1357 1915 1418 1954 M.
1450 1927 1530 1954 non

156 1981 329 2019 agnosco
354 1968 493 2008 filium.
548 1972 593 2009 P.
619 1972 743 2011 immo
769 1986 849 2012 non
881 1986 955 2025 ego
981 1987 1157 2014 uxorem.
1214 1976 1275 2014 M.
1301 1988 1382 2014 non
1414 1973 1530 2014 credo
1549 1989 1585 2016 30

154 2041 300 2078 meum,
332 2031 427 2080 quia
453 2043 532 2070 non
558 2031 683 2071 doleo.
740 2034 784 2071 P.
811 2034 937 2085 erede,
964 2036 1004 2073 et
1029 2035 1194 2075 dolebis.
1250 2035 1284 2075 si
1308 2035 1384 2075 hoc
1408 2035 1531 2076 habet

155 2090 344 2139 caecitas,
377 2091 423 2128 ut
454 2103 534 2130 non
566 2092 718 2141 doleat,
759 2106 833 2144 ego
872 2107 1012 2133 caecus
1044 2096 1149 2134 fiam.
1213 2108 1284 2146 an,
1322 2096 1418 2146 quia
1448 2109 1530 2135 non

155 2150 318 2199 amasti,
355 2163 435 2189 non
476 2151 614 2190 doles?
669 2154 730 2192 M.
762 2154 840 2193 nisi
878 2167 1091 2206 amassem,
1132 2169 1213 2195 non
1255 2156 1529 2196 detinuissem.

251 2256 273 2287 4
299 2253 474 2289 omnibus
501 2254 671 2291 sensibus
698 2262 804 2291 RVB
907 2261 927 2293 6
955 2258 1101 2294 sciebat
1132 2266 1160 2294 V
1260 2263 1279 2295 7
1304 2259 1476 2295 litteram
1505 2266 1535 2294 V

154 2303 175 2335 9
201 2301 391 2348 relegetur
415 2308 477 2337 VB
598 2307 641 2339 13
667 2304 828 2341 reddisti
854 2311 915 2340 VB
1057 2318 1246 2344 reservare
1266 2314 1320 2353 Βς
1345 2308 1529 2344 reservari

161 2355 221 2384 VB
332 2354 375 2385 18
406 2350 492 2396 ipsa
529 2358 590 2387 VB
705 2364 819 2398 quam
854 2353 936 2400 ipse
962 2366 1029 2400 pro
1054 2367 1115 2392 me
1152 2362 1213 2391 VB
1329 2360 1372 2392 19
1404 2356 1528 2403 magis

161 2404 222 2433 VB
319 2402 364 2433 25
390 2398 471 2435 fato
498 2406 535 2436 R

1604 2445 1638 2560 -3

1632 2095 1638 2134 *ἶ

1630 2292 1638 2392 3
