1638 2560
405 105 727 142 DECLAMATIO
751 106 804 141 VI
824 109 967 142 23—-24
991 105 1062 142 VII
1082 116 1161 152 arg.
1394 105 1481 148 133

103 233 171 260 mo
206 222 366 272 corpori
401 221 477 260 filii
513 224 594 262 mei
623 222 738 261 velut
767 221 949 261 tumulus
986 222 1204 271 imponam.
1266 219 1484 260 iacebimus

105 281 186 321 duo
218 282 426 332 insepulta
456 282 664 322 cadavera.
726 295 790 321 me
821 282 918 320 feris
953 281 1126 320 obiciam
1158 283 1231 320 aut
1267 282 1374 320 circa.
1404 282 1485 320 sin-

105 342 292 394 gaiorum
328 342 468 382 domos
498 343 551 382 ad
583 356 715 395 genua
751 343 1097 394 praetereuntium
1126 342 1214 381 ibo:
1251 344 1294 380 et
1322 343 1485 392 recepto

104 403 192 442 tam
221 403 379 443 miseris
409 415 521 443 more
558 404 728 455 supplex
764 416 846 442 non
877 402 988 442 cibos
1024 404 1180 454 petam,
1214 415 1295 441 non
1327 403 1486 452 stipem,

68 478 87 505 5
104 462 342 503 mendicabo
372 465 542 514 terram,
581 466 623 504 et
659 464 840 504 conlatas
867 464 1147 503 miserantium
1178 475 1304 502 manu
1334 463 1486 515 glebas,

106 525 191 574 aut,
221 524 331 576 quod
362 528 470 564 certe
501 525 608 575 licet,
638 524 770 564 filium
800 525 844 563 in
875 537 986 563 mare
1017 525 1224 575 proiciam.
1281 525 1365 562 iam
1396 535 1485 562 cru-

105 583 215 624 deles
254 597 385 636 aquae
422 587 464 625 et
493 587 606 625 venti
641 586 748 624 male
786 585 967 634 secundi,
1003 584 1127 624 reddo
1159 584 1274 623 vobis
1305 586 1487 623 vestrum

103 644 353 685 beneficium.
414 646 517 685 ferte
556 659 635 697 quo
672 646 791 695 libet,
828 646 925 684 licet
963 645 1014 684 ad
1050 644 1262 695 barbaros,
1299 645 1397 684 licet
1432 644 1486 683 ad

104 705 254 756 hostes,
290 706 387 745 licet
424 706 476 745 ad
511 707 678 757 piratas.
740 707 913 746 fortasse
945 707 1092 757 aliquis
1126 706 1282 745 iubebit
1313 705 1486 756 sepeliri,

48 781 86 808 ιο
105 768 226 817 certe,
257 767 365 818 quod
395 767 532 820 sciam,
564 781 681 808 nemo
713 767 953 818 prohibebit.

745 1031 853 1080 VH.

428 1140 791 1189 TORMENTA
829 1140 1163 1190 PAVPERIS.

102 1274 298 1315 Lmssnvn
328 1287 524 1315 nmmum
554 1288 770 1320 'ronovnm
800 1288 854 1314 m:
886 1287 1052 1314 LIGEAT.
1116 1274 1276 1326 Pauper
1304 1276 1346 1314 et
1375 1275 1488 1314 dives

163 1336 329 1375 inimici.
378 1336 549 1387 pauperi
576 1338 664 1376 erat
694 1336 811 1376 filius.
863 1338 980 1375 nocte
1007 1335 1183 1386 quadam
1212 1349 1371 1386 pauper
1395 1348 1487 1374 cum

47 1411 83 1437 15
161 1395 247 1436 filio
278 1396 566 1436 revertebatur.
629 1397 865 1436 interfectus
898 1399 958 1435 est
990 1396 1234 1435 adulescens.
1295 1396 1412 1435 offert
1442 1409 1485 1435 se

161 1470 318 1508 pauper
354 1457 398 1496 in
428 1459 632 1497 tormenta.
666 1457 802 1496 dicens
835 1471 859 1496 a
891 1457 1017 1496 divite
1068 1470 1159 1496 eum
1198 1458 1490 1507 interemptum

162 1516 274 1557 dives
305 1518 547 1557 contradicit
576 1532 624 1557 ex
653 1518 754 1570 lege.

201 1648 221 1680 1
246 1644 436 1680 tumulum
460 1651 504 1680 Β
598 1648 619 1680 3
646 1645 780 1682 domus
805 1660 835 1680 ω
854 1649 1005 1691 praeter
1028 1651 1066 1680 Β
1155 1649 1178 1680 4
1203 1645 1282 1681 iam
1307 1653 1336 1679 σ
1418 1656 1480 1680 su-

102 1691 190 1739 plex
213 1698 253 1728 Β
337 1696 357 1728 7
384 1693 556 1729 secundi:
584 1693 728 1729 saeculi
753 1700 798 1738 P,
824 1705 916 1731 corr.
943 1694 985 1729 in
1010 1705 1125 1740 mary.
1151 1708 1179 1734 p
1265 1696 1287 1728 8
1312 1693 1478 1741 bene3fi-

104 1741 205 1776 cium
235 1747 265 1776 V
366 1741 459 1777 licet
490 1742 540 1777 ad
564 1742 692 1778 hostes
716 1742 809 1778 licet
834 1742 883 1777 ad
908 1742 1091 1778 barbaros
1123 1748 1152 1776 V
1263 1746 1310 1778 10
1335 1742 1413 1777 scio
1440 1748 1483 1777 Π

200 1801 425 1838 EXPLICIT
444 1801 701 1838 FELICITER
718 1809 757 1838 Β
827 1803 877 1839 Μ.
898 1802 1010 1848 Fabij
1033 1801 1488 1845 QVINTILIANI-COR-

104 1849 760 1887 Poms-PROIEOss-EXPIJCIT
781 1853 1037 1897 (atramenta).
1064 1851 1205 1897 Incipit
1271 1850 1486 1886 ‘Fomenta

104 1898 289 1945 Pauperis
321 1901 453 1947 (minio
483 1901 635 1946 scripta)
668 1906 697 1935 V
802 1900 947 1936 MARII
962 1920 969 1927 ·
983 1899 1136 1934 FABII-
1153 1899 1484 1943 QVINTILIAN-

106 1958 345 1995 CORPORIS
384 1959 552 1996 <PIECTI
598 1950 725 1996 EXPI',
768 1960 909 1997 INCIP.
958 1959 1277 1996 ARGVMENTV
1319 1959 1490 1995 INTORfl

105 2007 283 2044 MENTA
307 2007 549 2044 PAVPERIS
575 2010 692 2046 minio
712 2010 817 2055 pacta-
844 2016 887 2045 Μ
967 2009 1147 2045 Feliciter
1170 2008 1340 2054 Explicit
1365 2008 1489 2055 corpis

105 2056 278 2102 proiecti
319 2056 462 2103 Incipit
479 2058 669 2093 tormenta
691 2058 873 2104 pauperis
893 2064 930 2092 Ρ
998 2058 1167 2104 sequitur
1189 2058 1360 2103 proximo
1383 2068 1490 2093 versu

105 2105 187 2142 sine
209 2106 478 2151 subscriptione
503 2109 539 2141 et
563 2106 671 2142 titulo
696 2106 915 2142 declamatio
939 2106 1024 2141 VII
1044 2108 1086 2142 in
1112 2111 1148 2141 s

204 2157 249 2189 12
275 2153 324 2189 M.
343 2153 475 2189 FABII
501 2153 809 2196 QVINTILIANI
834 2154 1110 2190 TORMENTA
1135 2153 1378 2190 PAVPERIS
1404 2160 1442 2189 Β

204 2206 249 2238 13
274 2201 498 2238 liberum—
511 2202 629 2238 liceat
652 2215 721 2239 om.
742 2209 787 2238 11
858 2207 903 2238 14
929 2204 1014 2238 erat
1037 2214 1105 2239 om.
1132 2209 1161 2237 V
1231 2207 1276 2238 16
1303 2213 1326 2237 a
1349 2202 1486 2237 divite:

106 2250 133 2286 d
157 2250 294 2286 diuuet
323 2257 352 2285 V
463 2261 549 2287 eum
573 2262 620 2287 ea:
644 2262 729 2288 cum
752 2258 790 2286 Β
907 2255 951 2286 17
977 2255 1064 2297 post
1095 2250 1181 2297 lege
1212 2251 1300 2287 add.
1322 2257 1377 2286 11:
1407 2250 1484 2286 lex:

104 2298 270 2335 liberum
302 2298 495 2335 hominem
529 2300 699 2345 torqueri
732 2311 781 2335 nc
815 2299 942 2335 liceat.
1068 2298 1172 2345 Opus
1212 2300 1331 2335 minio
1370 2300 1486 2344 scrip-

105 2362 185 2395 tum
220 2365 249 2394 v
371 2359 500 2395 EXPAE
543 2349 646 2396 ABG
686 2349 780 2396 fet?
818 2349 1024 2396 TORII‘TA
1062 2358 1238 2395 PAVPIS
1277 2360 1332 2406 (ivn
1370 2370 1485 2405 marq.

106 2406 265 2443 CAVSA
290 2406 391 2454 VIII)
418 2414 461 2443 Μ
555 2407 662 2456 Pnup
690 2408 773 2455 agit
797 2410 853 2455 (in
878 2415 916 2443 P
936 2409 1054 2445 minio
1078 2409 1271 2454 seriptum)
1298 2416 1317 2450 β
