1638 2560
0 0 234 73 {5³2⁶w-
258 2 262 3 ⁷
291 2 296 6 ’

505 120 826 158 DECLAMATIO
851 120 904 157 111
924 124 1078 157 12—15.
1425 120 1485 164 53

105 237 269 278 brevem
299 238 443 278 saltem
474 237 726 290 frugalitatis
756 236 934 287 perferet
965 236 1280 286 simulationem,
1312 249 1362 275 ne
1386 236 1487 276 haee

107 298 224 339 illum
254 298 386 338 facere
415 298 566 337 milites
598 295 758 337 sciant?

196 359 287 412 Age
316 372 456 410 porro,
492 359 528 399 si
559 360 716 398 viveret
745 358 951 407 tribunus,
985 360 1026 397 et
1056 358 1132 397 hoc
1164 357 1216 396 ad
1246 360 1288 397 te
1319 358 1486 408 factum,
1506 356 1558 394 14

106 421 341 472 imperator,
385 420 648 469 deferremus,
698 419 979 459 circumstaret
1021 419 1233 458 universus
1277 420 1487 469 exercitus,

72 494 90 521 5
107 493 181 521 nec
210 481 316 521 hanc
345 481 490 520 militis
521 480 826 529 contumeliam,
864 479 934 519 sed
963 479 1138 519 militiae
1168 481 1350 530 putaret,
1388 479 1488 530 quid

109 540 276 594 ageres?
325 541 424 593 quid
473 539 768 581 constitueres?
827 539 1066 579 beneficium
1110 541 1320 592 accepisti,
1370 540 1486 590 Mari,

107 601 362 643 beneficium:
393 615 476 642 non
505 602 629 641 habes
655 614 814 641 necesse
844 602 1121 652 propinquum
1150 603 1269 640 tuum
1294 600 1488 641 occidere.

107 676 204 703 nam
246 664 283 703 si
318 676 411 703 vere
455 663 732 711 aesfimemus,
775 662 993 713 imperium
1035 662 1178 713 populi
1220 662 1394 701 Romani
1434 661 1488 701 ad

107 724 212 763 hanc
243 723 351 764 diem
382 724 555 763 militari
586 723 803 774 disciplina
834 723 958 763 stelit.
1015 736 1097 762 non
1128 724 1236 762 enim
1267 723 1382 762 nobis
1414 724 1488 761 aut

54 798 91 825 ιο
106 784 329 824 mulffitudo
359 786 490 824 maior
521 786 582 824 est
613 797 736 835 quam
767 784 909 823 ceteris
941 783 1141 835 gentibus,
1173 786 1246 823 aut
1276 783 1487 823 vehemen-

107 846 216 885 tiora
241 858 411 897 corpora
435 858 558 896 quam
582 846 649 884 vel
672 845 736 884 his
762 857 851 884 ecce
878 843 1063 894 Cimbris,
1094 846 1167 883 aut
1191 845 1365 884 maiores
1391 857 1487 894 opes

108 918 232 958 quam
261 906 589 957 locupletissimis
613 907 749 958 regnis
775 907 849 944 aut
872 906 1015 944 mortis
1042 907 1295 956 contemptus
1327 905 1488 944 facilior

108 979 232 1018 quam
273 966 478 1018 plerisque
520 966 704 1006 barbaris
748 978 913 1006 causam
955 967 1067 1005 vitae
1109 979 1190 1005 non
1233 965 1486 1006 habentibus.

107 1028 310 1079 principes
347 1040 420 1067 nos
457 1028 559 1067 facit
595 1028 790 1067 severitas
825 1028 1126 1076 institutorum,
1165 1027 1263 1066 ordo
1301 1027 1488 1077 miliffiae,

53 1102 90 1130 15
108 1100 223 1128 amor
259 1087 426 1140 quidam
461 1088 631 1138 laboris,
669 1090 711 1127 et
749 1087 956 1127 cotidiana
994 1089 1281 1127 exercitatione
1326 1087 1489 1127 assidua

107 1148 207 1188 belli
236 1149 462 1189 meditatio.
511 1150 651 1200 itaque
676 1149 796 1199 plura
823 1161 953 1199 paene
978 1149 1159 1188 moribus
1185 1161 1308 1199 quam
1333 1148 1488 1188 viribus

109 1210 292 1260 vicimus,
323 1223 415 1250 cum
446 1211 633 1260 captivae
665 1222 823 1261 quoque
857 1211 995 1249 sancte
1026 1209 1291 1259 habebantur,
1323 1211 1364 1249 et
1395 1222 1489 1248 con—

107 1271 278 1310 tumelia
315 1272 441 1310 eiiam
470 1271 579 1310 hosfi
611 1270 762 1310 aberat.
826 1283 930 1321 quae
961 1271 1097 1309 omnia
1134 1270 1258 1322 longa
1293 1270 1489 1320 superbae

109 1331 337 1372 nobilitatis
367 1333 599 1371 intermissa
635 1332 796 1370 luxuria
838 1332 902 1370 tui
939 1331 1055 1370 nobis
1086 1343 1217 1371 mores
1249 1331 1488 1370 retulerunt.

55 1405 92 1432 so
110 1392 153 1431 di
183 1393 365 1444 profecto
395 1392 719 1445 magnitudinem
749 1394 864 1431 tuam
896 1393 1052 1441 curant,
1083 1393 1317 1442 imperator,
1350 1404 1396 1431 ac
1429 1391 1489 1430 di—
1509 1379 1560 1415 15

108 1454 251 1506 rigunt
281 1454 352 1504 qui
387 1453 467 1492 tibi
503 1466 623 1505 super
660 1454 813 1492 ceteras
851 1452 990 1492 laudes
1031 1452 1266 1491 obtulerunt
1301 1454 1389 1491 tam
1419 1452 1490 1491 ho-

110 1515 248 1554 nestae
278 1515 503 1554 sententiae
530 1515 790 1553 occasionem.
842 1513 950 1564 quod
974 1513 1089 1553 miles
1121 1513 1284 1553 fortiter
1313 1514 1422 1562 fecit,
1454 1513 1490 1553 si

111 1574 309 1624 absolvas,
339 1577 457 1614 tuum
489 1574 715 1625 exemplum
747 1576 819 1613 est.

199 1635 292 1675 Nisi
329 1636 434 1674 forte
470 1636 547 1675 hoc
583 1648 647 1674 me
687 1635 919 1686 perturbari
955 1635 1112 1685 putatis
1154 1634 1262 1685 quod
1301 1634 1489 1674 tribunus

57 1709 92 1735 25
110 1695 202 1734 fuit.
250 1695 342 1735 ideo
373 1696 534 1735 hercule
558 1696 730 1747 turpior,
761 1695 852 1735 ideo
878 1698 1007 1735 morte
1034 1696 1143 1734 omni
1169 1695 1340 1747 dignior.
1390 1695 1489 1734 haec

112 1757 221 1795 enim
252 1756 434 1796 condicio
467 1758 719 1808 superiorum
752 1758 830 1806 est,
862 1758 908 1795 ut
940 1756 1134 1807 quicquid
1164 1756 1340 1805 faciunt,
1374 1769 1488 1807 prae·

111 1817 244 1868 cipere
274 1817 502 1867 videantur,
540 1819 582 1856 et
611 1818 973 1868 perniciosissimus
1012 1819 1072 1857 est
1103 1817 1235 1856 malae
1266 1818 1326 1856 rei
1363 1818 1489 1856 maxi-

111 1891 200 1918 mus
232 1879 402 1929 quisque
440 1880 592 1918 auctor.
656 1879 746 1929 quis
785 1878 1008 1917 continebit
1044 1876 1265 1917 militiam?
1304 1879 1393 1928 quis
1425 1890 1488 1917 ca-

210 2021 231 2052 3
257 1996 404 2053 viveret
429 2024 467 2053 Β
569 2023 589 2054 5
621 2017 769 2061 militus
794 2024 832 2053 B
937 2018 1031 2063 quid
1062 2030 1130 2055 om.
1153 2025 1203 2063 Μ,
1228 2029 1330 2064 supr.
1350 2032 1393 2052 m

114 2069 135 2100 6
162 2066 391 2102 contitueres
416 2073 463 2111 B,
490 2078 582 2103 corr.
603 2073 626 2101 ι
702 2067 852 2112 accepis
880 2073 908 2101 V
1003 2071 1021 2102 7
1049 2069 1157 2102 tuum
1183 2078 1251 2103 om.
1271 2072 1317 2109 Β,
1343 2077 1445 2112 supr.
1466 2073 1490 2100 ὸ

113 2118 134 2149 9
162 2125 211 2149 au
236 2120 289 2159 B,
313 2116 332 2150 t
355 2127 458 2161 supr.
479 2122 521 2160 ὁ,
589 2119 634 2150 10
660 2115 867 2151 veemtiora
892 2122 930 2150 B
1012 2120 1054 2151 11
1084 2127 1133 2151 au
1158 2122 1204 2159 Β,
1230 2116 1248 2150 t
1271 2126 1373 2160 supr.
1395 2121 1419 2148 b

116 2166 159 2198 12
187 2164 399 2199 contemtus
419 2170 465 2207 B,
491 2175 517 2210 p
536 2175 637 2210 supr.
660 2171 683 2198 ὁ
750 2167 793 2199 13
819 2163 993 2210 plerique
1012 2170 1059 2208 Β,
1086 2176 1102 2199 s
1121 2176 1224 2210 supr.
1246 2170 1269 2198 b
1333 2166 1378 2198 14
1403 2174 1488 2198 nos:

113 2222 189 2247 non
215 2217 259 2246 Μ
373 2216 417 2248 15
445 2223 566 2247 amor:
592 2224 612 2247 1·
637 2213 680 2248 in
704 2224 777 2248 ras.
798 2218 836 2247 B
958 2212 1094 2248 asidua
1119 2219 1171 2256 B,
1204 2224 1221 2248 s
1245 2223 1348 2258 supr.
1370 2218 1394 2245 b

116 2263 161 2295 18
187 2259 337 2296 aberat:
362 2260 568 2296 haberetur
586 2266 674 2305 ΒΜ,
699 2271 792 2296 corr.
811 2275 855 2295 u·
939 2264 984 2296 19
1009 2261 1183 2296 luxuriae
1208 2266 1278 2296 BV
1359 2263 1405 2295 20
1432 2259 1488 2294 (11;

115 2307 162 2343 de
180 2314 219 2343 B
266 2308 453 2355 dirigunt:
481 2308 650 2356 diligunt
668 2315 725 2353 M,
745 2308 804 2345 vel
824 2309 997 2355 diriglmt
1014 2324 1057 2344 m
1116 2314 1160 2345 21
1187 2308 1338 2344 laudes:
1358 2307 1442 2342 laus
1458 2314 1494 2342 P

116 2383 161 2416 23
188 2369 361 2425 absolvas
395 2387 447 2426 123
484 2381 649 2417 absolvis
685 2381 731 2428 (is
766 2383 808 2417 in
842 2384 932 2428 ras.)
968 2388 1018 2427 1²3
1057 2381 1221 2418 absolvis
1260 2382 1396 2426 reliqui

115 2432 160 2463 27
187 2429 512 2475 perniciosisimus
536 2436 575 2465 B
659 2433 704 2465 28
729 2429 924 2477 {Quisque
949 2436 986 2465 B
1064 2434 1152 2477 post
1176 2431 1309 2465 auctor
1335 2440 1382 2464 er.
1404 2431 1424 2464 ἔ
1451 2433 1495 2462 sl
