1638 2560
508 88 830 126 DnanuA'no
855 87 961 126 xvn
982 91 1135 125 14—16.
1175 62 1182 65 “
1430 88 1519 132 315

128 200 229 247 loris
266 206 452 255 attoniti,
489 206 651 245 concisa
681 204 822 255 verba,
860 203 1021 255 trepida
1059 204 1235 255 suspiria
1272 204 1313 243 et
1348 216 1414 243 me
1451 216 1518 243 ne·

129 268 306 320 gantem.
376 265 582 317 parricida
630 265 901 317 deprehensus
951 264 1158 304 effudisset
1200 277 1421 314 venenum,
1467 278 1519 303 ne

222 384 320 428 ‘Cur
343 383 471 440 ergo’‚
495 386 643 438 inquit,
670 383 723 426 ‘si
745 386 823 427 tibi
842 398 1073 438 paraveras,
1098 398 1181 425 non
1198 382 1384 425 bibisti?
1429 385 1517 424 bre·
1539 385 1591 422 16

91 462 111 491 5
130 449 248 499 viter,
287 450 416 499 pater,
458 449 500 487 et
537 447 757 488 secundum
797 449 988 487 naturam
1028 446 1276 486 condicionis
1316 447 1518 486 humanae

129 508 352 563 respondeo
384 508 489 548 nihil
521 507 634 547 aliud
671 521 757 548 esse
788 509 832 547 in
869 508 1074 559 potestate
1105 508 1365 557 miserorum,
1396 519 1518 558 quam

129 571 178 610 ut
206 571 313 610 mori
341 569 481 609 velint.
534 582 609 621 ego
641 582 733 609 cum
758 569 866 608 dico:
898 564 1019 608 ‘mori
1043 564 1166 618 volo',
1197 580 1279 607 non
1309 568 1386 608 hoc
1410 567 1519 608 dico:

130 627 367 671 ‘moriturus
399 625 505 670 sum'
514 644 524 680 3
562 629 613 669 de
644 631 779 670 animo
810 642 900 669 meo
931 629 1174 680 respondeo,
1209 641 1292 668 non
1321 629 1519 679 promitto

129 690 180 732 de
222 691 320 731 fato.
383 691 546 731 miraris
581 690 707 742 quod,
752 691 937 741 quamvis
974 691 1059 728 iam
1100 691 1262 729 teneam
1304 702 1518 739 venenum,

63 766 111 794 =1o
129 751 308 792 multum
337 754 478 791 tamen
509 751 641 791 adhuc
672 751 831 791 casibus
869 750 1115 801 incertisque
1150 752 1344 801 superest.
1408 762 1518 790 acce-

127 825 224 863 pere
260 812 453 864 perfossis
484 812 724 864 plerumque
756 811 978 851 visceribus
1015 812 1145 850 vitam
1175 813 1315 850 tamen
1346 811 1397 850 ab
1427 810 1519 862 ipsa

129 873 410 925 desperatione
440 871 705 912 redeuntem?
767 874 929 912 strictos
961 872 1069 912 circa
1100 872 1206 911 colla
1243 872 1412 922 laqueos
1445 873 1520 911 aut

128 946 257 974 nexus
295 935 367 974 aut
402 935 532 986 ipsius
563 934 743 985 corporis
780 934 902 973 ruina.
934 932 1112 984 decepit,
1150 934 1308 972 rotatos
1344 946 1418 983 per
1448 932 1518 972 ab·

127 996 253 1046 rupta
282 995 419 1035 mollis
449 995 580 1034 iactus
613 994 817 1045 explicuit.
881 996 966 1033 tam
1005 995 1319 1033 consentaneum
1351 995 1431 1042 est,
1468 1006 1518 1032 ne

73 1070 109 1097 15
127 1055 329 1095 moriatur
359 1056 431 1106 qui
455 1054 571 1104 velit,
601 1068 726 1106 quam
749 1054 861 1105 quod
889 1055 1087 1094 morimur
1116 1054 1250 1094 inviti.
1301 1053 1371 1093 sed
1396 1054 1517 1104 malo,

128 1117 235 1156 sicut
265 1116 391 1168 coepi,
422 1115 599 1167 simplici
623 1117 759 1156 tecum
782 1116 941 1156 ratione
968 1115 1197 1154 consistere.
1249 1115 1354 1154 nihil
1378 1127 1517 1165 aeque,

126 1179 259 1227 pater,
288 1178 445 1228 impetu
476 1178 637 1217 constat
669 1189 794 1227 quam
824 1176 929 1216 mori
959 1175 1077 1225 velle,
1108 1189 1181 1215 nec
1208 1176 1428 1226 quicquam
1451 1188 1516 1214 res

126 1237 329 1277 humanae
364 1238 636 1289 inpatientius
673 1237 826 1276 habent
862 1236 1071 1287 pereuntis
1105 1236 1283 1275 adfectu.
1345 1236 1452 1276 hunc
1483 1237 1519 1275 si

126 1299 302 1339 retinere
339 1298 482 1348 velles,
520 1297 691 1348 sufficit,
729 1300 778 1338 ut
817 1298 1004 1347 moreris,
1043 1299 1086 1336 et
1121 1298 1323 1336 rationem
1358 1309 1517 1347 quoque

72 1374 110 1400 20
127 1359 285 1399 homini
314 1359 457 1399 mortis
489 1360 647 1410 eripiet,
678 1360 715 1398 si
746 1359 837 1409 quis
869 1357 1085 1397 abstulerit
1115 1357 1311 1396 ardorem.
1361 1357 1517 1409 frangit

129 1419 313 1459 animum
365 1420 549 1470 quisquis
605 1420 846 1469 intervenit3
895 1418 1080 1468 abducit,
1131 1419 1277 1457 avocat
1329 1419 1515 1469 quisquis

128 1480 374 1532 adloquitur.
437 1480 673 1519 ambiuntur
710 1482 855 1519 cuncta
895 1478 1096 1519 moriendi
1132 1479 1266 1530 spatia
1303 1492 1378 1529 pro
1416 1478 1516 1518 vita.

127 1540 219 1581 ideo
256 1553 330 1580 nos
366 1541 613 1580 mehercules
652 1540 892 1580 crediderim
929 1539 1129 1580 eiusmodi
1172 1540 1326 1579 exitum
1367 1539 1516 1592 eligere

128 1603 338 1642 secretum.
389 1603 604 1641 minimum
636 1603 698 1641 est
723 1600 830 1651 quod
855 1600 1080 1640 confundat
1109 1600 1316 1639 hominem
1346 1600 1516 1640 infirmi-

73 1675 109 1702 25
129 1664 215 1702 tate
252 1663 510 1711 morientem,
548 1664 589 1701 et
621 1663 775 1714 exiguis
808 1662 940 1701 causis
973 1674 1073 1712 opus
1106 1663 1184 1709 est,
1223 1663 1270 1700 ut
1301 1661 1517 1713 displiceat

130 1722 266 1762 obitus
298 1736 418 1774 quem
448 1723 595 1762 misero
628 1724 757 1762 suasit
787 1723 1014 1774 integritas.
1066 1721 1164 1772 quid
1196 1722 1232 1761 si
1268 1722 1517 1761 interveniat

129 1783 279 1835 aliquis
312 1784 383 1834 qui
413 1782 608 1835 gaudeat,
641 1784 712 1834 qui
742 1783 944 1822 vindicari
974 1796 1016 1823 se
1050 1783 1186 1834 putet,
1225 1783 1261 1822 si
1291 1784 1415 1823 testes
1447 1782 1516 1822 ad-

128 1843 268 1883 hibeat
299 1844 435 1884 oculos
468 1844 614 1895 quibus
650 1843 915 1883 invidendum
947 1841 1029 1882 sit?
1091 1844 1232 1882 statim
1270 1843 1516 1883 mehercules

226 1987 247 2019 2
274 1983 468 2030 parricida
487 1985 545 2021 bie
563 1989 633 2019 BV
646 1984 818 2030 (altemm
837 1994 918 2029 exp.
938 1989 975 2029 ἢ
1050 1986 1072 2018 4
1097 1970 1210 2030 clergo
1230 1989 1277 2027 B,
1303 1994 1371 2018 cur
1395 1993 1468 2029 ego
1487 1989 1522 2018 J

130 2058 150 2090 ’1
176 2055 304 2092 velitis
331 2062 368 2091 Ρ
439 2067 525 2091 cum
544 2055 674 2092 iudico
699 2062 737 2092 B
807 2031 880 2091 hoc
906 2061 944 2090 Β
1025 2058 1046 2090 9
1073 2055 1177 2092 facto
1204 2051 1254 2099 Μ,
1280 2055 1342 2091 vel
1366 2055 1448 2091 fato
1473 2070 1516 2090 ιιι

130 2107 176 2140 10
209 2104 384 2150 accipere
410 2111 491 2140 BH
616 2108 659 2140 11
692 2103 866 2151 plerique
895 2104 960 2140 Gr.
1087 2108 1132 2140 12
1165 2103 1435 2150 desperatione
1470 2115 1516 2140 ca·

129 2162 429 2222 despirationem
454 2183 492 2212 B
618 2176 717 2213 collo
748 2183 777 2212 V
895 2179 939 2211 13
973 2175 1122 2223 cecepit
1151 2183 1188 2212 P
1312 2152 1451 2222 131191ςὸ
1476 2182 1521 2211 Μ

131 2227 177 2260 14
202 2224 315 2261 molis
340 2231 468 2269 ΒΜβσ·
575 2228 620 2262 16
646 2225 874 2272 simpliciter
899 2236 985 2260 cum
1011 2231 1055 2260 Μ
1157 2228 1201 2260 19
1228 2224 1322 2261 velis
1351 2225 1416 2261 Gr.

129 2297 285 2333 mereris
304 2303 357 2342 33
381 2297 582 2334 morereris
607 2306 637 2333 c
707 2301 753 2334 20
778 2285 897 2345 fra¹g¹it
917 2303 954 2332 n
1026 2301 1072 2333 22
1099 2297 1275 2333 ambiunt
1296 2297 1381 2341 em
1410 2295 1516 2332 blan-

129 2345 288 2382 diuntur
309 2345 390 2383 Sel».
466 2350 512 2381 23
539 2346 724 2382 credorim
743 2351 829 2390 ΒΜ,
855 2357 948 2383 corr.
970 2351 1048 2381 Duc
1122 2349 1169 2381 24
1194 2345 1456 2381 infirmitatem
1477 2350 1520 2379 ,ΙΙ

131 2396 176 2428 27
203 2393 314 2430 testis
340 2408 366 2429 α
391 2395 498 2441 (corr.
518 2395 575 2439 no)
