1638 2560
205 94 290 137 138
616 90 889 127 TORMENTA
914 88 1153 126 PAVPERIS

202 210 330 260 pater,
361 221 451 247 cum
482 207 588 246 solus
619 207 694 245 hoc
725 206 836 245 sciat.
887 205 1055 254 fallitur,
1087 203 1258 253 iudices,
1290 202 1473 253 quisquis
1497 201 1573 242 hoc

204 269 311 319 quod
335 268 507 319 postulo,
534 267 816 317 contemptum,
843 266 1024 316 quisquis
1050 264 1261 303 audaciam
1286 263 1415 303 vocat.
1465 261 1572 303 filius

202 330 302 378 urit,
336 328 530 380 exagitat,
563 329 602 366 et
633 327 739 366 inter
769 327 970 366 tormenta
1000 325 1113 377 fugio
1145 324 1335 364 dolorem.
1398 323 1435 363 si
1463 336 1573 364 men-

202 390 341 428 tientis
373 391 433 427 est
463 388 566 427 velle
596 388 793 438 torqueri,
824 386 1002 426 invenite
1035 384 1132 436 quid
1163 385 1294 425 facere
1326 383 1470 424 debeat
1502 383 1573 435 qui

203 463 340 489 verum
373 449 471 487 dicit
501 450 542 487 et
571 460 652 487 non
682 447 838 498 probat.
1609 458 1626 485 5

292 510 493 558 Mentiris,
529 509 672 558 inquit.
735 507 834 546 bene
873 506 979 557 quod
1017 508 1057 546 et
1099 507 1145 544 tu
1188 506 1328 546 fateris
1366 518 1447 544 non
1489 516 1573 544 esse

202 570 302 608 mihi
327 571 411 609 sine
437 569 669 619 quaestione
695 567 943 607 credendum.
995 569 1036 606 et
1062 579 1174 617 quas,
1205 579 1278 617 per
1301 565 1432 616 fidem,
1464 578 1573 605 men-

203 629 316 669 dacio
356 642 444 668 meo
488 641 629 668 causas
674 629 784 668 dives
825 626 1041 680 adsignas?
1102 628 1246 679 ignoro
1289 639 1571 678 percussorem.

203 690 344 729 deinde
374 692 414 729 te
445 689 710 740 potissimum,
742 689 790 727 de
817 701 895 739 quo
928 701 1124 739 quererer,
1157 687 1272 740 elegi.
1323 700 1376 727 an
1407 687 1502 736 scio,
1533 688 1574 726 et

201 750 473 789 simultatibus
505 751 651 789 nostris
684 751 930 789 occasionem
956 749 1142 788 orbitatis
1174 746 1391 800 indulgeo?
1441 747 1574 798 decipi
1593 762 1628 788 ιο

200 824 264 850 me
301 823 381 850 non
418 811 594 861 potuisse
632 810 892 849 manifestum
929 811 999 849 est.
1062 809 1169 848 filius
1205 821 1336 858 meus,
1373 821 1465 848 cum
1501 821 1572 859 pa-

200 873 299 910 riter
341 871 576 920 rediremus,
621 872 772 910 occisus
816 872 886 910 est.
958 883 1010 909 an
1054 869 1258 910 dinoscere
1300 881 1574 920 percussorem

202 934 317 971 nocte
354 944 433 970 non
470 932 603 982 potui,
638 944 728 970 cum
759 943 967 982 percussor
998 930 1178 981 potuerit
1209 931 1376 982 eligere,
1406 927 1572 982 fugere?

204 992 300 1042 quid
332 990 417 1031 ais‘?
479 991 663 1031 iuvenem
680 988 826 1031 'meum
859 991 962 1031 alius
995 991 1152 1041 occidit,
1186 992 1226 1030 et
1256 993 1303 1030 tu
1333 990 1436 1030 mihi
1466 990 1573 1030 sola.-¹

204 1053 307 1092 cium
340 1052 504 1091 ultionis
535 1051 705 1103 imples?
754 1054 795 1091 te
822 1064 961 1091 accuso
988 1052 1151 1102 scilieet,
1177 1052 1224 1090 ut
1246 1051 1412 1091 interim
1432 1051 1570 1091 neseio
1590 1064 1627 1092 15

205 1113 293 1162 quis
324 1113 393 1151 ille
423 1113 566 1164 fugiat,
596 1112 753 1152 evadat.
817 1112 924 1164 quod
953 1114 1001 1151 tu
1031 1113 1132 1151 mihi
1164 1125 1288 1165 genus
1322 1112 1471 1152 furoris
1503 1110 1573 1150 ad-
1627 1144 1632 1148 .

203 1173 349 1225 signas,
380 1175 426 1211 ut
456 1174 620 1212 maximi
652 1173 809 1213 sceleris
841 1173 943 1212 ultio
974 1174 1113 1224 pereat
1143 1173 1272 1212 falsae
1303 1172 1572 1212 accusationis

202 1231 382 1272 incerto?
442 1233 559 1273 homo
599 1235 668 1284 qui
705 1247 768 1273 me
804 1234 951 1274 vidisse
989 1233 1203 1283 contendo,
1245 1246 1337 1273 cum
1374 1231 1572 1273 occideres

202 1293 330 1332 filium
360 1306 504 1343 meum,
535 1294 614 1333 nisi
640 1294 688 1333 de
716 1296 756 1334 te
782 1294 975 1344 vindicor,
1007 1307 1088 1333 non
1112 1295 1260 1344 reliqui
1283 1294 1396 1343 mihi,
1427 1295 1473 1333 ut
1496 1293 1575 1333 hoo-

204 1353 251 1392 de
283 1354 374 1393 aliis
405 1354 626 1404 probarem.
1591 1367 1630 1394 sc

151 1428 179 1464 (3
295 1412 327 1452 Ο
359 1416 400 1452 te
432 1416 543 1453 extra
575 1428 709 1454 omnes
740 1415 1006 1455 humanorum
1037 1417 1246 1466 pectorum
1271 1415 1464 1465 adfectus,
1495 1415 1572 1453 ini-

203 1475 315 1524 mice,
347 1476 583 1525 sepositum,
614 1488 719 1515 nunc
752 1476 821 1526 qui
851 1489 914 1515 me
945 1477 1064 1527 putas
1095 1489 1211 1527 posse
1241 1475 1422 1515 mentiri!
1484 1488 1573 1526 per-

203 1535 288 1573 didi
317 1535 458 1573 infelix
489 1535 605 1574 illum
637 1536 830 1575 cariorem
860 1537 1105 1587 pauperibus
1138 1536 1351 1576 adfectum.
1414 1548 1573 1576 succur-

202 1608 289 1634 rere
320 1595 418 1633 mihi
448 1597 580 1645 putas,
612 1594 719 1646 quod
751 1597 968 1647 aliquando
995 1595 1259 1637 dissedimus?
1309 1597 1474 1647 falleris,
1506 1596 1572 1636 de-

205 1655 358 1705 ciperis.
408 1655 580 1694 hominis
607 1656 718 1696 cuius
744 1658 895 1696 occisus
922 1659 982 1697 est
1006 1657 1125 1707 filius,
1157 1670 1260 1697 unus
1285 1657 1472 1697 inimicus
1499 1658 1570 1697 est.
1591 1669 1627 1698 25

203 1727 298 1754 sane
328 1716 456 1765 possit
488 1717 633 1767 aliquis
664 1718 767 1756 hanc
795 1717 943 1758 doloris
970 1718 1333 1758 dissimulationem
1363 1717 1572 1758 mendacio

202 1776 377 1826 perferre
411 1776 640 1815 verborum:
679 1773 875 1828 ‘torqueri
911 1776 1029 1818 volo.'
1093 1779 1196 1818 nihil
1234 1780 1295 1819 est
1331 1779 1456 1828 tanti,
1494 1778 1574 1819 nisi

202 1849 352 1875 verum.
415 1836 601 1876 videlicet
637 1838 743 1876 inter
779 1839 891 1890 ignes
924 1851 969 1878 ac
1005 1839 1166 1891 flagella
1198 1839 1348 1879 sufficit
1377 1839 1496 1889 mihi,
1538 1839 1573 1878 si

204 1896 357 1935 dixero:
390 1891 470 1935 ‘hic
501 1899 561 1937 est
591 1898 794 1948 inimicus,
826 1900 969 1949 anime,
1003 1900 1074 1950 qui
1105 1900 1219 1940 nobis
1251 1899 1418 1940 subinde
1449 1900 1572 1939 male-

301 2051 320 2082 7
348 2058 442 2094 quas
467 2059 534 2094 per
561 2056 597 2083 ςε
626 2059 702 2093 qua
728 2059 793 2094 spe
819 2064 848 2083 ω
942 2053 963 2085 8
990 2050 1168 2097 adsignas
1194 2058 1231 2086 B
1316 2054 1360 2087 12
1387 2062 1453 2087 an:
1479 2063 1506 2086 n
1530 2051 1574 2086 in

201 2107 275 2132 ras.
302 2102 340 2131 B
436 2099 480 2131 13
511 2097 694 2142 potuerit:
726 2097 853 2143 potuit
877 2105 909 2133 J
1005 2103 1049 2134 14
1081 2099 1164 2146 agis
1190 2106 1227 2135 Β
1326 2103 1368 2135 15
1400 2101 1456 2135 te:
1488 2100 1506 2135 t
1530 2099 1574 2135 θη

201 2155 276 2180 ras.
297 2150 334 2179 Β
431 2148 473 2179 17
508 2145 716 2180 occasionis
742 2151 793 2190 B,
826 2157 916 2183 corr.
939 2153 961 2180 b
1061 2151 1104 2183 18
1136 2147 1266 2184 homo:
1297 2159 1375 2184 non
1403 2157 1423 2191 β
1518 2147 1573 2183 vi-

203 2216 322 2252 disset
345 2222 382 2251 B
467 2220 510 2252 19
537 2218 580 2252 ut
604 2229 671 2253 om.
694 2224 737 2262 P,
762 2229 863 2264 supr.
883 2233 911 2259 p
985 2223 1028 2254 23
1056 2207 1272 2256 succurrere
1298 2226 1342 2256 Μ
1423 2224 1470 2256 24
1495 2219 1573 2256 dis—

202 2264 371 2300 cedimus
401 2271 435 2319 V.
546 2269 590 2301 27
623 2265 790 2311 proferre
821 2267 876 2302 vel
905 2267 1096 2312 praeferre
1125 2269 1199 2304 Bu.
1323 2269 1423 2316 {nisi
1454 2274 1483 2303 V

202 2339 249 2422 ἐξ
273 2336 398 2392 ignes:
425 2325 532 2420 1glr'ies
559 2339 593 2384 (e
618 2349 662 2373 ex
686 2337 714 2385 i)
734 2344 785 2382 B3
813 2339 933 2374 omnis
960 2346 1013 2384 113
1041 2351 1169 2376 omnes
1195 2348 1227 2376 J
1307 2328 1513 2388 {magella
1537 2347 1577 2380 Β

276 2395 425 2422 ammae
