1638 2560
192 113 281 156 368
564 112 823 149 EXCERPTA
848 111 1182 151 MONACENSIA.

188 228 307 278 facis,
352 227 502 267 faceres
550 241 597 266 ex
641 227 844 267 cadavere.
912 229 947 267 si
991 229 1099 267 enim
1141 230 1278 280 potest
1319 229 1565 281 deprehendi

188 288 378 340 languor,
417 288 512 327 dum
544 288 708 338 occidit,
748 287 926 338 facilius,
965 300 1055 327 cum
1095 289 1298 329 occiderit.
1354 292 1565 342 praeterea

187 349 352 400 negavit
381 350 497 399 pater
534 350 574 388 et
603 349 780 388 medicus
820 349 1012 389 interesse
1052 362 1173 400 quem
1204 350 1415 391 occideret.
1475 352 1564 403 hoc,

187 410 223 448 si
263 409 364 448 alter
402 410 588 459 perisset,
634 409 877 460 probaverat
915 410 1133 460 utrumque
1179 412 1424 462 periturum,
1471 425 1563 452 cum

186 469 408 519 convaluit,
444 469 591 520 probat
626 471 843 520 utrumque
881 471 1094 509 victurum.
1158 471 1294 512 felices
1330 473 1459 524 igitur
1490 473 1562 524 qm·
1600 487 1616 514 5

186 529 378 580 languore
409 531 654 580 moriuntur,
687 531 758 580 qui
788 543 994 581 supremos
1026 531 1228 572 anhelitus
1260 533 1368 572 inter
1397 530 1562 574 suorum

184 590 407 640 amplexus,
446 590 553 629 inter
583 604 746 630 suorum
778 591 958 641 alloquia
996 593 1228 642 posuerunt.
1285 592 1351 632 hic
1381 593 1425 632 in
1455 593 1560 634 lecto

185 649 382 689 distensus
415 652 486 699 est,
518 651 632 690 adest
656 652 845 701 carnifeit,
876 664 950 691 nec
974 653 1110 703 ipsum
1140 665 1222 692 uno
1252 653 1337 693 ictu
1368 654 1562 695 interficit

183 710 253 748 sed
283 711 410 749 telum
439 711 608 763 infigens
640 711 772 762 ipsum
798 711 998 763 paulatim
1030 714 1071 752 et
1101 713 1249 753 leviter
1278 727 1352 765 per
1380 715 1561 755 membra

183 770 326 810 vitalia
362 772 575 822 protrahit.
631 772 780 811 dicitur
823 774 876 811 ei:
918 773 1124 824 patienter
1163 774 1310 825 tolera,
1348 774 1560 815 sanabitur
1578 789 1613 817 ιο

181 832 324 881 frater,
363 844 458 871 cave
495 845 544 871 ne
581 833 736 872 viscera
768 833 949 872 anhelitu
980 835 1213 886 gemituque
1245 836 1470 886 concutias,
1501 842 1557 876 ‘ne

181 892 401 930 remedium
431 894 571 944 pereat
602 894 790 932 alienum.
846 907 987 945 passus
1026 897 1087 934 est
1117 895 1239 935 miser
1269 896 1557 936 discurrentem

180 965 252 1003 per
283 953 416 992 omnia
440 953 607 992 reserati
637 955 810 1005 pectoris
836 955 1064 1006 improbum
1090 969 1218 1008 vagae
1243 957 1343 996 artis
1369 970 1554 997 errorem.

181 1013 384 1052 clamabat
430 1015 523 1064 post
571 1014 723 1054 foribus
774 1015 919 1055 clausis
969 1018 1118 1055 mater:
1172 1017 1284 1067 audi,
1333 1019 1555 1058 miserrime

179 1073 354 1122 iuvenis,
395 1074 430 1112 si
467 1074 557 1124 quis
590 1075 718 1114 adhuc
749 1075 825 1114 tibi
862 1078 1044 1126 superest
1081 1089 1237 1127 sensus,
1275 1079 1437 1128 exaudi,
1474 1091 1555 1118 non
1575 1093 1609 1120 15

179 1135 363 1184 permisit
392 1134 467 1173 hoc
497 1136 637 1174 mater.
700 1135 814 1175 crede
847 1136 1015 1176 orbitati
1044 1150 1175 1187 meae,
1217 1138 1333 1178 crede
1363 1139 1554 1189 lacrimis,

178 1206 251 1232 nec
281 1194 408 1233 frater
447 1196 522 1234 hac
558 1196 683 1234 vellet
718 1198 875 1236 ratione
917 1199 1062 1237 sanari.
1124 1199 1232 1237 inter
1268 1199 1368 1239 haec
1404 1200 1553 1251 impius

177 1256 295 1304 pater
325 1268 405 1294 una
437 1268 528 1294 cum
563 1256 717 1295 medico
748 1257 983 1296 intuebatur
1012 1259 1167 1298 viscera
1202 1259 1291 1309 filii,
1320 1259 1455 1311 ipsum
1486 1261 1552 1300 de-

176 1314 333 1353 tinebat
365 1316 551 1366 alloquiis
585 1318 626 1355 et
655 1330 778 1356 manu
809 1318 954 1357 medici
986 1319 1130 1358 vitalia
1160 1319 1454 1360 tractabantur.
1487 1321 1552 1360 dic

177 1387 289 1426 ergo,
329 1376 481 1415 medice
519 1378 723 1428 imperite,
763 1379 959 1429 numquid
1003 1381 1140 1430 potuit
1181 1380 1336 1420 medico
1381 1383 1550 1421 sanante
1570 1396 1606 1422 πο

177 1436 312 1474 vivere
343 1437 415 1486 qui
446 1438 531 1475 tam
563 1438 633 1476 diu
664 1438 782 1488 vixit,
822 1439 917 1478 dum
952 1440 1158 1480 occiditur.
1215 1441 1281 1480 hic
1312 1443 1449 1481 autem
1480 1444 1552 1493 qui

175 1497 375 1546 superstes
416 1499 476 1536 est
516 1499 556 1536 et
594 1511 732 1549 sanus,
770 1500 815 1538 in
855 1501 1038 1540 custodia
1068 1513 1158 1540 mea
1188 1502 1280 1552 plus
1324 1515 1372 1541 ex
1412 1502 1550 1542 dolore

175 1555 313 1595 fratris
343 1559 546 1607 pereuntis
579 1572 701 1608 quam
732 1573 778 1598 ex
809 1562 973 1612 proprio
1004 1561 1143 1601 morbo
1182 1563 1411 1615 languebat.
1468 1576 1549 1602 non

175 1615 255 1654 fuit
292 1630 386 1668 ergo
427 1619 511 1657 solo
551 1619 744 1671 languore
782 1622 985 1671 periturus
1030 1635 1149 1673 quem
1189 1636 1270 1662 non
1309 1624 1446 1674 potuit
1475 1637 1549 1663 nec

174 1688 281 1715 mors
312 1678 449 1717 fratris
476 1679 663 1718 occidere.
725 1682 803 1720 iste
829 1683 899 1732 qui
924 1684 1125 1733 superstes
1152 1684 1224 1733 est,
1255 1696 1336 1723 non
1362 1685 1423 1723 est
1446 1685 1548 1723 mihi
1566 1698 1601 1725 25

173 1736 340 1786 solacio,
383 1739 451 1777 sed
493 1740 536 1777 in
580 1753 625 1779 eo
677 1742 822 1781 cotidie
871 1744 1042 1794 respicio
1087 1744 1260 1783 alterum
1301 1746 1545 1795 pereuntem.

171 1796 259 1846 ipse
290 1799 413 1836 etiam
438 1800 499 1838 est
528 1801 571 1837 in
603 1800 864 1841 afflictatione
897 1805 1097 1854 continua,
1130 1816 1221 1843 cum
1252 1804 1330 1844 sibi
1360 1805 1547 1844 videatur

173 1868 257 1896 esse
276 1858 450 1908 pretium
470 1860 607 1899 fratris
631 1862 761 1901 occisi.
817 1864 913 1902 tunc
939 1877 1131 1904 conversa
1155 1866 1285 1904 mater
1304 1865 1356 1904 ad
1375 1865 1546 1905 cadaver

173 1917 294 1956 occisi
326 1919 395 1957 ait:
428 1932 450 1958 o
477 1919 545 1970 fili,
579 1934 669 1959 cum
698 1923 945 1974 occiderer-is,
977 1925 1135 1977 ingredi
1166 1925 1395 1965 cubiculum
1427 1926 1478 1965 ad
1503 1928 1544 1966 te

171 1990 251 2015 non
275 1980 392 2028 potui
417 1980 486 2018 sed
505 1981 601 2020 foris
627 1983 738 2021 stans
763 1984 840 2022 feci
866 1985 973 2034 quod
992 1986 1119 2036 potui,
1138 1998 1218 2025 non
1237 1987 1354 2025 licuit
1377 1987 1542 2036 intrare,
1562 2001 1598 2028 so

170 2038 218 2076 ut
242 2038 408 2078 vulnera
426 2041 499 2079 tua
517 2043 615 2080 meis
635 2039 873 2095 te[r]gerem
892 2046 1110 2086 visceribus
1132 2048 1172 2085 et
1191 2059 1311 2097 super
1335 2047 1542 2087 carissima

169 2098 350 2138 membra
374 2102 654 2149 prosternerer.
705 2117 811 2142 nunc
837 2117 912 2156 ago
940 2106 1047 2155 quod
1065 2119 1239 2157 possum,
1265 2119 1408 2158 corpus
1434 2107 1542 2158 quod

168 2158 388 2208 reliquerat
412 2162 528 2210 pater
554 2164 594 2200 et
619 2164 741 2201 etiam
769 2165 959 2215 medicus,
991 2167 1065 2206 hoc
1097 2167 1188 2206 sinu
1213 2169 1359 2207 misera
1385 2168 1540 2220 collegi,

169 2219 375 2269 amplexor
400 2222 440 2258 et
465 2223 631 2261 osculor.
688 2226 854 2274 propter
878 2225 1046 2265 fratrem
1075 2228 1223 2267 videris
1249 2229 1411 2268 occisus.
1469 2241 1542 2267 nec

166 2279 303 2318 tamen
335 2293 514 2330 unquam
545 2284 726 2323 constare
756 2286 924 2335 poterit,
963 2299 1014 2325 an
1045 2289 1092 2326 tu
1124 2289 1328 2328 sanaveris
1360 2289 1538 2327 fratrem.
1558 2301 1594 2329 ³5

264 2410 308 2441 16
333 2419 416 2444 meo
443 2415 487 2443 M
