1638 2560
624 115 917 152 PRAEFATIO.
1359 115 1464 151 XVII

71 231 230 272 duobus
262 231 412 271 omissa
449 230 555 270 sunt.
612 231 655 269 in
689 234 718 270 S
752 230 1005 269 desideratur
1043 230 1200 281 aliquid
1232 244 1263 270 e.
1291 245 1328 283 g.
1354 244 1393 281 p.
1425 233 1461 280 7,

75 295 142 333 11.
172 294 210 343 7,
239 293 306 332 24.
336 293 374 343 8,
397 292 434 332 6.
464 293 534 342 27,
557 292 626 342 15,
653 304 746 330 cum
770 291 813 329 in
839 294 875 330 P
900 291 1074 343 legatur,
1102 293 1243 331 contra
1269 291 1392 330 verba
1418 292 1461 330 in

72 357 104 395 S
143 354 305 393 servata
342 352 578 392 exciderunt
615 353 658 391 in
695 355 731 390 P
764 365 795 390 e.
829 366 865 404 g.
892 366 931 402 p.
960 353 1030 401 27,
1059 353 1126 391 15.
1163 352 1262 401 248,
1297 353 1365 391 24.
1430 356 1460 392 S

72 416 208 454 autem
251 426 335 453 esse
375 414 522 452 testem
561 413 686 464 paulo
731 412 1038 463 locupletiorem
1085 425 1210 464 quam
1251 416 1287 452 P
1329 413 1462 452 elucet

69 475 164 514 inde
210 474 322 526 quod
368 486 449 514 non
500 474 631 513 solum
671 473 775 512 liber
823 475 884 512 est
926 487 948 511 a
990 473 1131 512 multis
1178 474 1262 512 illis
1303 473 1460 514 mendis

69 535 220 575 vilibus
253 535 399 586 quibus
425 538 461 573 P
485 535 725 585 inquinatus
758 536 831 583 est,
863 534 933 573 sed
959 535 1084 573 etiam
1117 534 1237 585 quod,
1270 534 1340 573 ubi
1366 548 1459 585 pro-

69 597 203 647 priam
233 596 449 635 lectionem
480 595 659 646 praebet,
692 595 852 646 saepius
885 595 1086 634 consentit
1119 607 1209 634 cum
1242 610 1277 633 α.

160 657 283 696 Ratio
327 669 421 695 vero
461 669 564 707 quae
608 657 716 695 inter
755 656 910 695 codices
949 656 1131 694 familiae
1170 671 1195 694 α
1234 656 1460 695 intercedat

67 718 132 756 est
154 718 272 756 haec:
304 719 351 756 ut
381 718 466 755 iam
494 730 616 768 supra
642 716 884 766 monuimus,
917 716 1041 756 codex
1066 720 1109 756 V
1135 716 1306 755 debetur
1336 717 1457 755 libra-

67 778 141 818 riis
174 778 359 818 doctrina
391 779 515 828 atque
552 777 778 816 eruditione
809 778 902 828 plus
941 790 1062 828 quam
1095 777 1354 816 mediocriter
1385 777 1458 815 im-

68 838 178 878 butis
210 840 282 890 qui
319 851 569 889 quamquam
606 851 723 878 suum
762 850 846 877 esse
883 838 1169 877 intellexerant
1206 838 1360 877 tradita
1391 840 1458 889 pie

67 901 193 950 atque
224 900 411 950 religiose
450 912 628 949 servare,
668 900 807 938 tamen
844 898 990 937 menda
1032 898 1177 949 quibus
1209 900 1366 937 textum
1396 901 1458 938 in-

65 960 284 1011 quinat-,um
326 961 582 1010 invenerant,
627 972 853 1012 propagare
897 959 1116 999 noluerunt
1163 972 1242 1010 quo
1289 960 1457 999 consilio

66 1020 182 1060 ducti
213 1021 364 1060 multos
391 1021 554 1071 quidem
581 1033 733 1059 errores
766 1021 1037 1070 correxerunt,
1070 1020 1152 1059 alia
1186 1022 1333 1071 autem,
1367 1034 1458 1059 cum

66 1094 148 1120 non
179 1082 280 1121 satis
318 1081 496 1121 indolem
532 1083 654 1132 atque
692 1082 882 1120 naturam
926 1082 1084 1133 generis
1129 1081 1289 1120 dicendi
1327 1081 1457 1120 decla-

66 1143 294 1181 mationum
324 1143 482 1193 proprii
516 1143 823 1193 perspexissent,
858 1141 1044 1192 perducti
1075 1142 1178 1181 falso
1213 1142 1458 1188 Quintiliani

66 1203 247 1253 nomine,
278 1204 325 1241 ut
356 1203 530 1252 videtur,
562 1203 615 1241 ad
646 1216 830 1242 normam
862 1203 1122 1255 elegantioris
1155 1203 1349 1242 sermonis
1381 1205 1457 1241 im-

65 1265 338 1303 mutaverunt.

158 1324 560 1375 Montepessulanum
581 1325 715 1363 autem
744 1324 946 1362 communi
967 1324 1123 1376 origine
1142 1324 1205 1362 uti
1224 1337 1316 1363 cum
1336 1324 1456 1362 Bam-

66 1385 252 1437 bergensi
277 1385 475 1436 probatur
499 1385 639 1423 multis
659 1384 900 1424 lectionibus
928 1397 1032 1434 quae
1059 1384 1218 1423 duobus
1237 1385 1320 1424 illis
1341 1385 1455 1424 libris

67 1445 204 1496 eisque
229 1446 324 1485 solis
348 1459 578 1485 communes
600 1441 743 1499 sunt.¹)
779 1458 870 1484 cum
888 1447 1024 1484 autem
1044 1446 1108 1484 vir
1125 1445 1293 1496 quidam
1314 1446 1454 1486 doctus

63 1507 158 1545 aliis
199 1506 403 1546 codicibus
436 1506 599 1545 adiutus
608 1501 642 1559 ²)
686 1508 726 1545 et
768 1519 839 1545 suo
872 1506 1055 1545 acumine
1096 1508 1139 1544 in
1181 1507 1454 1546 emaculandis

66 1567 179 1606 vitiis
209 1567 337 1606 fretus
368 1568 525 1606 textum
562 1567 675 1606 illius
714 1567 971 1618 exemplaris,
1010 1566 1117 1605 unde
1149 1570 1198 1606 M
1230 1567 1454 1618 descriptus

62 1630 128 1667 est
167 1629 408 1678 recenseret,
451 1628 671 1667 auctoritas
713 1627 861 1667 codicis
901 1628 1162 1678 pessumdata
1203 1630 1281 1677 est,
1322 1641 1454 1678 neque

64 1690 202 1727 tamen
222 1701 386 1738 prorsus
405 1689 565 1727 inutilis
585 1689 686 1727 mihi
699 1688 872 1737 videtur,
892 1701 984 1727 cum
1002 1688 1242 1727 facultatem
1260 1689 1455 1739 praebeat

63 1762 147 1787 una
161 1752 300 1787 cumB
317 1749 598 1799 perspiciendi,
619 1763 665 1788 ex
687 1749 800 1799 quali
821 1749 1039 1800 archetypo
1060 1749 1218 1787 familia
1238 1765 1264 1788 α
1284 1752 1373 1788 orta
1388 1749 1452 1788 sit.

157 1810 301 1848 Restat
325 1812 361 1848 B
388 1809 459 1860 qui
483 1823 612 1860 neque
638 1810 912 1849 recensionem
941 1822 1083 1860 passus
1111 1823 1240 1859 neque
1267 1823 1291 1849 a
1323 1810 1452 1850 doctis

62 1869 244 1909 librariis
277 1872 465 1910 exaratus
498 1872 569 1920 est,
602 1871 662 1909 ita
693 1872 742 1909 ut
772 1871 839 1910 vel
871 1870 962 1909 inde
996 1873 1174 1910 conicere
1207 1870 1328 1910 liceat
1362 1884 1452 1909 eum

65 1931 265 1980 optimum
291 1943 376 1970 esse
401 1931 557 1970 fontem
582 1944 629 1970 ex
656 1944 735 1981 quo
766 1931 1012 1970 hauriamus.
1069 1943 1200 1981 neque
1231 1932 1330 1970 haec
1362 1923 1452 1982 spes

63 2004 137 2030 nos
174 1991 332 2030 fefellit.
389 2005 485 2030 nam
522 1992 680 2030 librarii
717 1992 889 2041 indocti,
929 2004 1176 2043 quamquam
1217 2005 1296 2042 quo
1336 1994 1453 2031 erant

63 2052 241 2103 ingenio.
266 2052 401 2103 tardo,
440 2053 569 2091 multa
607 2054 877 2103 peccaverunt
914 2053 1124 2103 multaque
1162 2053 1308 2092 menda
1348 2066 1450 2103 quae

62 2113 262 2165 corrigere
300 2113 540 2152 facillimum
573 2114 676 2163 erat,
716 2113 766 2152 ab
803 2113 1024 2164 exemplari
1060 2114 1376 2163 transtulerunt,
1409 2114 1450 2152 id

59 2172 172 2223 quod
203 2174 338 2223 ipsum
368 2173 478 2212 haud
516 2186 609 2213 raro
647 2174 868 2224 plurimum
906 2175 1016 2213 valet
1055 2174 1105 2212 ad
1144 2174 1355 2224 archetypi
1386 2187 1450 2213 ra-

162 2315 197 2359 1)
223 2313 323 2349 inter
354 2324 448 2359 quas
482 2313 599 2349 etiam
631 2324 739 2349 voces
771 2313 869 2349 falso
903 2313 1128 2349 coniunctae
1161 2315 1200 2349 et
1232 2313 1376 2349 formae
1404 2325 1449 2349 ex

60 2371 236 2397 sermone
260 2361 410 2408 vulgari
436 2363 623 2407 sumptae.

162 2411 197 2456 2)
224 2410 270 2446 cf.
291 2423 327 2456 p.
349 2409 463 2446 XXII.

136 2476 351 2509 Qvnznmnm
370 2477 652 2503 Dncnxmnouns
673 2477 719 2503 ed.
734 2477 758 2502 L
767 2485 782 2503 e
792 2478 812 2502 h
820 2485 840 2503 n
849 2485 864 2503 e
873 2485 887 2503 ι·
896 2480 915 2503 t.
1206 2470 1228 2504 b
