1638 2560
188 99 278 142 284
607 122 610 125 -
711 95 811 133 onn
837 94 981 149 Porlo
1007 94 1041 130 11
1116 117 1143 128 i

189 214 304 253 nulla
333 214 464 263 pietas
489 212 652 251 horreat
675 210 865 250 infandae
891 209 1126 259 cupiditatis
1151 207 1399 247 instinctum.
1451 207 1560 258 quic-

191 274 288 324 quid
318 286 397 312 non
424 274 637 323 parentum
662 272 807 319 minae,
840 269 1138 322 castigationes,
1169 281 1250 307 non
1276 269 1371 308 serii
1398 268 1562 319 propin-

192 334 273 386 qui,
304 346 384 372 non
409 334 638 383 paupertas,
669 345 750 371 non
775 330 990 370 necessitas
1014 331 1177 380 poterat
1203 327 1370 378 efficere,
1394 328 1566 368 haustus

190 394 339 442 brevis,
377 393 526 442 facilis,
564 404 666 431 unus
705 393 926 441 extorquet.
990 403 1012 429 0
1051 390 1085 429 si
1123 390 1214 440 quis
1253 388 1391 429 odium
1429 390 1567 440 posset

191 454 370 494 omnium
400 453 535 492 bibere
560 452 773 492 vitiorum!
824 451 921 490 felix
952 451 1132 502 profecto
1164 449 1406 498 mortalitas,
1425 449 1473 488 'si
1502 461 1564 488 re·
1603 461 1622 489 5

191 516 322 565 liquos
354 514 492 564 lapsus
523 512 876 563 incommodosque
907 512 1054 550 mentis
1087 523 1240 550 errores
1274 510 1337 550 fas
1370 510 1475 550 esset
1503 510 1565 548 in-

191 575 281 614 fusa
312 575 476 624 potione
508 585 766 624 compescere.
830 573 985 611 facinus
1018 572 1080 610 est
1111 570 1219 621 quod
1254 571 1476 609 maximum
1505 582 1566 609 re-

191 635 369 674 medium
400 636 574 686 gratiam
606 634 668 673 sui
698 633 894 673 vocabulo
925 631 1060 683 perdit
1092 631 1278 671 auctoris.
1328 632 1568 670 miraremur

191 695 394 735 hominem
426 695 495 744 qui
526 694 630 732 illud
662 695 803 733 contra
834 693 1084 732 meretricem
1116 691 1300 731 dedisset.

283 754 375 793 Tibi
405 756 540 793 tamen
572 755 682 793 ultra
713 766 848 793 omnes
879 753 1082 792 inmodica
1110 752 1334 803 cupiditate
1365 751 1566 804 flagranti,
1588 764 1626 791 io

192 816 269 854 tibi
299 817 513 866 praecipue
546 814 874 863 succurrendum,
905 813 1073 853 iuvenis.
1137 813 1249 852 cuius
1279 813 1400 851 homo
1432 811 1568 852 condi-

194 876 319 915 cionis
352 875 639 916 adamaveras?
701 875 855 914 divitiis
889 887 988 925 opus
1022 875 1093 923 est,
1124 886 1175 912 ne
1207 874 1330 912 simus
1362 873 1404 911 in
1433 885 1570 912 amore

194 937 343 986 miseri,
375 938 415 974 et
445 936 761 986 inpotentissimi
785 936 884 974 mali
910 934 1170 974 difficultates
1201 933 1266 972 illi
1291 933 1462 973 fortasse
1487 945 1569 972 non

195 997 371 1036 sentiant
415 1009 513 1046 quos
558 998 698 1034 contra
737 995 904 1035 fastidia
941 997 1172 1045 ceterosque
1210 995 1464 1045 contemptus
1505 1006 1570 1033 ex-

146 1060 172 1096 9
197 1057 324 1107 plicat
365 1056 538 1095 felicitas
575 1069 723 1108 magna
759 1056 963 1107 pereundi.
1026 1055 1123 1094 felix
1159 1055 1341 1105 profecto
1379 1055 1450 1104 qui
1489 1066 1570 1102 non
1591 1066 1630 1093 ιτ»

196 1117 274 1156 nisi
305 1117 518 1156 facultates
550 1118 592 1155 in
624 1117 812 1167 lupanari
844 1116 995 1155 effudit.
1045 1118 1092 1154 tu
1116 1115 1251 1166 perdis
1278 1115 1469 1164 animum,
1499 1115 1571 1154 ille

190 1189 281 1216 aes:
319 1179 364 1215 tu
395 1177 500 1216 bibis
531 1179 689 1226 uxoria,
721 1179 768 1216 ut
797 1177 975 1216 lacrimis
1008 1189 1145 1228 rogas,
1175 1176 1331 1226 pallore
1362 1175 1571 1225 blandiris,

197 1239 254 1287 et,
292 1237 398 1288 quod
437 1238 487 1277 ad
526 1237 742 1287 pessimum
788 1239 946 1289 spectat
990 1238 1195 1286 eventum,
1238 1235 1478 1276 miserabilis
1515 1236 1571 1275 sis

196 1299 373 1348 oportet,
411 1300 458 1336 ut
490 1300 646 1337 amator
684 1310 767 1337 esse
798 1297 984 1336 videaris.
1047 1297 1154 1349 finge
1189 1298 1231 1336 te
1262 1297 1420 1335 nullum
1450 1296 1571 1335 huius

197 1358 375 1397 adfectus
408 1359 554 1397 sentire
587 1360 798 1408 cruciatus,
831 1358 873 1397 id
905 1371 1040 1397 amare
1064 1359 1105 1397 te
1135 1370 1290 1408 pauper
1321 1357 1466 1397 saltem
1490 1369 1571 1396 non
1591 1368 1630 1395 20

196 1417 347 1469 pudet?
395 1419 515 1458 homo
542 1419 606 1458 cui
631 1432 711 1458 non
735 1421 898 1458 vacaret
924 1432 1040 1471 agere
1065 1418 1189 1470 longa
1213 1418 1432 1469 languoris,
1453 1430 1574 1468 quem

198 1485 361 1530 aegrum
393 1492 473 1518 non
505 1479 662 1518 deceret
691 1481 871 1518 totarum
902 1480 1082 1518 noctium
1114 1479 1239 1529 quies,
1273 1489 1460 1517 excusare
1491 1488 1573 1516 non

196 1539 343 1588 possis,
379 1540 413 1578 si
444 1541 603 1578 tantum
635 1540 856 1590 perdideris
889 1540 985 1579 dies.
1048 1539 1161 1579 cuius
1193 1550 1335 1578 census
1367 1550 1415 1577 ex
1444 1538 1575 1578 mani-

196 1599 288 1648 bus,
325 1612 370 1638 ex
402 1599 604 1638 laboribus
637 1600 881 1650 substantia,
915 1613 1033 1650 quem
1063 1596 1233 1652 (cibus)
1265 1599 1413 1639 cotidie
1441 1598 1575 1649 poscit

297 1789 314 1820 1
348 1797 448 1821 nunc
480 1785 548 1820 illa
579 1786 704 1832 pietas
729 1793 768 1822 B
885 1787 1074 1823 nefandae
1105 1793 1179 1830 νβσ
1297 1790 1318 1821 2
1350 1796 1442 1821 non:
1477 1796 1576 1821 mm-

200 1844 315 1879 quam
340 1842 360 1876 β
456 1834 674 1879 parentium
698 1842 726 1869 V
793 1836 920 1871 minae
948 1845 984 1871 s:
1011 1836 1131 1872 mirae
1156 1850 1187 1870 ω
1261 1833 1532 1880 οαεὴὶςαίῡίοιιὶε,
1552 1839 1581 1868 V

201 1885 220 1917 7
247 1881 443 1927 potionem
469 1891 488 1925 β
585 1883 815 1931 maximum}
840 1891 867 1918 V
961 1888 981 1919 8
1015 1883 1153 1919 actoris
1180 1893 1200 1927 β
1299 1886 1343 1918 10
1363 1886 1450 1929 post
1472 1881 1576 1917 ultra

200 1933 224 1966 6
243 1931 311 1965 litt.
333 1942 379 1966 er.
396 1936 439 1965 M
510 1934 554 1966 12
582 1931 750 1966 divinum
763 1939 813 1976 M,
835 1932 979 1968 divitiis
994 1961 1001 1968 .
1019 1962 1024 1967 .
1042 1961 1049 1968 .
1065 1932 1168 1978 quod.
1185 1930 1321 1968 melius
1341 1932 1384 1968 in
1402 1941 1516 1977 mary.
1531 1944 1577 1965 m

202 1982 246 2014 15
271 1978 407 2014 fecitas
434 1985 478 2022 P,
503 1989 594 2016 corr.
614 1994 642 2020 p
764 1980 829 2025 qui
855 1992 930 2016 non
955 1980 1045 2016 nisi:
1073 1991 1189 2026 quam
1212 1986 1283 2016 BV
1399 1989 1481 2014 non
1499 1978 1576 2014 nisi

199 2037 268 2063 om.
290 2034 330 2072 «r,
356 2026 430 2062 nisi
457 2038 525 2062 om.
547 2034 607 2070 Μβ
718 2032 762 2063 16
788 2028 854 2063 ille
880 2039 943 2064 aes
970 2041 1037 2065 om.
1059 2037 1087 2064 tr
1195 2032 1238 2064 17
1266 2038 1347 2064 aes:
1374 2028 1432 2063 est
1457 2035 1504 2070 αβ

198 2085 293 2110 uxor
318 2076 402 2110 attu
420 2081 490 2110 BV
560 2079 603 2111 18
631 2078 806 2122 expectat
825 2083 862 2111 B
934 2077 1139 2112 adventum
1164 2086 1192 2112 cr
1263 2080 1308 2112 19
1334 2075 1440 2122 fingu
1464 2076 1576 2119 tam

200 2122 332 2169 fingite
356 2130 397 2168 νς
423 2123 523 2171 fingo
550 2125 587 2159 te
614 2130 665 2169 M,
690 2135 781 2161 corr.
802 2139 845 2159 m
944 2129 989 2161 20
1014 2126 1225 2161 cruciatum
1250 2131 1311 2167 Μβ
1397 2123 1578 2160 adamare

203 2195 287 2240 ΘΜ
320 2195 375 2231 sic
408 2207 440 2232 a.
468 2196 567 2241 Βοὴ,
600 2197 724 2242 ipsum
758 2207 790 2231 a.
818 2198 892 2232 Bu.
1018 2202 1061 2233 21
1094 2186 1267 2244 langssris
1298 2202 1351 2241 Βς
1380 2195 1576 2242 languoris

200 2243 280 2279 otia
306 2252 328 2279 c
450 2248 494 2280 22
528 2255 685 2291 aegrum
711 2256 808 2290 quae
835 2260 881 2291 ως
908 2257 999 2281 corr.
1031 2246 1095 2282 Gr.
1221 2246 1366 2281 diceret
1391 2258 1416 2279 α
1441 2246 1480 2290 (2
1505 2244 1574 2280 litt.

202 2293 243 2328 in
266 2292 340 2337 fine
365 2303 412 2328 er.
440 2299 479 2338 1⁷3
506 2304 597 2329 corr.
625 2293 638 2328 i
664 2295 706 2329 in
731 2304 751 2329 e
775 2295 831 2340 m)
929 2296 1012 2329 tota
1038 2300 1088 2338 Μ,
1114 2306 1206 2331 corr.
1226 2308 1270 2329 m
1356 2292 1530 2328 excusari
1554 2297 1587 2326 V

201 2344 246 2375 23
272 2340 509 2388 perdideris}
534 2348 562 2375 V
667 2351 820 2377 censum
847 2356 887 2386 α;
916 2353 1045 2377 sensus
1073 2349 1109 2377 Ρ
1216 2345 1261 2378 24
1287 2340 1430 2377 laboris
1456 2354 1484 2376 α

201 2389 307 2424 cibus
333 2389 419 2425 add.
441 2390 514 2426 Bu.
537 2393 623 2436 post
647 2390 787 2435 poscit;
814 2393 1029 2436 transposui
