1638 2560
498 93 817 132 DEGLAMA'I'IO
841 95 895 131 IX
920 98 1025 131 5—8.
1361 95 1448 138 173

68 211 235 253 servi-lia
261 223 379 250 arma
408 212 450 250 et
478 209 750 262 ignominiosa
780 212 910 250 morte
942 211 1134 261 perituro,
1164 212 1265 259 tum,
1297 211 1333 250 si
1363 210 1450 249 ulla

68 271 227 312 miseris
255 270 354 312 fides
385 273 458 320 est,
490 271 588 321 quid
618 272 763 310 horum
793 272 974 311 omnium
998 272 1134 323 ignari
1158 273 1326 323 agerent
1355 284 1449 322 pro-

69 332 216 384 pinqui
242 331 348 373 nihil
376 333 492 382 peius
518 331 567 371 (10
597 333 763 371 fortuna
793 344 885 371 mea
910 333 1160 383 suspicantes
1191 344 1315 382 quam
1340 331 1449 382 quod

70 393 327 444 scripseram:
368 392 477 432 fflud
516 394 654 432 tamen
699 394 983 445 gravissimum
1024 392 1134 443 quod
1175 394 1335 443 patrem
1378 393 1450 443 qui

22 468 52 495 ,5
70 453 231 494 tamdiu
265 466 347 493 non
378 453 535 492 veniret
572 454 737 504 captum
772 454 979 505 putabam.
1042 466 1138 505 ergo
1168 455 1259 493 tota
1296 454 1449 505 cogita-

71 515 184 556 fiono
212 514 393 553 intentus
423 514 468 552 in
495 516 668 554 mortem
693 515 953 565 expectabam
978 516 1189 554 cruentum
1213 514 1332 553 1110111
1356 526 1448 553 con-

70 575 273 616 fectorem.
335 575 426 625 quis
458 575 566 614 enim
597 574 755 614 dubitet
785 575 885 626 quid
915 576 1098 614 futurum
1130 575 1270 624 fuerit,
1308 574 1343 614 si
1375 587 1449 626 ego

69 633 341 687 pugnassem?
401 635 472 674 ille
509 648 669 686 quoque
713 637 867 676 occisus
912 637 972 676 est
1009 637 1081 686 qui
1123 637 1232 675 inter
1267 647 1359 685 1103,
1403 637 1451 674 ut

72 697 253 748 apparet,
282 696 429 736 fortior
458 696 549 736 fuit.

18 771 54 799 m
161 755 237 797 His
276 757 590 809 cogitationibus
629 757 804 796 attonito
843 759 884 796 et
919 758 962 796 in
994 759 1166 796 mortem
1202 758 1287 795 iam
1324 769 1452 807 paene

72 817 271 867 demerso,
301 818 515 868 inopinata
546 817 680 857 subito
714 819 835 857 amici
864 819 947 857 mei
977 819 1127 869 species
1159 817 1319 857 effulsit.
1384 817 1452 856 ob-

72 879 217 929 stipui,
256 879 468 928 totumque
513 890 656 929 corpus
692 879 894 930 percurrit
936 878 1108 931 frigidus
1151 891 1281 930 pavor
1323 891 1453 928 neque

74 938 206 988 aliter,
231 951 354 990 quam
379 939 415 978 si
439 951 546 978 vana
571 939 797 978 obiceretur
821 940 948 979 000113
976 940 1125 992 imago,
1150 940 1284 978 mente
1309 941 1452 989 captus

73 1000 180 1039 stefi„
242 999 314 1038 ubi
348 999 525 1050 primum
561 1000 631 1038 lux
667 1000 791 1039 rediit
826 1001 1087 1050 laxatumque
1120 1001 1182 1039 est
1210 1012 1338 1050 usque
1375 999 1453 1038 huc

19 1074 55 1102 111
72 1061 152 1100 iter
188 1061 295 1110 voci,
331 1055 447 1110 ‘quid
482 1057 577 1099 tu?'
619 1061 805 1111 inquam,
839 1057 934 1111 ‘quo
976 1073 1071 1100 casu
1114 1061 1336 1112 pervenisti
1375 1061 1454 1099 11110

73 1118 223 1160 miser?
283 1121 482 1171 numquid
513 1123 554 1160 et
583 1123 625 1160 te
656 1121 871 1160 vendidere
901 1123 1060 1172 piratae
1071 1117 1107 1159 ‘1³'
1170 1123 1214 1160 at
1244 1121 1314 1160 ille
1347 1133 1454 1161 com-

73 1181 214 1232 plexus
245 1182 419 1221 cervices
450 1194 561 1221 meas
593 1182 731 1222 effusis
760 1183 805 1221 in
839 1185 978 1233 pectus
1009 1195 1144 1221 meum
1180 1182 1360 1221 lacrimis
1392 1194 1454 1221 so-

73 1242 184 1282 lutus
227 1243 452 1293 intercepto
495 1255 622 1293 prope
663 1244 748 1282 iam
785 1244 932 1294 spiritu
975 1255 1063 1283 sero
1102 1244 1188 1282 iam
1223 1242 1454 1293 trepidante

74 1315 139 1342 me
174 1303 350 1356 primam
380 1315 520 1343 vocem
558 1305 600 1342 et
631 1303 701 1342 diu
738 1304 867 1343 solam
904 1303 1049 1343 edidit:
1087 1300 1202 1343 ‘satis
1232 1300 1345 1343 vixi'.
1408 1304 1456 1341 ut

21 1377 59 1404 zo
75 1376 171 1403 vero
202 1375 343 1404 causas
372 1363 531 1403 itineris
561 1364 739 1403 reddidit
769 1366 811 1403 et
840 1365 996 1404 venisse
1027 1377 1069 1404 se
1101 1364 1154 1403 ad
1177 1363 1455 1403 redimendum

75 1423 291 1464 indicavit:
323 1420 380 1463 ‘et
404 1421 540 1474 unde',
571 1425 750 1475 inquam,
783 1420 876 1463 ‘fibi
906 1425 1089 1475 pecunia,
1120 1425 1200 1463 nisi
1224 1424 1386 1464 redistis
1411 1424 1455 1463 in

77 1486 264 1536 gratiam,
295 1487 337 1524 et
366 1485 408 1523 te
438 1486 556 1535 pater
587 1498 699 1524 111003
730 1482 884 1525 misit?'

167 1544 318 1584 Audite
350 1547 506 1597 gentes,
538 1545 676 1585 audite
706 1547 865 1597 populi,
896 1559 978 1586 non
1002 1546 1124 1586 solita
1153 1545 1351 1584 iudicium
1382 1558 1452 1584 no·
1479 1545 1503 1582 8

78 1606 207 1644 strum
244 1618 392 1645 corona
429 1607 678 1655 circumstet,
722 1606 810 1656 sed,
853 1607 889 1646 si
924 1608 1082 1658 patitur
1124 1608 1272 1645 natura
1307 1619 1455 1656 rerum,

24 1679 59 1707 2⁵
77 1667 188 1707 totus
220 1666 273 1705 ad
303 1666 574 1718 cognitionem
604 1667 701 1706 talis
732 1668 906 1718 exempli
937 1667 1044 1707 orbis
1080 1667 1343 1707 circumfluat.
1394 1669 1456 1706 ta-

79 1728 165 1766 cete
194 1727 333 1778 priora
364 1727 536 1777 saecula,
570 1729 613 1766 in
646 1728 790 1778 quibus
821 1730 958 1767 tamen
991 1741 1015 1767 a
1045 1728 1266 1779 primordio
1299 1729 1455 1780 generis

78 1788 247 1827 humani
282 1788 527 1838 paucissima
565 1789 768 1828 amicitiae
807 1790 925 1840 paria
962 1788 1265 1829 admirabiliora
1305 1788 1458 1828 fecerat

178 1906 198 1938 2
230 1902 382 1939 horum:
409 1903 591 1940 honorem
615 1910 668 1948 Β;
700 1904 885 1940 honorum
911 1911 967 1949 Β,
993 1904 1054 1940 vel
1078 1904 1170 1959 hore
1194 1916 1297 1951 supr.
1318 1919 1361 1940 m

82 1966 103 1998 3
128 1974 215 1999 mea
240 1974 307 2000 om.
327 1970 361 1999 J
455 1964 692 2011 suspicantes
718 1971 755 2000 Β
851 1969 872 2000 5
904 1965 1040 2001 tandiu
1065 1971 1103 2000 Β
1198 1965 1386 2000 inveniret
1411 1971 1457 2009 B,

81 2011 123 2047 in
147 2011 214 2048 del.
236 2019 260 2046 ι
351 2012 517 2058 putabat
540 2019 588 2058 Β,
613 2025 704 2049 corr.
726 2020 750 2048 11
840 2025 910 2061 ego
937 2022 965 2048 <r
1059 2018 1080 2049 6
1107 2015 1301 2049 ementem
1326 2020 1364 2049 Β

82 2060 324 2096 confictorem
348 2067 386 2096 Β
483 2064 503 2096 9
536 2063 722 2109 apparet}
752 2062 790 2108 (2
816 2063 883 2098 litt.
904 2064 968 2108 er.)
988 2069 1025 2097 Β
1123 2066 1167 2098 10
1201 2061 1458 2108 cogitatiobus

82 2114 120 2144 Β
226 2109 283 2144 in:
315 2109 416 2145 inter
440 2115 520 2145 ΒΜ
629 2114 671 2146 11
705 2110 875 2147 (10100130
900 2122 946 2147 ex
970 2111 1133 2147 dimerso
1159 2118 1192 2146 J
1298 2110 1460 2146 obfulsit

88 2163 141 2192 Vct
234 2157 415 2204 obstupui
440 2173 471 2193 ω
496 2162 646 2204 praeter
670 2165 708 2194 Β
804 2163 848 2195 13
882 2170 1013 2205 quam:
1047 2171 1122 2204 quo
1150 2166 1186 2195 Ρ
1283 2163 1327 2195 14
1359 2159 1460 2194 redit

89 2211 134 2248 Vp
228 2217 349 2252 usque
382 2206 458 2242 huc
483 2213 535 2242 B:
562 2218 630 2243 om.
650 2209 759 2244 ceteri
856 2212 900 2243 15
927 2208 1028 2256 isster
1051 2214 1089 2243 Β
1183 2207 1322 2243 venisti
1348 2214 1391 2243 Μ

86 2256 130 2289 17
157 2252 296 2290 effusus
322 2259 356 2291 et
380 2254 547 2291 solutum
572 2256 646 2292 Bu.
730 2259 774 2291 18
799 2256 1058 2302 trepidantem
1084 2271 1109 2291 α
1184 2260 1228 2292 19
1255 2256 1405 2303 priman
1424 2263 1462 2291 Β

85 2305 130 2337 21
156 2301 301 2348 inquan
325 2309 364 2338 Β
453 2307 499 2339 24
526 2304 730 2340 circonstet
754 2311 792 2340 P
886 2309 931 2340 25
958 2305 1229 2351 cognitionem:
1257 2305 1460 2340 -nitionem

84 2351 127 2433 {a
150 2362 223 2387 ras.
238 2357 296 2435 1ἱΒς
323 2352 597 2398 cogitationem
623 2361 646 2388 ς’
767 2353 989 2389 circonfluat
1015 2360 1050 2388 P
1170 2357 1214 2389 27
1248 2353 1392 2388 fecerat
1418 2361 1458 2388 5⁶:

102 2409 238 2434 eceran
281 2414 311 2434 ω
