1638 2560
644 111 937 148 PRAEFATIO.
1397 111 1486 146 XIII

186 227 561 268 Perizonianum
598 228 648 265 in
685 227 809 266 folio
847 227 919 266 Nr.
949 228 1010 266 14
1042 226 1330 266 Leidensem
1362 220 1484 280 (N)¹)

77 288 196 338 ‚olim
225 288 463 328 monasterii
486 286 804 327 Audomarensis
829 287 1182 327 membranaceum
1213 285 1365 326 saeculi
1389 286 1486 325 XIV

94 349 287 390 foliorum
319 349 390 398 65,
419 348 612 387 binarum
643 349 940 397 columnarum,
970 360 1160 388 versuum
1194 348 1370 387 36—39
1405 346 1485 386 duo

93 409 255 451 librarii
285 409 554 458 confeeenmt,
585 410 699 460 prior
725 421 853 459 usque
879 408 931 448 ad
956 409 1101 448 folium
1128 409 1222 447 49¹⁰
1255 408 1486 460 diligenter,

93 470 296 522 posterior
326 469 588 522 neglegenter
625 469 758 509 officio
801 482 872 509 suo
910 469 1087 509 functus.
1143 471 1312 519 uterque
1344 468 1485 507 multis

94 529 344 582 compendiis
386 530 497 569 haud
539 543 632 569 raro
682 531 816 570 minus
860 531 1024 570 usitatis
1068 542 1164 569 usus
1210 531 1281 569 est.
1350 531 1484 568 textus

93 593 241 631 mirum
273 593 318 631 in
348 591 512 630 modum
544 591 789 641 depravatus
822 593 944 641 atque
976 591 1247 641 interpolatus
1279 593 1350 630 est.

186 652 355 692 Duobus
385 651 589 692 codicibus
627 652 810 704 gemellis
845 664 927 690 non
965 651 1096 691 solum
1128 663 1358 690 communes
1388 653 1487 690 sunt

93 714 288 753 lectiones
338 712 643 763 scripturaeque
686 712 885 763 plurimae
927 712 998 752 sed
1035 713 1161 751 etiam
1201 712 1309 751 idem
1350 711 1485 750 decla-

94 774 322 813 mationum
361 773 457 813 ordo
496 768 556 827 (2.
586 775 623 812 1.
653 774 720 812 13.
749 775 787 812 8.
817 775 854 812 5.
885 774 952 812 16.
982 774 1050 812 17.
1086 774 1152 812 10.
1182 775 1318 812 3.11.
1349 773 1417 811 12.
1445 773 1483 811 9.

97 836 136 874 4.
165 835 203 874 6.
233 836 270 872 7.
300 834 367 873 18.
397 835 464 873 19.
495 835 562 872 14.
591 828 679 888 15.)
727 837 767 872 et
810 836 972 884 praeter
1011 833 1349 884 subscriptionem
1392 835 1485 883 post

94 894 196 934 decl.
227 894 367 933 XVIII
408 896 612 933 servatam
653 895 736 933 alia
773 897 866 945 post
907 894 1006 934 decl.
1032 889 1126 948 X²);
1167 894 1257 933 dico
1299 894 1484 933 Parisi-

95 969 205 994 num
239 955 412 995 16230
444 957 486 994 et
518 954 877 994 Sorbonianum
911 956 1021 995 629.

186 1015 447 1056 Parisinus
468 1009 582 1070 (P)⁸)
609 1016 845 1055 chartaceus
867 1017 998 1054 forma
1018 1017 1281 1067 quaternaria
1301 1010 1482 1069 (20‚5><

97 1077 155 1116 28
182 1071 264 1129 cm)
297 1077 448 1116 saeculi
478 1076 575 1115 XIV
607 1078 789 1116 exeuntis
828 1077 926 1116 olim
963 1076 1232 1116 bibliothecae
1265 1075 1484 1116 cardinalis

95 1137 145 1176 de
170 1137 394 1187 Richelieu,
417 1139 506 1176 tum
527 1136 812 1186 Sorbonianus,
837 1151 944 1177 nunc
968 1137 1237 1176 bibliothecae
1262 1137 1484 1176 nationalis

94 1199 276 1238 continet
307 1198 408 1237 folia
441 1199 539 1237 104.
596 1197 909 1237 declamationes
947 1198 1150 1248 incipiunt
1180 1198 1249 1237 fol.
1278 1199 1347 1246 10,
1379 1197 1483 1237 desi-

95 1260 202 1299 nunt
223 1259 292 1298 fol.
321 1259 389 1298 91.
444 1259 603 1309 reliqua
628 1260 828 1309 scriptura
853 1261 1003 1298 carent.
1059 1259 1278 1309 unicuique
1306 1259 1483 1310 paginae

95 1321 192 1359 sunt
220 1319 341 1358 binae
381 1320 593 1358 columnae
631 1333 820 1359 versuum
853 1321 922 1359 40.
984 1319 1177 1359 librarius
1214 1331 1318 1358 unus
1350 1322 1483 1358 totum

94 1381 283 1420 volumen
315 1380 477 1430 scripsit
501 1380 676 1419 dilucide
702 1383 824 1431 atque
857 1381 1054 1430 accurate,
1087 1380 1218 1419 multa
1244 1379 1483 1431 compendia

94 1441 324 1491 multasque
355 1443 473 1480 notas
502 1441 701 1489 adhibuit,
731 1441 831 1480 bene
864 1441 1060 1480 distinxit.
1116 1441 1345 1480 rubricator
1376 1453 1482 1480 erro-

94 1501 208 1541 ribus
238 1502 380 1552 paucis
411 1501 569 1540 obelum
605 1502 812 1552 apposuit,
849 1502 923 1541 hos
964 1502 1146 1551 aliosque
1179 1504 1379 1540 corrector
1411 1496 1480 1555 (p)

95 1562 274 1602 eiusdem
307 1562 452 1601 aetatis
485 1562 725 1601 emendavit.
782 1563 1102 1613 praepositiones
1138 1575 1256 1613 saepe
1289 1575 1380 1601 cum
1412 1575 1481 1600 no-

95 1622 273 1662 minibus
317 1623 567 1662 coaluerunt.
615 1625 784 1672 pyrata,
827 1624 1009 1669 cathena,
1050 1624 1222 1668 thorum,
1263 1624 1367 1672 quod
1406 1636 1481 1674 pro

95 1695 217 1732 quam
248 1684 483 1733 saepissime
512 1684 785 1722 inveniuntur.

187 1743 287 1782 Fere
314 1743 483 1782 eundem
509 1746 665 1782 textum
690 1744 858 1794 praebet
884 1744 1215 1783 Sorbonianus
1236 1744 1313 1783 MS
1336 1739 1480 1797 6294)

96 1798 167 1858 (S)
200 1804 436 1843 chartaceus
477 1805 608 1843 forma
650 1806 909 1855 quaternaria
954 1803 1028 1855 (22
1056 1812 1114 1846 ><
1144 1806 1239 1855 29,5
1271 1799 1352 1859 cm)
1395 1818 1480 1844 sae-

95 1864 177 1903 culi
209 1864 296 1913 XV,
327 1865 518 1903 foliorum
552 1866 657 1914 232,
689 1878 877 1904 versuum
912 1866 1101 1905 40—48.
1160 1865 1340 1905 continet
1371 1865 1480 1905 foliis

99 1926 244 1964 1-76
288 1925 600 1965 declamationes
646 1925 904 1976 Quintiliani,
950 1926 1048 1966 folia
1098 1927 1284 1965 76—-79
1330 1927 1479 1965 litteris

97 1988 257 2035 vacant,
290 1988 514 2036 sequuntur
538 1986 607 2025 fol.
630 1987 835 2026 80—232
865 1987 1043 2038 quinque
1067 1987 1162 2025 libri
1186 1987 1480 2026 rhetoricorum

98 2045 262 2098 Georgii
294 2046 557 2097 Trapezuntii
588 2046 650 2086 his
682 2047 815 2086 verbis
847 2047 1051 2098 inscripti:
1090 2049 1245 2087 Eximio·
1275 2049 1480 2096 utriusque

97 2107 231 2156 linque
262 2109 431 2146 oratoris
465 2109 615 2157 yeoryii
652 2110 910 2157 trappezcmtii
941 2108 1239 2147 Rheioricomm
1270 2109 1368 2148 liber
1392 2110 1479 2157 pri-

195 2261 230 2303 1)
257 2258 302 2294 cf.
330 2258 561 2303 Hammer‚
587 2272 623 2306 p.
647 2264 703 2303 16,
736 2259 981 2305 Dessauer,
1008 2273 1045 2307 p.
1070 2264 1124 2296 17.

194 2310 230 2353 2)
257 2306 303 2342 cf.
330 2319 366 2353 p.
388 2311 458 2342 206
479 2308 565 2343 adn.

194 2358 232 2401 3)
258 2355 305 2391 cf.
331 2355 558 2400 Hammer,
584 2369 620 2403 p.
643 2361 700 2395 21.
726 2357 972 2400 Dessauer,
998 2370 1033 2403 p.
1056 2361 1112 2392 21.

194 2406 231 2449 4)
257 2403 303 2440 cf.
330 2404 574 2447 Dessauer,
602 2418 638 2452 p.
661 2410 716 2441 22.
