1638 2560
177 109 235 152 94
620 106 787 143 AEGER.
811 104 1108 141 REDEMPTVS
1144 112 1147 120 ¹

177 223 322 262 artifex
353 222 448 262 deus
481 219 523 260 in
555 234 762 261 commune
800 233 1026 260 succurrere
1059 222 1100 260 et
1130 233 1204 271 per
1238 221 1401 259 mutuas
1434 221 1546 259 auxi-

177 284 322 323 liorum
353 283 458 322 vices
489 282 532 320 in
565 282 690 321 altero
724 294 921 332 quemque
955 280 1062 331 quod
1092 294 1166 331 pro
1199 293 1240 320 se
1271 281 1446 331 timeret,
1476 280 1545 320 ad-

178 356 315 383 serere.
365 342 540 381 nondum
570 342 645 381 hoc
677 342 822 381 caritas
855 342 926 391 est,
957 354 1030 380 nec
1061 341 1242 392 personis
1272 342 1456 392 impensa
1485 354 1547 380 re-

176 404 366 453 verentia,
398 403 466 442 sed
498 402 689 441 similium
721 401 987 441 accidentium
1017 402 1178 452 providi
1209 403 1340 441 metus
1373 403 1413 441 et
1442 414 1548 441 com-

175 464 357 503 munium
388 463 647 503 fortuitorum
678 462 888 514 religiosus
920 462 1071 501 horror.
1116 462 1160 501 in
1191 462 1324 501 aliena
1352 462 1458 512 fame
1484 462 1547 502 sui
1585 475 1603 503 5

176 524 343 575 quisque
374 525 593 562 miseretur.
646 525 701 562 sic
734 523 839 562 cibos
872 522 1026 561 obsidio
1058 524 1246 573 partitur,
1278 523 1335 562 sic
1366 522 1547 574 inopiam

175 586 326 635 pariter
361 585 641 635 navigantium
678 584 908 633 frequenter
944 583 1063 622 unius
1102 583 1295 622 alimenta
1335 585 1545 634 paverunt.

173 645 265 683 hinc
297 645 336 683 et
372 644 442 683 ille
477 645 588 683 venit
625 644 805 683 adfectus
839 643 947 694 quod
983 644 1134 695 ignotis
1173 643 1435 683 cadaveribus
1473 644 1546 682 hu-

174 718 284 743 mum
309 705 538 756 ingerimus,
559 707 598 743 et
622 704 868 754 insepultum
895 704 1104 754 quodlibet
1126 716 1269 756 corpus
1295 705 1409 744 nulla
1433 703 1546 744 festi-

173 765 284 803 natio
316 766 400 803 tam
431 765 574 815 rapida
604 765 859 814 transcurrit,
899 767 946 803 ut
977 777 1058 804 non
1091 765 1449 816 quantulocunque
1479 778 1545 805 ve-
1565 778 1601 806 10

174 827 334 864 neretur
365 827 543 877 aggestu
1482 824 1484 826 ’

264 885 500 924 Parentibus
540 898 633 925 vero
677 885 794 924 liberi
837 898 917 924 non
961 885 1177 936 praestatis
1221 886 1433 936 alimenta,
1477 885 1547 926 sed

175 945 359 985 redditis:
392 947 555 996 quanto,
588 946 644 984 dii
671 946 858 996 deaeque,
888 946 1084 996 breviora,
1112 947 1263 996 quanto
1288 947 1446 986 minora
1470 959 1545 998 pro

175 1007 237 1044 101
267 1006 481 1056 infantiae,
511 1007 573 1045 tot
603 1007 799 1056 pueritiae
832 1006 1076 1058 sumptibus,
1107 1008 1193 1046 13111
1224 1007 1348 1046 variis
1379 1007 1445 1047 vel
1476 1007 1545 1046 ab·

174 1066 483 1105 stinentissimae
527 1066 748 1106 iuventutis
791 1066 1034 1118 impendiis?
1103 1069 1137 1106 si
1179 1067 1425 1107 mehercules
1468 1067 1543 1107 hoc
1563 1080 1598 1108 15

174 1139 331 1176 quoque
364 1126 487 1165 officii
518 1140 642 1178 genus
669 1129 813 1166 natura
839 1128 1103 1178 permitteret,
1133 1128 1234 1167 bene
1260 1141 1334 1180 pro
1360 1127 1542 1168 deficien-

173 1186 280 1225 tibus
313 1186 466 1237 aliquid
498 1189 539 1225 et
569 1187 654 1226 vita
685 1189 821 1226 vestra
852 1188 1106 1238 dependeret,
1137 1188 1366 1239 iterumque
1393 1201 1439 1228 ex
1470 1188 1544 1228 ill'a

174 1259 295 1296 quam
319 1247 513 1298 traxistis,
547 1248 679 1286 anima
704 1248 837 1299 portio
864 1248 996 1288 brevis
1021 1248 1065 1287 111
1091 1261 1206 1288 suum
1231 1249 1382 1288 rediret
1407 1251 1543 1289 aucto-

171 1320 265 1345 rem.
315 1307 440 1346 vultis
465 1309 564 1347 scire
585 1310 758 1358 quantus
783 1310 937 1348 nomini
962 1311 1100 1348 nostro
1121 1309 1314 1349 debeatur
1333 1308 1543 1350 adfectus?

172 1369 323 1417 quanta
353 1367 586 1407 veneratio?
646 1382 727 1408 non
759 1371 819 1408 est
849 1369 1086 1408 beneficium
1118 1370 1225 1420 quod
1255 1370 1440 1421 pascitis,
1473 1369 1543 1410 sed
1561 1383 1596 1410 20

172 1428 232 1466 est
256 1427 411 1466 facinus
439 1428 543 1478 quod
568 1431 736 1481 negatis.
786 1429 931 1468 liberi
962 1432 1192 1480 parentes
1225 1431 1372 1470 alant.
1416 1430 1542 1482 pudet

172 1499 372 1526 sacrorum
410 1490 633 1539 nominum,
671 1490 796 1540 pudet
826 1490 1033 1541 religionis
1067 1491 1278 1530 humanae.
1340 1492 1416 1530 1100
1447 1503 1541 1543 ergo

171 1547 233 1585 lex
266 1546 370 1586 erit?
419 1549 515 1598 quid
546 1550 739 1600 imprecer
769 1550 923 1589 homini
956 1551 1026 1601 qui
1056 1552 1210 1602 primus
1242 1552 1349 1602 fecit,
1381 1553 1429 1591 ut
1455 1551 1542 1603 pie-

169 1609 255 1646 tate
298 1608 553 1647 iuvaremur‘?
620 1610 765 1648 liberi
814 1614 1044 1661 parentes
1094 1612 1241 1651 alant.
1311 1625 1334 1651 0
1379 1612 1539 1652 crudele

169 1668 338 1706 factum!
401 1681 423 1707 0
461 1683 665 1719 nunquam
706 1671 862 1710 tristior
901 1671 1045 1711 fames!
1089 1672 1150 1711 113
1189 1673 1323 1723 pascit
1362 1672 1432 1712 ille
1470 1672 1594 1723 (111125

171 1726 354 1778 cogitur?

263 1787 351 1827 Non
377 1789 569 1839 meruisti,
601 1791 748 1841 inquit,
781 1791 970 1842 accipere.
1023 1792 1180 1832 discede
1204 1794 1348 1843 pietas,
1381 1793 1539 1844 quiesce

169 1847 390 1898 paulisper:
427 1849 640 1889 infirmitas
677 1852 967 1891 remuneranda
999 1853 1062 1892 sit.
1125 1854 1302 1903 primum
1333 1854 1397 1893 lex
1431 1867 1539 1894 seve-

168 1908 328 1946 rissima
365 1910 442 1959 est,
483 1911 530 1949 ut
569 1911 713 1950 fortius
755 1912 946 1950 alimenta
986 1916 1215 1963 poscantur.
1277 1913 1539 1965 perdiderunt

167 1968 507 2018 pulchritudinem
551 1971 885 2022 sanctitatemque
934 1975 1103 2013 naturae
1148 1975 1218 2025 qui
1263 1976 1412 2025 putant
1453 1974 1536 2014 illis
1556 1987 1592 2015 ao

167 2029 401 2079 parentibus
438 2031 528 2068 iura
565 2043 792 2070 succurrere
826 2032 970 2082 quibus
1003 2034 1111 2084 apud
1148 2034 1296 2074 liberos
1331 2035 1445 2075 salva
1477 2037 1537 2075 est

263 2170 284 2202 5
310 2142 440 2203 horror
471 2175 499 2203 V
592 2173 612 2204 6
638 2158 784 2215 1131111111·
809 2177 860 2216 Β;
896 2172 1041 2217 patitur
1067 2180 1103 2207 Ρ
1197 2177 1218 2209 8
1244 2173 1386 2210 innotis
1417 2180 1446 2209 V

166 2219 187 2250 9
218 2215 426 2262 ingerimus
459 2217 512 2252 vel
537 2218 773 2264 congerimus
800 2227 836 2254 s:
870 2220 1035 2266 gerimus
1061 2236 1091 2255 ω
1209 2226 1251 2257 11
1279 2223 1458 2269 aggestu:
1491 2233 1535 2258 30

165 2264 276 2310 gestu
307 2270 335 2299 V
411 2267 454 2299 17
480 2266 621 2301 vestra:
647 2268 778 2302 nostra
804 2275 831 2302 σ
901 2269 1133 2314 dependeret
1158 2284 1198 2306 a:
1227 2271 1452 2316 deperderet
1476 2279 1535 2315 βγς

166 2311 465 2358 deprehenderet
490 2321 517 2348 σ·
612 2317 656 2349 18
688 2315 729 2349 111
755 2327 863 2350 suum
888 2328 956 2353 om.
976 2323 1028 2362 B3
1061 2317 1146 2354 add.
1169 2325 1192 2352 b
1292 2322 1336 2355 19
1361 2319 1475 2355 voltis
1500 2325 1538 2354 B

166 2399 210 2432 25
235 2398 368 2443 pascet
399 2403 427 2432 V
519 2401 563 2433 29
590 2385 794 2444 pssseantur
818 2406 856 2434 Β
952 2404 996 2436 31
1023 2366 1224 2438 ΙίὔθῖἷΙέεὴ
