1638 2560
510 95 828 134 DECLAMATIO
855 97 872 132 Ι
897 100 1001 133 3—6.
1417 97 1441 138 7

75 214 283 264 praeterea
307 213 527 263 quicquam
557 224 599 251 se
632 225 679 250 ex
709 212 772 250 his
803 223 976 251 noverca
1003 210 1183 260 sensisse,
1215 222 1307 249 cum
1330 211 1444 249 iuxta

76 273 234 324 iaceret,
257 285 331 312 nec
351 272 537 324 explicat,
561 272 666 311 unde
692 271 795 311 illud
820 271 1027 311 acciderit:
1057 271 1255 310 maximae
1285 271 1444 322 signum

75 333 367 385 trepidationis.
429 333 464 372 si
502 334 542 372 et
578 333 695 384 pater
731 345 812 371 uno
850 332 936 371 ictu
973 332 1156 383 perierit,
1196 344 1325 382 neque
1364 331 1445 371 ista

75 393 292 446 vigilabat,
334 405 542 444 nunquam
585 393 766 445 gladium
808 392 974 443 reliquit
1016 404 1226 443 percussor
1269 404 1444 431 securus.

39 467 57 495 5
164 455 332 505 reliqua,
363 454 526 504 iudices,
556 454 726 492 nimium
757 455 954 504 suspecta,
988 452 1155 504 inprobe
1187 452 1440 492 adsimulata.
1467 452 1492 489 5

75 515 390 566 spatiosissimus
426 514 559 566 paries
597 515 638 552 et
674 514 954 565 longissimum
985 513 1126 553 domus
1157 514 1266 552 latus
1303 513 1446 552 habuit

75 577 191 615 notas
217 574 422 627 sanguinis
443 587 542 625 quas
567 575 777 625 reliquisse
797 574 1003 614 videretur
1027 586 1170 613 manus
1196 574 1445 613 revertentis.

76 648 100 676 ο
133 648 255 687 quam
283 635 396 686 bene,
429 634 620 686 quicquid
644 635 800 685 volunt,
830 635 1042 674 imitantur
1067 634 1192 674 oculi!
1225 636 1379 685 stupeo,
1411 633 1445 673 si

76 709 156 747 qua
187 698 249 736 est
278 695 388 747 fides,
419 695 554 735 omnia
585 695 817 747 privignum
847 695 920 734 illa
947 696 1064 734 nocte
1095 695 1247 734 fecisse.
1297 694 1447 734 dicitur

23 770 58 798 ιο
77 756 130 796 ad
165 758 306 796 votum
342 769 535 796 novercae
576 756 756 807 gladium
792 757 837 794 in
873 755 1037 795 vulnere
1076 755 1286 806 reliquisse
1327 768 1446 806 quem

76 829 194 856 suum
223 830 369 868 negare
401 829 482 856 non
506 817 650 867 posset.
701 815 844 855 deinde
869 829 940 867 per
964 818 1097 855 totum
1127 816 1323 867 parietem
1349 815 1447 866 quid

77 876 188 916 aliud
224 877 491 927 inscripsisse,
529 889 654 928 quam
691 889 732 916 se
772 875 1042 927 parricidam?
1084 877 1278 927 sanguine
1317 876 1446 927 patris

76 950 202 988 usque
233 937 286 977 ad
319 937 549 977 cubiculum
581 949 697 976 suum
727 937 957 988 perduxisse
989 938 1029 976 et
1053 937 1162 976 viam
1188 936 1446 987 sequentibus

75 996 315 1048 reliquisse?
346 998 444 1037 haec
468 998 565 1036 fecit
585 997 731 1048 aliquis
756 996 1002 1049 negaturus?
1034 998 1217 1049 gratulor
1240 997 1330 1046 tibi,
1350 997 1446 1036 adu-

22 1059 244 1109 1⁶lescens,
281 1060 316 1098 si
346 1071 426 1098 non
456 1058 629 1108 potuisti
665 1058 927 1109 parricidium
963 1058 1068 1096 illud
1099 1057 1330 1107 admittere,
1367 1058 1447 1097 nisi

76 1121 123 1158 ut
152 1119 397 1170 relinqueres
429 1120 711 1171 argumentum
736 1119 954 1168 caecitatis,
985 1118 1165 1157 habuisti
1193 1118 1446 1158 innocentiae

74 1180 364 1219 necessitatem.

167 1239 342 1280 Causam
389 1240 516 1291 igitur
563 1239 744 1279 miserini
793 1238 1059 1278 adulescentis
1112 1240 1169 1278 sic
1219 1238 1326 1290 apud
1374 1251 1445 1279 vos

77 1313 196 1352 agere
232 1300 441 1352 proposui,
477 1300 525 1339 ut
555 1301 732 1351 primum
768 1300 902 1351 ipsum
939 1299 1168 1349 defendam,
1206 1301 1322 1350 quasi
1355 1312 1445 1338 reus

22 1373 59 1402 ιο
76 1361 238 1400 tantum
269 1361 340 1411 sit,
378 1360 520 1401 deinde
552 1373 643 1399 cum
674 1373 757 1400 esse
795 1372 956 1399 securus
989 1360 1037 1399 de
1068 1360 1186 1399 huius
1217 1359 1446 1399 innocentia

77 1433 256 1472 coepero,
285 1423 383 1460 tunc
407 1420 612 1472 ingrediar
636 1433 829 1460 novercae
855 1420 1159 1460 accusationem.
1212 1420 1445 1472 spectabitis

77 1483 290 1532 utrumque
310 1482 394 1521 suis
419 1481 609 1531 moribus,
629 1482 712 1521 suis
733 1482 880 1520 causis:
912 1481 989 1520 erit
1013 1481 1172 1520 facilior
1196 1481 1264 1519 via
1289 1482 1445 1520 vestrae

76 1541 293 1594 religionis.
357 1554 603 1593 quamquam
647 1541 746 1581 duos
790 1541 939 1580 indicia
983 1542 1189 1592 complexa
1232 1541 1331 1591 sint,
1374 1553 1446 1580 vos

76 1603 212 1642 tamen
242 1603 451 1653 tamquam
482 1602 530 1641 de
563 1602 731 1654 sing-ulis
763 1602 1043 1653 cognoveritis.

24 1675 59 1703 85
167 1663 223 1702 Et
252 1663 428 1713 primum
459 1663 516 1702 sic
542 1675 672 1714 agam,
702 1664 911 1713 tamquam
936 1662 1091 1702 iuvenis
1123 1661 1271 1701 habeat
1297 1662 1443 1712 oculos,
1470 1670 1495 1706 6

77 1724 287 1773 tamquam
311 1723 485 1773 impetus
511 1724 595 1762 eius
620 1723 733 1762 nulla
759 1724 935 1774 corporis
961 1723 1170 1762 debilitate
1195 1722 1444 1774 frangantur.

175 1865 195 1897 2
227 1861 391 1898 maxime
416 1868 486 1898 BV
567 1865 587 1898 3
613 1862 709 1898 ictu:
735 1861 843 1898 hictu
867 1868 905 1897 Β
981 1873 1104 1907 neque
1130 1873 1197 1899 om.
1219 1868 1255 1896 P
1338 1864 1359 1896 5
1387 1872 1447 1896 su-

79 1935 225 1980 specta:
259 1935 434 1981 suscepta
465 1940 546 1969 ΒΜ
652 1938 671 1970 6
698 1910 820 1970 labuit
844 1940 881 1969 Β
987 1938 1031 1970 10
1064 1945 1176 1980 quem
1190 1955 1234 1960 —-
1249 1933 1446 1979 reliquisse

79 2007 101 2043 l.
126 2010 170 2042 14
193 2017 260 2043 om.
282 2013 318 2050 S,
345 2007 388 2043 in
413 2019 527 2054 mary.
549 2006 635 2043 add.
656 2021 678 2041 ε
741 2010 783 2042 11
810 2007 932 2042 totam
956 2013 992 2042 Ρ
1060 2010 1102 2041 12
1129 1994 1345 2051 inscripsisse
1365 2012 1401 2040 B

78 2058 160 2100 post
183 2055 414 2101 parricidam
438 2056 673 2100 interpunxit
698 2056 749 2091 H.
818 2054 1042 2101 sanguinem
1068 2061 1117 2097 Sy
1210 2058 1254 2090 14
1279 2054 1374 2089 haec
1400 2068 1445 2089 m:

79 2103 152 2138 hoc
177 2111 222 2138 ος
317 2103 411 2139 facit
436 2112 456 2146 β
481 2105 586 2150 (corr.
607 2105 641 2148 n)
725 2102 936 2138 adoliscens
961 2109 998 2138 Β
1096 2107 1139 2139 15
1166 2102 1287 2150 illud}
1313 2109 1354 2137 Μ

82 2178 126 2210 16
151 2163 356 2221 reliqueras
381 2182 418 2211 Β
504 2179 547 2211 17
573 2175 854 2211 necessitatem:
888 2174 1111 2211 caecitatem
1136 2182 1170 2210 J
1247 2178 1290 2209 18
1316 2174 1447 2210 miser-

79 2222 152 2267 ini,
187 2225 233 2269 cf.
257 2235 296 2270 p.
316 2226 429 2268 4,17:
462 2223 694 2259 miseremini
723 2230 816 2267 ΒΜ,
848 2223 908 2258 vel
935 2223 1137 2259 miserrimi
1168 2234 1268 2268 supr.
1290 2237 1348 2268 ηις
1378 2223 1448 2258 mi-

82 2271 227 2307 serrimi
251 2273 386 2319 reliqui
459 2272 702 2308 adoliscentis
727 2278 778 2316 Β;
805 2271 950 2307 iuvenis
971 2278 1013 2308 M
1084 2275 1129 2308 20
1156 2283 1256 2307 cum:
1284 2272 1342 2307 est
1367 2277 1403 2306 P

81 2318 178 2379 l{uua
197 2350 235 2379 n
282 2348 326 2380 22
354 2344 441 2380 erit:
463 2345 609 2390 eritque
623 2351 705 2387 my
756 2347 800 2379 23
825 2343 968 2390 vssosn
1015 2344 1173 2380 indicia:
1195 2343 1339 2378 iudicia.
1358 2351 1400 2385 ργ

83 2391 239 2437 coplexa
263 2399 292 2427 V
372 2397 417 2428 24
443 2394 639 2439 tamquam
654 2414 697 2419 —
713 2403 826 2438 agam
851 2393 873 2428 l.
895 2396 941 2428 25
970 2404 1037 2429 om.
1059 2399 1096 2437 S,
1122 2393 1165 2428 in
1183 2403 1298 2438 mary.
1321 2391 1406 2427 add.
1427 2404 1448 2426 ε
