1638 2560
131 726 181 763 15

202 131 287 175 180
742 123 1024 162 GLADIATOR

199 246 405 297 permixtis
436 243 619 282 inaudita
650 240 908 291 temporibus,
941 240 976 277 si
1000 250 1062 277 me
1089 249 1246 288 semper
1272 235 1416 275 habuit
1440 236 1566 275 cario-

199 320 283 345 rem
314 306 458 355 spiritu
489 315 578 353 suo,
617 303 790 341 etiamne
822 298 1077 350 despicienda
1107 298 1209 336 mihi
1238 295 1435 336 rarissimi
1471 296 1568 336 boni

201 367 353 405 occasio
390 362 496 402 fuit?
559 365 601 402 at
638 375 710 414 ego
747 362 984 412 perpetuam
1020 357 1223 409 quandam
1259 357 1361 397 mihi
1396 357 1569 410 gloriam

200 439 305 475 reor,
350 424 456 475 quod
498 424 567 462 ille
609 423 790 462 caelestis
837 421 994 459 animus
1037 432 1100 458 me
1143 418 1400 470 potissimum
1449 429 1568 468 quem

201 487 364 534 amaret,
397 484 572 536 elegerit,
605 496 677 534 ego
709 483 785 520 sim
815 480 1009 532 probatus
1041 481 1157 518 tanto
1188 478 1330 518 iudice.
1379 491 1444 517 me
1471 489 1567 528 quo·

202 560 277 596 que
307 545 433 596 igitur
470 545 572 583 feret
602 543 710 582 fama
741 555 813 593 per
844 542 981 593 gentes
1014 542 1054 579 et
1085 540 1205 579 amici
1242 538 1429 578 laudibus
1463 538 1567 576 inlu-

201 606 321 645 strior
364 606 509 644 vivam.
573 603 706 642 credet
749 603 896 652 aliquis
946 601 1050 639 idem
1094 613 1158 639 me
1207 612 1281 651 pro
1330 599 1402 638 illo
1446 598 1569 637 fuisse

200 667 412 705 facturum.

292 722 405 774 ‘Gur,
450 738 540 763 cum
576 723 731 762 inimici
768 735 840 761 nos
879 734 1070 771 essemus,
1115 734 1186 760 vos
1227 719 1348 759 amici
1389 719 1524 758 fuistis
1533 715 1566 756 ‘?’

203 786 312 825 aliud
342 786 417 824 hoc
449 786 535 824 loco
568 785 717 823 crimen
749 795 931 834 agnosco.
994 782 1247 832 peccavimus
1280 780 1397 829 enim,
1428 779 1570 829 fateor,

201 847 455 897 peccavimus
486 845 609 895 quod,
641 857 731 883 cum
763 843 882 882 amici
913 854 1104 892 essemus,
1135 854 1206 881 vos
1237 841 1393 880 inimici
1423 839 1568 880 fuistis.

201 907 317 956 haec,
347 906 515 955 iudices,
547 905 697 944 diutius
731 916 954 954 exequerer,
986 903 1065 942 nisi
1097 902 1284 942 absoluta
1318 902 1451 941 essent
1480 901 1569 951 ipso

202 967 332 1005 iudice
362 968 487 1016 patre.
538 966 702 1016 longum
727 966 810 1003 iam
835 965 952 1003 istius
979 963 1157 1003 criminis
1182 964 1341 1013 tempus
1368 962 1439 1011 est,
1470 973 1570 999 nun-

205 1040 325 1077 quam
356 1026 512 1075 obiecit,
546 1039 753 1075 nunquam
786 1024 1007 1064 excanduit.
1071 1023 1215 1074 ecquid
1244 1023 1319 1062 hoc
1349 1023 1456 1061 inter
1486 1033 1571 1071 nos,

203 1089 329 1137 pater,
362 1088 557 1136 convenit,
589 1099 637 1125 ne
670 1086 703 1125 si
734 1086 934 1137 longiores
965 1086 1115 1135 repetis
1141 1084 1323 1133 offensas,
1355 1081 1463 1133 apud
1487 1094 1572 1120 ma-

204 1147 335 1199 lignos
372 1147 545 1186 videaris
588 1159 650 1185 me
694 1146 823 1185 iratus
864 1159 943 1184 non
986 1142 1229 1184 redemisse?
1290 1143 1359 1183 sed
1402 1143 1437 1182 si
1475 1141 1574 1192 quid

206 1208 299 1246 ante
318 1208 603 1246 commisissem
629 1207 719 1246 odio
744 1208 814 1245 tuo
841 1206 1017 1257 dignum,
1043 1204 1214 1255 potuisti
1239 1216 1302 1243 me
1321 1203 1572 1253 redemptum

205 1281 284 1307 non
315 1269 499 1318 recipere.
561 1268 819 1306 manifestum
851 1268 911 1306 est
942 1279 1035 1317 ergo
1066 1267 1107 1304 te
1139 1266 1332 1316 patiente,
1366 1263 1409 1302 id
1440 1265 1502 1303 est
1531 1264 1572 1317 te

205 1328 375 1378 volente,
411 1329 583 1366 amicum
613 1327 713 1365 mihi
743 1327 865 1366 fuisse
897 1327 1091 1366 iuvenem.
1156 1327 1196 1365 et
1227 1338 1322 1365 sane
1353 1337 1434 1364 non
1465 1323 1572 1363 solus

203 1390 247 1426 in
283 1389 358 1427 hac
400 1388 515 1426 fuisti
557 1388 766 1427 sententia.
828 1387 934 1426 idem
977 1387 1060 1425 filio
1104 1386 1289 1437 permisit
1325 1386 1366 1424 et
1407 1396 1572 1435 pauper.

206 1450 349 1499 atquin
380 1450 415 1487 si
444 1456 550 1499 pars'
568 1448 665 1487 haec
691 1461 832 1487 causae
865 1461 966 1498 quae
999 1447 1246 1486 confessione
1278 1446 1391 1498 longi
1421 1445 1574 1484 silentii

208 1508 390 1547 absoluta
426 1508 543 1547 hodie
573 1510 616 1546 in
649 1510 911 1548 accessionem
942 1509 1120 1547 criminis
1155 1507 1321 1546 alterius
1353 1505 1574 1553 deducitur,

209 1570 339 1618 potest
370 1569 477 1618 apud
507 1581 577 1608 vos
614 1569 829 1619 impetrare
861 1569 1038 1617 veniam,
1075 1568 1234 1608 facilior
1264 1567 1370 1606 certe
1406 1578 1574 1616 sequen-

208 1630 311 1667 tium
341 1628 445 1667 ratio
472 1630 542 1678 est,
574 1629 642 1667 ille
669 1630 774 1668 enim
800 1642 894 1668 sane
925 1629 1048 1667 fuerit
1072 1628 1228 1667 inimici
1252 1627 1372 1677 filius,
1402 1626 1468 1665 hic
1490 1626 1575 1664 iam

210 1691 270 1727 est
301 1690 419 1727 amici
449 1690 574 1738 pater.

299 1748 382 1787 Nec
412 1750 571 1799 ignoro,
608 1749 774 1798 iudices,
814 1763 935 1799 quam
965 1749 1070 1788 male
1102 1750 1182 1789 ista
1214 1747 1390 1787 defensio
1423 1746 1472 1785 de
1502 1746 1574 1784 hu-

209 1821 327 1847 mano
366 1821 506 1860 genere
543 1811 754 1859 mereatur,
792 1810 825 1848 si
863 1809 961 1848 adeo
999 1810 1101 1848 nihil
1139 1811 1198 1848 est
1234 1822 1307 1860 per
1344 1821 1385 1848 se
1422 1806 1575 1845 miseri-

211 1868 363 1918 cordia,
401 1870 447 1906 ut
483 1870 561 1908 nisi
597 1870 764 1908 ulterior
795 1871 932 1920 aliqua
969 1871 1185 1909 necessitas
1222 1868 1368 1921 pudori
1399 1868 1483 1908 vim
1520 1867 1576 1905 fe-

307 2011 327 2042 2
355 2006 591 2053 dispicienda
615 2014 652 2042 Β
724 2008 908 2043 carissimi
933 2015 965 2044 J
1035 2008 1048 2043 i
1073 2009 1246 2044 ultimum
1269 2007 1368 2043 vocis
1394 2004 1578 2061 rarissimi

210 2084 245 2115 et
268 2079 358 2115 boni
384 2079 531 2115 occasio
556 2080 598 2115 in
617 2092 690 2116 ras.
712 2087 735 2114 b
803 2084 823 2114 3
850 2081 1011 2127 gloriam
1036 2080 1130 2116 mihi
1161 2086 1190 2115 V
1258 2082 1279 2115 5
1306 2065 1474 2125 elegerat
1497 2083 1530 2112 V

211 2131 297 2163 write
328 2139 397 2174 ego
431 2128 517 2163 add.
545 2128 719 2173 quodque
747 2137 784 2173 ςς
817 2130 855 2164 et
879 2129 983 2165 Dese.
1108 2141 1191 2164 sum
1215 2134 1245 2162 V
1362 2131 1380 2162 7
1409 2126 1579 2163 crederet

211 2182 248 2211 Β
342 2186 403 2211 1116
429 2175 566 2221 aliquis
591 2176 693 2213 idem
723 2183 752 2211 V
856 2181 876 2212 9
909 2189 1010 2213 cum:
1039 2189 1116 2213 non
1141 2185 1168 2212 <r
1272 2186 1339 2212 vos
1354 2196 1399 2202 —·
1413 2184 1578 2211 essemus

213 2225 235 2261 l.
257 2227 301 2259 11
329 2236 395 2260 om.
418 2230 461 2259 Μ
579 2228 623 2259 14
655 2225 800 2260 obicem
827 2232 862 2260 Ρ
975 2225 1113 2271 ecquid
1142 2226 1267 2262 Desa:
1303 2235 1324 2259 6
1350 2223 1443 2269 quid
1467 2229 1508 2266 νς
1540 2223 1580 2258 et

213 2272 306 2317 quid
330 2273 465 2318 reliqui
562 2276 605 2307 15
631 2284 679 2309 116
705 2273 737 2308 si
767 2280 805 2309 V:
832 2273 906 2308 nisi
930 2275 1064 2319 reliqui
1159 2274 1335 2319 repetens
1361 2278 1411 2316 Μ,
1437 2271 1496 2307 vel
1520 2281 1579 2306 re-

211 2320 311 2366 petis
336 2335 379 2355 m
478 2324 521 2356 18
546 2320 731 2366 patientie
757 2328 806 2366 1²3
833 2322 1042 2367 patientem
1064 2329 1106 2357 M
1199 2321 1241 2356 id
1266 2321 1325 2356 est
1349 2320 1417 2356 del.
1437 2331 1535 2356 mem
1557 2321 1580 2355 3

212 2369 349 2405 codicis
373 2375 410 2403 P
505 2373 549 2404 20
575 2369 648 2404 hac
673 2381 739 2406 om.
760 2376 805 2415 Β,
831 2372 873 2406 in
891 2382 1005 2417 mary.
1027 2370 1112 2406 add.
1134 2377 1157 2404 υ
1256 2373 1300 2405 21
1326 2367 1527 2416 longinqui
1550 2374 1583 2403 J

215 2420 259 2452 22
284 2416 566 2466 1116666661οΠ6111
590 2423 627 2452 Β
723 2422 767 2454 26
794 2430 923 2464 quam:
950 2419 1051 2464 quod
1072 2425 1108 2454 P
1203 2421 1248 2454 28
1274 2417 1363 2453 nisi:
1392 2417 1424 2453 si
1448 2423 1486 2452 Β

1590 791 1624 819 10

1592 1093 1626 1121 15

1594 1697 1629 1725 25
