<?xml version="1.0" encoding="UTF-8"?>
<!DOCTYPE html PUBLIC "-//W3C//DTD XHTML 1.0 Transitional//EN"
    "http://www.w3.org/TR/xhtml1/DTD/xhtml1-transitional.dtd">
<html xmlns="http://www.w3.org/1999/xhtml" xml:lang="en" lang="en">
 <head>
  <title>
</title>
<meta http-equiv="Content-Type" content="text/html;charset=utf-8" />
  <meta name='ocr-system' content='tesseract 3.04.00' />
  <meta name='ocr-capabilities' content='ocr_page ocr_carea ocr_par ocr_line ocrx_word'/>
</head>
<body>
  <div class='ocr_page' id='page_1' title='image "./quintilianiquaef00lehnuoft_0221.png"; bbox 0 0 1638 2560; ppageno 0'>
   <div class='ocr_carea' id='block_1_1' title="bbox 0 0 279 83">
    <p class='ocr_par' dir='ltr' id='par_1_1' title="bbox 0 0 279 83">
     <span class='ocr_line' id='line_1_1' title="bbox 0 0 279 83; baseline 0 2477"><span class='ocrx_word' id='word_1_1' title='bbox 0 0 279 83; x_wconf 95' lang='lat' dir='ltr'><strong> </strong></span> 
     </span>
    </p>
   </div>
   <div class='ocr_carea' id='block_1_2' title="bbox 495 113 1467 156">
    <p class='ocr_par' dir='ltr' id='par_1_2' title="bbox 495 113 1467 156">
     <span class='ocr_line' id='line_1_2' title="bbox 495 113 1467 156; baseline -0.003 -6"><span class='ocrx_word' id='word_1_2' title='bbox 495 113 814 151; x_wconf 70' lang='lat' dir='ltr'>DECLAMATIO</span> <span class='ocrx_word' id='word_1_3' title='bbox 838 113 891 149; x_wconf 91' lang='lat' dir='ltr'><strong>IX</strong></span> <span class='ocrx_word' id='word_1_4' title='bbox 911 115 1065 149; x_wconf 84' lang='lat'>18-20.</span> <span class='ocrx_word' id='word_1_5' title='bbox 1381 113 1467 156; x_wconf 88' lang='lat'><strong>185</strong></span> 
     </span>
    </p>
   </div>
   <div class='ocr_carea' id='block_1_3' title="bbox 90 227 1468 461">
    <p class='ocr_par' dir='ltr' id='par_1_3' title="bbox 90 227 1468 461">
     <span class='ocr_line' id='line_1_3' title="bbox 91 227 1467 280; baseline -0.001 -12"><span class='ocrx_word' id='word_1_6' title='bbox 91 227 264 280; x_wconf 84' lang='lat' dir='ltr'><strong>paratio.</strong></span> <span class='ocrx_word' id='word_1_7' title='bbox 326 230 371 268; x_wconf 83' lang='lat' dir='ltr'><strong>at</strong></span> <span class='ocrx_word' id='word_1_8' title='bbox 403 229 476 268; x_wconf 87' lang='lat' dir='ltr'><strong>ille</strong></span> <span class='ocrx_word' id='word_1_9' title='bbox 512 229 614 268; x_wconf 88' lang='lat' dir='ltr'><strong>mihi</strong></span> <span class='ocrx_word' id='word_1_10' title='bbox 652 228 859 279; x_wconf 84' lang='lat' dir='ltr'><strong>praestitit</strong></span> <span class='ocrx_word' id='word_1_11' title='bbox 896 227 1004 279; x_wconf 91' lang='lat' dir='ltr'><strong>quod</strong></span> <span class='ocrx_word' id='word_1_12' title='bbox 1039 240 1121 267; x_wconf 90' lang='lat' dir='ltr'><strong>non</strong></span> <span class='ocrx_word' id='word_1_13' title='bbox 1157 228 1312 279; x_wconf 87' lang='lat' dir='ltr'><strong>rogavi.</strong></span> <span class='ocrx_word' id='word_1_14' title='bbox 1374 230 1467 267; x_wconf 91' lang='lat' dir='ltr'><strong>utro</strong></span> 
     </span>
     <span class='ocr_line' id='line_1_4' title="bbox 90 287 1468 340; baseline -0.001 -12"><span class='ocrx_word' id='word_1_15' title='bbox 90 301 156 328; x_wconf 89' lang='lat' dir='ltr'><strong>me</strong></span> <span class='ocrx_word' id='word_1_16' title='bbox 194 287 379 329; x_wconf 72' lang='lat' dir='ltr'><strong>vertam?</strong></span> <span class='ocrx_word' id='word_1_17' title='bbox 438 291 648 340; x_wconf 78' lang='lat' dir='ltr'><strong>tamquam</strong></span> <span class='ocrx_word' id='word_1_18' title='bbox 690 289 902 328; x_wconf 87' lang='lat' dir='ltr'><strong>honestum</strong></span> <span class='ocrx_word' id='word_1_19' title='bbox 952 288 1166 327; x_wconf 79' lang='lat' dir='ltr'><strong>defendam</strong></span> <span class='ocrx_word' id='word_1_20' title='bbox 1211 288 1365 327; x_wconf 85' lang='lat' dir='ltr'><strong>factum</strong></span> <span class='ocrx_word' id='word_1_21' title='bbox 1415 301 1468 327; x_wconf 84' lang='lat' dir='ltr'><strong>an</strong></span> 
     </span>
     <span class='ocr_line' id='line_1_5' title="bbox 90 348 1467 400; baseline 0 -12"><span class='ocrx_word' id='word_1_22' title='bbox 90 350 301 400; x_wconf 75' lang='lat' dir='ltr'><strong>tamquam</strong></span> <span class='ocrx_word' id='word_1_23' title='bbox 342 348 639 390; x_wconf 81' lang='lat' dir='ltr'><strong>necessarium?</strong></span> <span class='ocrx_word' id='word_1_24' title='bbox 700 350 875 389; x_wconf 89' lang='lat' dir='ltr'><strong>alterum</strong></span> <span class='ocrx_word' id='word_1_25' title='bbox 918 348 1075 389; x_wconf 87' lang='lat' dir='ltr'><strong>absolvi</strong></span> <span class='ocrx_word' id='word_1_26' title='bbox 1117 348 1278 388; x_wconf 82' lang='lat' dir='ltr'><strong>facilius</strong></span> <span class='ocrx_word' id='word_1_27' title='bbox 1320 350 1467 400; x_wconf 82' lang='lat' dir='ltr'><strong>potest,</strong></span> 
     </span>
     <span class='ocr_line' id='line_1_6' title="bbox 91 409 1387 461; baseline 0 -13"><span class='ocrx_word' id='word_1_28' title='bbox 91 409 263 450; x_wconf 83' lang='lat' dir='ltr'><strong>alterum</strong></span> <span class='ocrx_word' id='word_1_29' title='bbox 294 410 455 450; x_wconf 84' lang='lat' dir='ltr'><strong>laudari</strong></span> <span class='ocrx_word' id='word_1_30' title='bbox 483 411 763 460; x_wconf 62' lang='lat' dir='ltr'><strong>rectissimum,</strong></span> <span class='ocrx_word' id='word_1_31' title='bbox 795 411 950 461; x_wconf 85' lang='lat' dir='ltr'>opinor,</span> <span class='ocrx_word' id='word_1_32' title='bbox 990 410 1176 449; x_wconf 86' lang='lat' dir='ltr'><strong>veritatis</strong></span> <span class='ocrx_word' id='word_1_33' title='bbox 1206 410 1387 448; x_wconf 89' lang='lat' dir='ltr'><strong>interest.</strong></span> 
     </span>
    </p>
   </div>
   <div class='ocr_carea' id='block_1_4' title="bbox 55 469 1541 522">
    <p class='ocr_par' dir='ltr' id='par_1_4' title="bbox 55 469 1541 522">
     <span class='ocr_line' id='line_1_7' title="bbox 55 469 1541 522; baseline -0.002 -12"><span class='ocrx_word' id='word_1_34' title='bbox 55 482 73 510; x_wconf 69' lang='grc'><strong><em>6</em></strong></span> <span class='ocrx_word' id='word_1_35' title='bbox 179 469 307 521; x_wconf 74' lang='lat' dir='ltr'><strong>Audi,</strong></span> <span class='ocrx_word' id='word_1_36' title='bbox 336 472 471 522; x_wconf 89' lang='lat' dir='ltr'><strong>pater,</strong></span> <span class='ocrx_word' id='word_1_37' title='bbox 509 471 702 511; x_wconf 86' lang='lat' dir='ltr'><strong>alimenta</strong></span> <span class='ocrx_word' id='word_1_38' title='bbox 732 472 814 510; x_wconf 84' lang='lat' dir='ltr'><strong>ista</strong></span> <span class='ocrx_word' id='word_1_39' title='bbox 844 483 947 521; x_wconf 90' lang='lat' dir='ltr'><strong>quae</strong></span> <span class='ocrx_word' id='word_1_40' title='bbox 979 470 1133 509; x_wconf 86' lang='lat' dir='ltr'><strong>donata</strong></span> <span class='ocrx_word' id='word_1_41' title='bbox 1162 470 1299 522; x_wconf 87' lang='lat' dir='ltr'><strong>egenti</strong></span> <span class='ocrx_word' id='word_1_42' title='bbox 1334 471 1467 520; x_wconf 86' lang='lat' dir='ltr'><strong>putas,</strong></span> <span class='ocrx_word' id='word_1_43' title='bbox 1486 469 1541 506; x_wconf 80' lang='lat'><strong>20</strong></span> 
     </span>
    </p>
   </div>
   <div class='ocr_carea' id='block_1_5' title="bbox 33 527 1467 2094">
    <p class='ocr_par' dir='ltr' id='par_1_5' title="bbox 33 527 1467 2094">
     <span class='ocr_line' id='line_1_8' title="bbox 92 527 1465 582; baseline 0 -12"><span class='ocrx_word' id='word_1_44' title='bbox 92 531 236 581; x_wconf 80' lang='lat' dir='ltr'><strong>quanti</strong></span> <span class='ocrx_word' id='word_1_45' title='bbox 270 530 336 570; x_wconf 91' lang='lat' dir='ltr'><strong>illi</strong></span> <span class='ocrx_word' id='word_1_46' title='bbox 366 533 561 571; x_wconf 86' lang='lat' dir='ltr'><strong>constent.</strong></span> <span class='ocrx_word' id='word_1_47' title='bbox 624 531 659 570; x_wconf 90' lang='lat' dir='ltr'><strong>si</strong></span> <span class='ocrx_word' id='word_1_48' title='bbox 690 533 854 582; x_wconf 81' lang='lat' dir='ltr'><strong>accepto</strong></span> <span class='ocrx_word' id='word_1_49' title='bbox 886 527 1141 582; x_wconf 85' lang='lat' dir='ltr'><strong>captivitatis</strong></span> <span class='ocrx_word' id='word_1_50' title='bbox 1176 543 1290 569; x_wconf 87' lang='lat' dir='ltr'><strong>meae</strong></span> <span class='ocrx_word' id='word_1_51' title='bbox 1321 531 1465 570; x_wconf 85' lang='lat' dir='ltr'><strong>nuntio</strong></span> 
     </span>
     <span class='ocr_line' id='line_1_9' title="bbox 89 591 1466 644; baseline 0.001 -14"><span class='ocrx_word' id='word_1_52' title='bbox 89 591 213 631; x_wconf 83' lang='lat' dir='ltr'><strong>nullis</strong></span> <span class='ocrx_word' id='word_1_53' title='bbox 235 592 421 642; x_wconf 85' lang='lat' dir='ltr'><strong>precibus</strong></span> <span class='ocrx_word' id='word_1_54' title='bbox 446 591 654 644; x_wconf 88' lang='lat' dir='ltr'><strong>adductus,</strong></span> <span class='ocrx_word' id='word_1_55' title='bbox 682 592 807 631; x_wconf 90' lang='lat' dir='ltr'><strong>nullis</strong></span> <span class='ocrx_word' id='word_1_56' title='bbox 833 591 1015 642; x_wconf 89' lang='lat' dir='ltr'><strong>epistolis</strong></span> <span class='ocrx_word' id='word_1_57' title='bbox 1039 593 1208 631; x_wconf 84' lang='lat' dir='ltr'><strong>vocatus</strong></span> <span class='ocrx_word' id='word_1_58' title='bbox 1234 591 1466 631; x_wconf 76' lang='lat' dir='ltr'><strong>adulescens</strong></span> 
     </span>
     <span class='ocr_line' id='line_1_10' title="bbox 91 650 1465 703; baseline 0 -13"><span class='ocrx_word' id='word_1_59' title='bbox 91 650 143 690; x_wconf 88' lang='lat' dir='ltr'><strong>ad</strong></span> <span class='ocrx_word' id='word_1_60' title='bbox 160 651 414 691; x_wconf 87' lang='lat' dir='ltr'><strong>liberandum</strong></span> <span class='ocrx_word' id='word_1_61' title='bbox 432 666 497 692; x_wconf 89' lang='lat' dir='ltr'><strong>me</strong></span> <span class='ocrx_word' id='word_1_62' title='bbox 515 653 689 692; x_wconf 86' lang='lat' dir='ltr'><strong>vinculis</strong></span> <span class='ocrx_word' id='word_1_63' title='bbox 713 652 938 703; x_wconf 76' lang='lat' dir='ltr'><strong>piratarum</strong></span> <span class='ocrx_word' id='word_1_64' title='bbox 963 652 1170 703; x_wconf 88' lang='lat' dir='ltr'><strong>profectus</strong></span> <span class='ocrx_word' id='word_1_65' title='bbox 1196 653 1300 691; x_wconf 88' lang='lat' dir='ltr'><strong>esset</strong></span> <span class='ocrx_word' id='word_1_66' title='bbox 1318 651 1465 702; x_wconf 86' lang='lat' dir='ltr'><strong>quibus</strong></span> 
     </span>
     <span class='ocr_line' id='line_1_11' title="bbox 87 712 1467 764; baseline -0.001 -12"><span class='ocrx_word' id='word_1_67' title='bbox 87 713 243 752; x_wconf 88' lang='lat' dir='ltr'><strong>tamen·</strong></span> <span class='ocrx_word' id='word_1_68' title='bbox 261 713 419 753; x_wconf 87' lang='lat' dir='ltr'><strong>meritis</strong></span> <span class='ocrx_word' id='word_1_69' title='bbox 455 726 684 764; x_wconf 85' lang='lat' dir='ltr'><strong>pensarem,</strong></span> <span class='ocrx_word' id='word_1_70' title='bbox 723 725 814 752; x_wconf 90' lang='lat' dir='ltr'><strong>cum</strong></span> <span class='ocrx_word' id='word_1_71' title='bbox 845 713 888 752; x_wconf 91' lang='lat' dir='ltr'><strong>id</strong></span> <span class='ocrx_word' id='word_1_72' title='bbox 918 713 1020 751; x_wconf 88' lang='lat' dir='ltr'><strong>mihi</strong></span> <span class='ocrx_word' id='word_1_73' title='bbox 1057 713 1327 763; x_wconf 84' lang='lat' dir='ltr'><strong>praestitisset</strong></span> <span class='ocrx_word' id='word_1_74' title='bbox 1358 712 1467 762; x_wconf 88' lang='lat' dir='ltr'><strong>quod</strong></span> 
     </span>
     <span class='ocr_line' id='line_1_12' title="bbox 36 772 1467 825; baseline -0.001 -12"><span class='ocrx_word' id='word_1_75' title='bbox 36 785 74 813; x_wconf 80' lang='grc' dir='ltr'><strong>ιο</strong></span> <span class='ocrx_word' id='word_1_76' title='bbox 90 784 166 824; x_wconf 83' lang='lat' dir='ltr'><strong>ego</strong></span> <span class='ocrx_word' id='word_1_77' title='bbox 203 774 366 813; x_wconf 88' lang='lat' dir='ltr'><strong>tantum</strong></span> <span class='ocrx_word' id='word_1_78' title='bbox 395 787 421 813; x_wconf 86' lang='lat' dir='ltr'><strong>a</strong></span> <span class='ocrx_word' id='word_1_79' title='bbox 457 776 575 825; x_wconf 86' lang='lat' dir='ltr'><strong>patre</strong></span> <span class='ocrx_word' id='word_1_80' title='bbox 606 772 793 825; x_wconf 77' lang='lat' dir='ltr'><strong>speravi?</strong></span> <span class='ocrx_word' id='word_1_81' title='bbox 853 774 1005 812; x_wconf 87' lang='lat' dir='ltr'><strong>intrare</strong></span> <span class='ocrx_word' id='word_1_82' title='bbox 1043 774 1192 823; x_wconf 88' lang='lat' dir='ltr'><strong>maria,</strong></span> <span class='ocrx_word' id='word_1_83' title='bbox 1227 772 1467 823; x_wconf 88' lang='lat' dir='ltr'><strong>praesertim</strong></span> 
     </span>
     <span class='ocr_line' id='line_1_13' title="bbox 89 833 1467 883; baseline -0.001 -11"><span class='ocrx_word' id='word_1_84' title='bbox 89 834 176 872; x_wconf 90' lang='lat' dir='ltr'><strong>tam</strong></span> <span class='ocrx_word' id='word_1_85' title='bbox 205 834 358 873; x_wconf 77' lang='lat' dir='ltr'><strong>recenti</strong></span> <span class='ocrx_word' id='word_1_86' title='bbox 382 834 621 874; x_wconf 89' lang='lat' dir='ltr'><strong>documento</strong></span> <span class='ocrx_word' id='word_1_87' title='bbox 651 833 843 883; x_wconf 88' lang='lat' dir='ltr'><strong>timenda,</strong></span> <span class='ocrx_word' id='word_1_88' title='bbox 875 836 916 873; x_wconf 90' lang='lat' dir='ltr'><strong>et</strong></span> <span class='ocrx_word' id='word_1_89' title='bbox 940 834 1116 872; x_wconf 88' lang='lat' dir='ltr'><strong>latrones</strong></span> <span class='ocrx_word' id='word_1_90' title='bbox 1142 834 1250 872; x_wconf 89' lang='lat' dir='ltr'><strong>ultro</strong></span> <span class='ocrx_word' id='word_1_91' title='bbox 1276 845 1467 883; x_wconf 86' lang='lat' dir='ltr'><strong>quaerere</strong></span> 
     </span>
     <span class='ocr_line' id='line_1_14' title="bbox 90 894 1467 946; baseline 0.001 -14"><span class='ocrx_word' id='word_1_92' title='bbox 90 895 142 943; x_wconf 89' lang='lat' dir='ltr'><strong>et,</strong></span> <span class='ocrx_word' id='word_1_93' title='bbox 173 906 265 933; x_wconf 87' lang='lat' dir='ltr'><strong>cum</strong></span> <span class='ocrx_word' id='word_1_94' title='bbox 293 896 456 946; x_wconf 83' lang='lat' dir='ltr'><strong>praeter</strong></span> <span class='ocrx_word' id='word_1_95' title='bbox 486 894 658 934; x_wconf 80' lang='lat' dir='ltr'><strong>vicarias</strong></span> <span class='ocrx_word' id='word_1_96' title='bbox 688 907 834 934; x_wconf 86' lang='lat' dir='ltr'><strong>manus</strong></span> <span class='ocrx_word' id='word_1_97' title='bbox 864 894 967 933; x_wconf 83' lang='lat' dir='ltr'><strong>nihil</strong></span> <span class='ocrx_word' id='word_1_98' title='bbox 998 896 1116 943; x_wconf 86' lang='lat' dir='ltr'><strong>esset,</strong></span> <span class='ocrx_word' id='word_1_99' title='bbox 1147 895 1340 946; x_wconf 83' lang='lat' dir='ltr'><strong>navigare</strong></span> <span class='ocrx_word' id='word_1_100' title='bbox 1371 895 1467 933; x_wconf 84' lang='lat' dir='ltr'><strong>voto</strong></span> 
     </span>
     <span class='ocr_line' id='line_1_15' title="bbox 52 955 1466 1006; baseline 0 -13"><span class='ocrx_word' id='word_1_101' title='bbox 52 997 55 999; x_wconf 63' lang='grc'>,</span> <span class='ocrx_word' id='word_1_102' title='bbox 89 955 354 1006; x_wconf 85' lang='lat' dir='ltr'><strong>captivitatis,</strong></span> <span class='ocrx_word' id='word_1_103' title='bbox 385 955 475 1006; x_wconf 89' lang='lat' dir='ltr'><strong>quis</strong></span> <span class='ocrx_word' id='word_1_104' title='bbox 506 957 643 1006; x_wconf 89' lang='lat' dir='ltr'><strong>posset</strong></span> <span class='ocrx_word' id='word_1_105' title='bbox 674 955 777 994; x_wconf 87' lang='lat' dir='ltr'><strong>alius</strong></span> <span class='ocrx_word' id='word_1_106' title='bbox 804 968 926 1005; x_wconf 90' lang='lat' dir='ltr'><strong>quam</strong></span> <span class='ocrx_word' id='word_1_107' title='bbox 958 956 1029 1005; x_wconf 89' lang='lat' dir='ltr'><strong>qui</strong></span> <span class='ocrx_word' id='word_1_108' title='bbox 1058 957 1226 1005; x_wconf 85' lang='lat' dir='ltr'><strong>paratus</strong></span> <span class='ocrx_word' id='word_1_109' title='bbox 1258 956 1364 994; x_wconf 88' lang='lat' dir='ltr'><strong>esset</strong></span> <span class='ocrx_word' id='word_1_110' title='bbox 1393 967 1466 1004; x_wconf 90' lang='lat' dir='ltr'><strong>pro</strong></span> 
     </span>
     <span class='ocr_line' id='line_1_16' title="bbox 89 1013 1466 1068; baseline 0.001 -15"><span class='ocrx_word' id='word_1_111' title='bbox 89 1014 219 1054; x_wconf 83' lang='lat' dir='ltr'><strong>amico</strong></span> <span class='ocrx_word' id='word_1_112' title='bbox 255 1013 388 1055; x_wconf 79' lang='lat' dir='ltr'><strong>mori?</strong></span> <span class='ocrx_word' id='word_1_113' title='bbox 448 1029 640 1068; x_wconf 84' lang='lat' dir='ltr'><strong>magnum</strong></span> <span class='ocrx_word' id='word_1_114' title='bbox 670 1016 745 1055; x_wconf 89' lang='lat' dir='ltr'><strong>hoc</strong></span> <span class='ocrx_word' id='word_1_115' title='bbox 783 1029 856 1067; x_wconf 87' lang='lat' dir='ltr'><strong>per</strong></span> <span class='ocrx_word' id='word_1_116' title='bbox 886 1028 927 1055; x_wconf 90' lang='lat' dir='ltr'><strong>se</strong></span> <span class='ocrx_word' id='word_1_117' title='bbox 959 1028 1006 1054; x_wconf 91' lang='lat' dir='ltr'><strong>ac</strong></span> <span class='ocrx_word' id='word_1_118' title='bbox 1038 1015 1197 1054; x_wconf 88' lang='lat' dir='ltr'><strong>saeculo</strong></span> <span class='ocrx_word' id='word_1_119' title='bbox 1229 1017 1367 1054; x_wconf 91' lang='lat' dir='ltr'><strong>nostro</strong></span> <span class='ocrx_word' id='word_1_120' title='bbox 1399 1015 1466 1054; x_wconf 85' lang='lat' dir='ltr'><strong>vix</strong></span> 
     </span>
     <span class='ocr_line' id='line_1_17' title="bbox 35 1074 1467 1126; baseline -0.001 -11"><span class='ocrx_word' id='word_1_121' title='bbox 35 1087 71 1116; x_wconf 71' lang='grc' dir='ltr'><strong>ιι</strong></span> <span class='ocrx_word' id='word_1_122' title='bbox 89 1074 296 1126; x_wconf 80' lang='lat' dir='ltr'><strong>credibile,</strong></span> <span class='ocrx_word' id='word_1_123' title='bbox 333 1075 499 1115; x_wconf 85' lang='lat' dir='ltr'><strong>iudices.</strong></span> <span class='ocrx_word' id='word_1_124' title='bbox 560 1076 664 1115; x_wconf 89' lang='lat' dir='ltr'><strong>illud</strong></span> <span class='ocrx_word' id='word_1_125' title='bbox 700 1088 795 1115; x_wconf 88' lang='lat' dir='ltr'><strong>vero</strong></span> <span class='ocrx_word' id='word_1_126' title='bbox 833 1076 943 1115; x_wconf 87' lang='lat' dir='ltr'><strong>omni</strong></span> <span class='ocrx_word' id='word_1_127' title='bbox 981 1075 1283 1126; x_wconf 87' lang='lat' dir='ltr'><strong>praedicatione</strong></span> <span class='ocrx_word' id='word_1_128' title='bbox 1323 1076 1467 1125; x_wconf 88' lang='lat' dir='ltr'><strong>maius,</strong></span> 
     </span>
     <span class='ocr_line' id='line_1_18' title="bbox 89 1135 1465 1187; baseline 0.001 -13"><span class='ocrx_word' id='word_1_129' title='bbox 89 1135 142 1174; x_wconf 78' lang='lat' dir='ltr'><strong>ad</strong></span> <span class='ocrx_word' id='word_1_130' title='bbox 170 1135 451 1176; x_wconf 88' lang='lat' dir='ltr'><strong>redimendum</strong></span> <span class='ocrx_word' id='word_1_131' title='bbox 479 1150 544 1176; x_wconf 87' lang='lat' dir='ltr'><strong>me</strong></span> <span class='ocrx_word' id='word_1_132' title='bbox 574 1136 779 1187; x_wconf 87' lang='lat' dir='ltr'><strong>profectus</strong></span> <span class='ocrx_word' id='word_1_133' title='bbox 811 1138 891 1186; x_wconf 88' lang='lat' dir='ltr'><strong>est,</strong></span> <span class='ocrx_word' id='word_1_134' title='bbox 923 1149 1014 1175; x_wconf 89' lang='lat' dir='ltr'><strong>cum</strong></span> <span class='ocrx_word' id='word_1_135' title='bbox 1043 1136 1364 1176; x_wconf 81' lang='lat' dir='ltr'><strong>mendicaturum</strong></span> <span class='ocrx_word' id='word_1_136' title='bbox 1395 1149 1465 1186; x_wconf 91' lang='lat' dir='ltr'><strong>pa-</strong></span> 
     </span>
     <span class='ocr_line' id='line_1_19' title="bbox 87 1196 1466 1248; baseline 0 -13"><span class='ocrx_word' id='word_1_137' title='bbox 87 1197 193 1235; x_wconf 69' lang='lat' dir='ltr'><strong>trem</strong></span> <span class='ocrx_word' id='word_1_138' title='bbox 217 1209 335 1236; x_wconf 88' lang='lat' dir='ltr'><strong>suum</strong></span> <span class='ocrx_word' id='word_1_139' title='bbox 359 1196 488 1236; x_wconf 85' lang='lat' dir='ltr'><strong>sciret.</strong></span> <span class='ocrx_word' id='word_1_140' title='bbox 540 1198 683 1248; x_wconf 80' lang='lat' dir='ltr'><strong>atquin</strong></span> <span class='ocrx_word' id='word_1_141' title='bbox 709 1209 870 1248; x_wconf 85' lang='lat' dir='ltr'><strong>sperare</strong></span> <span class='ocrx_word' id='word_1_142' title='bbox 894 1198 1056 1247; x_wconf 88' lang='lat' dir='ltr'><strong>poterat</strong></span> <span class='ocrx_word' id='word_1_143' title='bbox 1079 1197 1277 1246; x_wconf 78' lang='lat' dir='ltr'><strong>futurum,</strong></span> <span class='ocrx_word' id='word_1_144' title='bbox 1309 1199 1356 1235; x_wconf 89' lang='lat' dir='ltr'><strong>ut</strong></span> <span class='ocrx_word' id='word_1_145' title='bbox 1380 1197 1466 1236; x_wconf 89' lang='lat' dir='ltr'><strong>sine</strong></span> 
     </span>
     <span class='ocr_line' id='line_1_20' title="bbox 87 1256 1467 1313; baseline -0.001 -17"><span class='ocrx_word' id='word_1_146' title='bbox 87 1256 267 1307; x_wconf 84' lang='lat' dir='ltr'><strong>periculo</strong></span> <span class='ocrx_word' id='word_1_147' title='bbox 292 1269 365 1296; x_wconf 89' lang='lat' dir='ltr'><strong>suo</strong></span> <span class='ocrx_word' id='word_1_148' title='bbox 389 1257 653 1297; x_wconf 86' lang='lat' dir='ltr'><strong>redimeretur</strong></span> <span class='ocrx_word' id='word_1_149' title='bbox 676 1257 939 1297; x_wconf 87' lang='lat' dir='ltr'><strong>nihilominus</strong></span> <span class='ocrx_word' id='word_1_150' title='bbox 966 1258 1129 1307; x_wconf 85' lang='lat' dir='ltr'><strong>amicus,</strong></span> <span class='ocrx_word' id='word_1_151' title='bbox 1161 1270 1252 1296; x_wconf 90' lang='lat' dir='ltr'><strong>cum</strong></span> <span class='ocrx_word' id='word_1_152' title='bbox 1276 1257 1467 1313; x_wconf 85' lang='lat' dir='ltr'><strong>haberem</strong></span> 
     </span>
     <span class='ocr_line' id='line_1_21' title="bbox 88 1316 1466 1368; baseline 0 -12"><span class='ocrx_word' id='word_1_153' title='bbox 88 1316 256 1356; x_wconf 81' lang='lat' dir='ltr'><strong>divitem</strong></span> <span class='ocrx_word' id='word_1_154' title='bbox 288 1319 458 1368; x_wconf 88' lang='lat' dir='ltr'><strong>patrem.</strong></span> <span class='ocrx_word' id='word_1_155' title='bbox 520 1318 591 1357; x_wconf 88' lang='lat' dir='ltr'><strong>sed</strong></span> <span class='ocrx_word' id='word_1_156' title='bbox 621 1318 753 1357; x_wconf 88' lang='lat' dir='ltr'><strong>noluit</strong></span> <span class='ocrx_word' id='word_1_157' title='bbox 783 1319 917 1368; x_wconf 89' lang='lat' dir='ltr'><strong>ipsum</strong></span> <span class='ocrx_word' id='word_1_158' title='bbox 947 1317 1105 1356; x_wconf 80' lang='lat' dir='ltr'><strong>itineris</strong></span> <span class='ocrx_word' id='word_1_159' title='bbox 1137 1319 1382 1368; x_wconf 87' lang='lat' dir='ltr'><strong>apparatum</strong></span> <span class='ocrx_word' id='word_1_160' title='bbox 1414 1319 1466 1366; x_wconf 85' lang='lat' dir='ltr'><strong>et,</strong></span> 
     </span>
     <span class='ocr_line' id='line_1_22' title="bbox 34 1377 1463 1429; baseline -0.001 -11"><span class='ocrx_word' id='word_1_161' title='bbox 34 1389 71 1418; x_wconf 64' lang='grc' dir='ltr'><strong>ὀ</strong></span> <span class='ocrx_word' id='word_1_162' title='bbox 87 1390 140 1416; x_wconf 89' lang='lat' dir='ltr'><strong>ne</strong></span> <span class='ocrx_word' id='word_1_163' title='bbox 171 1390 251 1428; x_wconf 83' lang='lat' dir='ltr'><strong>qua</strong></span> <span class='ocrx_word' id='word_1_164' title='bbox 281 1378 433 1428; x_wconf 88' lang='lat' dir='ltr'><strong>periret</strong></span> <span class='ocrx_word' id='word_1_165' title='bbox 461 1377 751 1429; x_wconf 86' lang='lat' dir='ltr'><strong>redemptionis</strong></span> <span class='ocrx_word' id='word_1_166' title='bbox 781 1378 893 1428; x_wconf 84' lang='lat' dir='ltr'><strong>hora,</strong></span> <span class='ocrx_word' id='word_1_167' title='bbox 923 1390 1115 1429; x_wconf 84' lang='lat' dir='ltr'><strong>praeceps</strong></span> <span class='ocrx_word' id='word_1_168' title='bbox 1147 1378 1333 1417; x_wconf 87' lang='lat' dir='ltr'><strong>cucurrit.</strong></span> <span class='ocrx_word' id='word_1_169' title='bbox 1388 1391 1463 1428; x_wconf 89' lang='lat' dir='ltr'><strong>pro</strong></span> 
     </span>
     <span class='ocr_line' id='line_1_23' title="bbox 86 1437 1466 1489; baseline 0 -13"><span class='ocrx_word' id='word_1_170' title='bbox 86 1437 207 1477; x_wconf 88' lang='lat' dir='ltr'><strong>fidem</strong></span> <span class='ocrx_word' id='word_1_171' title='bbox 233 1438 351 1477; x_wconf 87' lang='lat' dir='ltr'><strong>deum</strong></span> <span class='ocrx_word' id='word_1_172' title='bbox 380 1439 680 1489; x_wconf 84' lang='lat' dir='ltr'><strong>hominumque,</strong></span> <span class='ocrx_word' id='word_1_173' title='bbox 712 1438 1049 1489; x_wconf 87' lang='lat' dir='ltr'><strong>quemadmodum</strong></span> <span class='ocrx_word' id='word_1_174' title='bbox 1074 1438 1126 1477; x_wconf 84' lang='lat' dir='ltr'><strong>ad</strong></span> <span class='ocrx_word' id='word_1_175' title='bbox 1149 1438 1466 1489; x_wconf 86' lang='lat' dir='ltr'><strong>redemptionem</strong></span> 
     </span>
     <span class='ocr_line' id='line_1_24' title="bbox 89 1497 1466 1549; baseline 0.001 -13"><span class='ocrx_word' id='word_1_176' title='bbox 89 1498 210 1537; x_wconf 90' lang='lat' dir='ltr'><strong>amici</strong></span> <span class='ocrx_word' id='word_1_177' title='bbox 246 1499 431 1548; x_wconf 84' lang='lat' dir='ltr'><strong>festinat,</strong></span> <span class='ocrx_word' id='word_1_178' title='bbox 469 1501 593 1538; x_wconf 74' lang='lat' dir='ltr'><strong>effiam</strong></span> <span class='ocrx_word' id='word_1_179' title='bbox 624 1500 739 1538; x_wconf 89' lang='lat' dir='ltr'><strong>cuius</strong></span> <span class='ocrx_word' id='word_1_180' title='bbox 769 1501 887 1549; x_wconf 87' lang='lat' dir='ltr'><strong>pater</strong></span> <span class='ocrx_word' id='word_1_181' title='bbox 917 1499 1050 1538; x_wconf 89' lang='lat' dir='ltr'><strong>lentus</strong></span> <span class='ocrx_word' id='word_1_182' title='bbox 1082 1497 1170 1538; x_wconf 82' lang='lat' dir='ltr'><strong>est?</strong></span> <span class='ocrx_word' id='word_1_183' title='bbox 1232 1499 1466 1538; x_wconf 87' lang='lat' dir='ltr'><strong>Terentium</strong></span> 
     </span>
     <span class='ocr_line' id='line_1_25' title="bbox 89 1558 1464 1610; baseline 0.001 -14"><span class='ocrx_word' id='word_1_184' title='bbox 89 1571 209 1608; x_wconf 85' lang='lat' dir='ltr'><strong>quem</strong></span> <span class='ocrx_word' id='word_1_185' title='bbox 244 1559 352 1598; x_wconf 84' lang='lat' dir='ltr'><strong>inter</strong></span> <span class='ocrx_word' id='word_1_186' title='bbox 388 1561 540 1598; x_wconf 89' lang='lat' dir='ltr'><strong>ceteros</strong></span> <span class='ocrx_word' id='word_1_187' title='bbox 572 1559 755 1610; x_wconf 88' lang='lat' dir='ltr'><strong>captivos</strong></span> <span class='ocrx_word' id='word_1_188' title='bbox 793 1559 965 1599; x_wconf 91' lang='lat' dir='ltr'><strong>secundo</strong></span> <span class='ocrx_word' id='word_1_189' title='bbox 1000 1559 1151 1599; x_wconf 88' lang='lat' dir='ltr'><strong>Punico</strong></span> <span class='ocrx_word' id='word_1_190' title='bbox 1189 1559 1295 1598; x_wconf 91' lang='lat' dir='ltr'><strong>bello</strong></span> <span class='ocrx_word' id='word_1_191' title='bbox 1329 1558 1464 1610; x_wconf 87' lang='lat' dir='ltr'><strong>Scipio</strong></span> 
     </span>
     <span class='ocr_line' id='line_1_26' title="bbox 88 1618 1465 1669; baseline 0.001 -12"><span class='ocrx_word' id='word_1_192' title='bbox 88 1618 303 1658; x_wconf 79' lang='lat' dir='ltr'><strong>Africanus</strong></span> <span class='ocrx_word' id='word_1_193' title='bbox 335 1620 506 1659; x_wconf 81' lang='lat' dir='ltr'><strong>vinculis</strong></span> <span class='ocrx_word' id='word_1_194' title='bbox 539 1620 780 1669; x_wconf 83' lang='lat' dir='ltr'><strong>exsolverat,</strong></span> <span class='ocrx_word' id='word_1_195' title='bbox 811 1621 1028 1659; x_wconf 85' lang='lat' dir='ltr'><strong>memoriae</strong></span> <span class='ocrx_word' id='word_1_196' title='bbox 1060 1619 1262 1659; x_wconf 85' lang='lat' dir='ltr'><strong>tradidere</strong></span> <span class='ocrx_word' id='word_1_197' title='bbox 1293 1619 1465 1659; x_wconf 88' lang='lat' dir='ltr'><strong>maiores</strong></span> 
     </span>
     <span class='ocr_line' id='line_1_27' title="bbox 34 1678 1464 1732; baseline 0.001 -14"><span class='ocrx_word' id='word_1_198' title='bbox 34 1691 70 1719; x_wconf 75' lang='lat'><strong>2⁶</strong></span> <span class='ocrx_word' id='word_1_199' title='bbox 89 1678 239 1732; x_wconf 83' lang='lat' dir='ltr'><strong>insigni</strong></span> <span class='ocrx_word' id='word_1_200' title='bbox 276 1682 463 1730; x_wconf 84' lang='lat' dir='ltr'><strong>receptae</strong></span> <span class='ocrx_word' id='word_1_201' title='bbox 503 1680 721 1730; x_wconf 87' lang='lat' dir='ltr'><strong>libertatis,</strong></span> <span class='ocrx_word' id='word_1_202' title='bbox 763 1681 886 1731; x_wconf 88' lang='lat' dir='ltr'><strong>pilleo</strong></span> <span class='ocrx_word' id='word_1_203' title='bbox 923 1682 1142 1719; x_wconf 86' lang='lat' dir='ltr'><strong>testantem</strong></span> <span class='ocrx_word' id='word_1_204' title='bbox 1178 1682 1221 1719; x_wconf 91' lang='lat' dir='ltr'><strong>in</strong></span> <span class='ocrx_word' id='word_1_205' title='bbox 1258 1681 1464 1731; x_wconf 86' lang='lat' dir='ltr'><strong>triumpho</strong></span> 
     </span>
     <span class='ocr_line' id='line_1_28' title="bbox 89 1739 1465 1791; baseline 0.001 -13"><span class='ocrx_word' id='word_1_206' title='bbox 89 1739 202 1779; x_wconf 89' lang='lat' dir='ltr'><strong>ducis</strong></span> <span class='ocrx_word' id='word_1_207' title='bbox 227 1752 312 1779; x_wconf 89' lang='lat' dir='ltr'><strong>esse</strong></span> <span class='ocrx_word' id='word_1_208' title='bbox 337 1742 604 1791; x_wconf 84' lang='lat' dir='ltr'><strong>conspectum.</strong></span> <span class='ocrx_word' id='word_1_209' title='bbox 655 1742 695 1779; x_wconf 89' lang='lat' dir='ltr'><strong>et</strong></span> <span class='ocrx_word' id='word_1_210' title='bbox 721 1740 791 1780; x_wconf 90' lang='lat' dir='ltr'><strong>ille</strong></span> <span class='ocrx_word' id='word_1_211' title='bbox 818 1740 978 1791; x_wconf 92' lang='lat' dir='ltr'><strong>quidem</strong></span> <span class='ocrx_word' id='word_1_212' title='bbox 997 1763 1057 1767; x_wconf 97' lang='lat'><strong>—</strong></span> <span class='ocrx_word' id='word_1_213' title='bbox 1075 1741 1241 1780; x_wconf 83' lang='lat' dir='ltr'><strong>maioris</strong></span> <span class='ocrx_word' id='word_1_214' title='bbox 1271 1742 1465 1780; x_wconf 90' lang='lat' dir='ltr'><strong>momenti</strong></span> 
     </span>
     <span class='ocr_line' id='line_1_29' title="bbox 88 1800 1464 1852; baseline 0.001 -13"><span class='ocrx_word' id='word_1_215' title='bbox 88 1801 262 1839; x_wconf 85' lang='lat' dir='ltr'><strong>accessio</strong></span> <span class='ocrx_word' id='word_1_216' title='bbox 288 1822 345 1827; x_wconf 88' lang='lat'><em>-</em></span> <span class='ocrx_word' id='word_1_217' title='bbox 371 1800 575 1850; x_wconf 87' lang='lat' dir='ltr'><strong>publicam</strong></span> <span class='ocrx_word' id='word_1_218' title='bbox 606 1803 787 1840; x_wconf 85' lang='lat' dir='ltr'><strong>senserat</strong></span> <span class='ocrx_word' id='word_1_219' title='bbox 817 1802 1071 1851; x_wconf 85' lang='lat' dir='ltr'><strong>felicitatem,</strong></span> <span class='ocrx_word' id='word_1_220' title='bbox 1103 1802 1296 1852; x_wconf 85' lang='lat' dir='ltr'><strong>privatim</strong></span> <span class='ocrx_word' id='word_1_221' title='bbox 1326 1804 1464 1840; x_wconf 86' lang='lat' dir='ltr'><strong>tamen</strong></span> 
     </span>
     <span class='ocr_line' id='line_1_30' title="bbox 88 1859 1464 1912; baseline 0.001 -13"><span class='ocrx_word' id='word_1_222' title='bbox 88 1859 230 1899; x_wconf 86' lang='lat' dir='ltr'><strong>debere</strong></span> <span class='ocrx_word' id='word_1_223' title='bbox 280 1873 322 1900; x_wconf 92' lang='lat' dir='ltr'><strong>se</strong></span> <span class='ocrx_word' id='word_1_224' title='bbox 372 1862 535 1912; x_wconf 83' lang='lat' dir='ltr'><strong>putavit</strong></span> <span class='ocrx_word' id='word_1_225' title='bbox 578 1862 723 1901; x_wconf 88' lang='lat' dir='ltr'><strong>victori</strong></span> <span class='ocrx_word' id='word_1_226' title='bbox 771 1861 1017 1901; x_wconf 86' lang='lat' dir='ltr'><strong>beneficium.</strong></span> <span class='ocrx_word' id='word_1_227' title='bbox 1081 1862 1178 1912; x_wconf 92' lang='lat' dir='ltr'><strong>quid</strong></span> <span class='ocrx_word' id='word_1_228' title='bbox 1221 1875 1284 1900; x_wconf 90' lang='lat' dir='ltr'><strong>me</strong></span> <span class='ocrx_word' id='word_1_229' title='bbox 1333 1863 1464 1901; x_wconf 86' lang='lat' dir='ltr'><strong>facere</strong></span> 
     </span>
     <span class='ocr_line' id='line_1_31' title="bbox 89 1921 1463 1973; baseline 0.001 -14"><span class='ocrx_word' id='word_1_230' title='bbox 89 1921 277 1960; x_wconf 83' lang='lat' dir='ltr'><strong>convenit</strong></span> <span class='ocrx_word' id='word_1_231' title='bbox 315 1922 384 1971; x_wconf 90' lang='lat' dir='ltr'><strong>qui</strong></span> <span class='ocrx_word' id='word_1_232' title='bbox 427 1935 499 1972; x_wconf 88' lang='lat' dir='ltr'><strong>per</strong></span> <span class='ocrx_word' id='word_1_233' title='bbox 535 1923 665 1960; x_wconf 85' lang='lat' dir='ltr'><strong>maria</strong></span> <span class='ocrx_word' id='word_1_234' title='bbox 707 1923 931 1962; x_wconf 84' lang='lat' dir='ltr'><strong>latroniciis</strong></span> <span class='ocrx_word' id='word_1_235' title='bbox 974 1923 1122 1962; x_wconf 87' lang='lat' dir='ltr'><strong>infesta</strong></span> <span class='ocrx_word' id='word_1_236' title='bbox 1160 1923 1269 1962; x_wconf 91' lang='lat' dir='ltr'><strong>solus</strong></span> <span class='ocrx_word' id='word_1_237' title='bbox 1312 1923 1463 1973; x_wconf 87' lang='lat' dir='ltr'><strong>petitus</strong></span> 
     </span>
     <span class='ocr_line' id='line_1_32' title="bbox 33 1979 1463 2033; baseline 0 -12"><span class='ocrx_word' id='word_1_238' title='bbox 33 1993 71 2021; x_wconf 72' lang='lat' dir='ltr'><strong>ao</strong></span> <span class='ocrx_word' id='word_1_239' title='bbox 90 1979 207 2020; x_wconf 83' lang='lat' dir='ltr'><strong>sum?</strong></span> <span class='ocrx_word' id='word_1_240' title='bbox 239 1981 310 2032; x_wconf 85' lang='lat' dir='ltr'><strong>qui</strong></span> <span class='ocrx_word' id='word_1_241' title='bbox 335 1981 476 2032; x_wconf 87' lang='lat' dir='ltr'><strong>lucem,</strong></span> <span class='ocrx_word' id='word_1_242' title='bbox 507 1982 749 2031; x_wconf 87' lang='lat' dir='ltr'><strong>libertatem,</strong></span> <span class='ocrx_word' id='word_1_243' title='bbox 781 1983 951 2033; x_wconf 87' lang='lat' dir='ltr'><strong>deniqne</strong></span> <span class='ocrx_word' id='word_1_244' title='bbox 978 1982 1169 2033; x_wconf 88' lang='lat' dir='ltr'><strong>quicquid</strong></span> <span class='ocrx_word' id='word_1_245' title='bbox 1193 1983 1302 2033; x_wconf 83' lang='lat' dir='ltr'><strong>patri</strong></span> <span class='ocrx_word' id='word_1_246' title='bbox 1327 1983 1463 2032; x_wconf 90' lang='lat' dir='ltr'><strong>debeo,</strong></span> 
     </span>
     <span class='ocr_line' id='line_1_33' title="bbox 89 2042 1463 2094; baseline 0.002 -15"><span class='ocrx_word' id='word_1_247' title='bbox 89 2054 169 2080; x_wconf 90' lang='lat' dir='ltr'><strong>non</strong></span> <span class='ocrx_word' id='word_1_248' title='bbox 200 2042 383 2094; x_wconf 84' lang='lat' dir='ltr'><strong>ignarus,</strong></span> <span class='ocrx_word' id='word_1_249' title='bbox 415 2044 461 2081; x_wconf 92' lang='lat' dir='ltr'><strong>ut</strong></span> <span class='ocrx_word' id='word_1_250' title='bbox 491 2044 622 2093; x_wconf 88' lang='lat' dir='ltr'><strong>primo</strong></span> <span class='ocrx_word' id='word_1_251' title='bbox 653 2043 802 2082; x_wconf 87' lang='lat' dir='ltr'><strong>natalis</strong></span> <span class='ocrx_word' id='word_1_252' title='bbox 834 2043 956 2083; x_wconf 86' lang='lat' dir='ltr'><strong>horae</strong></span> <span class='ocrx_word' id='word_1_253' title='bbox 986 2045 1186 2094; x_wconf 89' lang='lat' dir='ltr'><strong>tempore,</strong></span> <span class='ocrx_word' id='word_1_254' title='bbox 1224 2043 1294 2082; x_wconf 92' lang='lat' dir='ltr'><strong>sed</strong></span> <span class='ocrx_word' id='word_1_255' title='bbox 1323 2043 1463 2082; x_wconf 77' lang='lat' dir='ltr'><strong>videns</strong></span> 
     </span>
    </p>
   </div>
   <div class='ocr_carea' id='block_1_6' title="bbox 87 2148 375 2155">
    <p class='ocr_par' dir='ltr' id='par_1_6' title="bbox 87 2148 375 2155">
     <span class='ocr_line' id='line_1_34' title="bbox 87 2148 375 2155; baseline 0 0"><span class='ocrx_word' id='word_1_256' title='bbox 87 2148 375 2155; x_wconf 95' lang='lat' dir='ltr'><strong> </strong></span> 
     </span>
    </p>
   </div>
   <div class='ocr_carea' id='block_1_7' title="bbox 4 2218 1468 2452">
    <p class='ocr_par' dir='ltr' id='par_1_7' title="bbox 4 2218 1468 2452">
     <span class='ocr_line' id='line_1_35' title="bbox 185 2218 1468 2263; baseline 0 -11"><span class='ocrx_word' id='word_1_257' title='bbox 185 2220 207 2251; x_wconf 87' lang='grc'>3</span> <span class='ocrx_word' id='word_1_258' title='bbox 233 2218 292 2252; x_wconf 85' lang='lat' dir='ltr'><strong>est</strong></span> <span class='ocrx_word' id='word_1_259' title='bbox 315 2218 442 2263; x_wconf 82' lang='lat' dir='ltr'><strong>potest</strong></span> <span class='ocrx_word' id='word_1_260' title='bbox 473 2224 501 2252; x_wconf 74' lang='grc'><strong>1·</strong></span> <span class='ocrx_word' id='word_1_261' title='bbox 587 2221 608 2252; x_wconf 88' lang='lat'>5</span> <span class='ocrx_word' id='word_1_262' title='bbox 635 2218 795 2253; x_wconf 86' lang='lat' dir='ltr'><strong>donata:</strong></span> <span class='ocrx_word' id='word_1_263' title='bbox 822 2220 880 2254; x_wconf 84' lang='lat' dir='ltr'><strong>-ta</strong></span> <span class='ocrx_word' id='word_1_264' title='bbox 905 2220 947 2254; x_wconf 78' lang='lat' dir='ltr'><strong>in</strong></span> <span class='ocrx_word' id='word_1_265' title='bbox 971 2230 1044 2254; x_wconf 79' lang='lat' dir='ltr'><strong>ras.</strong></span> <span class='ocrx_word' id='word_1_266' title='bbox 1073 2225 1096 2252; x_wconf 74' lang='grc' dir='ltr'><strong>ιι</strong></span> <span class='ocrx_word' id='word_1_267' title='bbox 1180 2222 1200 2254; x_wconf 86' lang='grc'><strong>6</strong></span> <span class='ocrx_word' id='word_1_268' title='bbox 1227 2220 1375 2254; x_wconf 83' lang='lat' dir='ltr'><strong>constet</strong></span> <span class='ocrx_word' id='word_1_269' title='bbox 1399 2224 1468 2252; x_wconf 79' lang='lat' dir='ltr'><strong>BV</strong></span> 
     </span>
     <span class='ocr_line' id='line_1_36' title="bbox 90 2263 1462 2311; baseline 0 -11"><span class='ocrx_word' id='word_1_270' title='bbox 90 2268 110 2299; x_wconf 85' lang='lat'>7</span> <span class='ocrx_word' id='word_1_271' title='bbox 138 2263 344 2301; x_wconf 82' lang='lat' dir='ltr'><strong>advocatus</strong></span> <span class='ocrx_word' id='word_1_272' title='bbox 375 2272 420 2308; x_wconf 66' lang='grc' dir='ltr'><strong>Γβ</strong></span> <span class='ocrx_word' id='word_1_273' title='bbox 519 2270 562 2301; x_wconf 93' lang='grc'><strong>11</strong></span> <span class='ocrx_word' id='word_1_274' title='bbox 595 2265 689 2301; x_wconf 88' lang='lat' dir='ltr'><strong>recti</strong></span> <span class='ocrx_word' id='word_1_275' title='bbox 714 2272 751 2301; x_wconf 77' lang='grc' dir='ltr'><em>Β</em></span> <span class='ocrx_word' id='word_1_276' title='bbox 823 2270 866 2302; x_wconf 82' lang='lat'><strong>21</strong></span> <span class='ocrx_word' id='word_1_277' title='bbox 897 2266 1164 2311; x_wconf 88' lang='lat' dir='ltr'><strong>hominemque</strong></span> <span class='ocrx_word' id='word_1_278' title='bbox 1190 2275 1210 2309; x_wconf 78' lang='grc' dir='ltr'><strong><em>β</em></strong></span> <span class='ocrx_word' id='word_1_279' title='bbox 1308 2270 1352 2301; x_wconf 83' lang='lat'><strong>23</strong></span> <span class='ocrx_word' id='word_1_280' title='bbox 1380 2265 1462 2311; x_wconf 84' lang='lat' dir='ltr'><strong>spio</strong></span> 
     </span>
     <span class='ocr_line' id='line_1_37' title="bbox 89 2312 1463 2360; baseline 0 -12"><span class='ocrx_word' id='word_1_281' title='bbox 89 2318 139 2356; x_wconf 71' lang='grc' dir='ltr'><strong>Ι,</strong></span> <span class='ocrx_word' id='word_1_282' title='bbox 165 2312 201 2348; x_wconf 90' lang='lat' dir='ltr'><strong>ci</strong></span> <span class='ocrx_word' id='word_1_283' title='bbox 224 2324 326 2359; x_wconf 77' lang='lat' dir='ltr'><strong>supr.</strong></span> <span class='ocrx_word' id='word_1_284' title='bbox 345 2328 389 2348; x_wconf 72' lang='lat' dir='ltr'>n</span> <span class='ocrx_word' id='word_1_285' title='bbox 481 2318 527 2350; x_wconf 80' lang='lat'><strong>24</strong></span> <span class='ocrx_word' id='word_1_286' title='bbox 554 2313 884 2360; x_wconf 68' lang='lat' dir='ltr'><strong>affri-{africanus</strong></span> <span class='ocrx_word' id='word_1_287' title='bbox 916 2321 955 2358; x_wconf 62' lang='grc' dir='ltr'><strong>νς</strong></span> <span class='ocrx_word' id='word_1_288' title='bbox 982 2314 1185 2350; x_wconf 86' lang='lat' dir='ltr'><strong>affricanus</strong></span> <span class='ocrx_word' id='word_1_289' title='bbox 1212 2321 1248 2349; x_wconf 84' lang='lat' dir='ltr'><em>P</em></span> <span class='ocrx_word' id='word_1_290' title='bbox 1343 2313 1463 2349; x_wconf 82' lang='lat' dir='ltr'><strong>exsol-</strong></span> 
     </span>
     <span class='ocr_line' id='line_1_38' title="bbox 87 2362 1462 2409; baseline 0.001 -14"><span class='ocrx_word' id='word_1_291' title='bbox 87 2370 216 2396; x_wconf 85' lang='lat' dir='ltr'><strong>veram</strong></span> <span class='ocrx_word' id='word_1_292' title='bbox 240 2367 284 2396; x_wconf 67' lang='grc' dir='ltr'><em>Π</em></span> <span class='ocrx_word' id='word_1_293' title='bbox 352 2365 398 2397; x_wconf 76' lang='lat'><strong>25</strong></span> <span class='ocrx_word' id='word_1_294' title='bbox 424 2362 596 2408; x_wconf 83' lang='lat' dir='ltr'><strong>insigne.</strong></span> <span class='ocrx_word' id='word_1_295' title='bbox 614 2392 620 2397; x_wconf 94' lang='lat'><em>.</em></span> <span class='ocrx_word' id='word_1_296' title='bbox 638 2391 644 2396; x_wconf 95' lang='lat'>.</span> <span class='ocrx_word' id='word_1_297' title='bbox 661 2364 875 2409; x_wconf 87' lang='lat' dir='ltr'><strong>gestantem</strong></span> <span class='ocrx_word' id='word_1_298' title='bbox 902 2363 976 2398; x_wconf 85' lang='lat' dir='ltr'><strong>Bu.</strong></span> <span class='ocrx_word' id='word_1_299' title='bbox 1054 2366 1098 2398; x_wconf 79' lang='lat'><strong>27</strong></span> <span class='ocrx_word' id='word_1_300' title='bbox 1126 2362 1309 2398; x_wconf 84' lang='lat' dir='ltr'><strong>accessio:</strong></span> <span class='ocrx_word' id='word_1_301' title='bbox 1338 2372 1462 2397; x_wconf 83' lang='lat' dir='ltr'><strong>acces-</strong></span> 
     </span>
     <span class='ocr_line' id='line_1_39' title="bbox 4 2408 1366 2452; baseline 0.001 -8"><span class='ocrx_word' id='word_1_302' title='bbox 4 2415 6 2417; x_wconf 73' lang='grc'><strong><em>’</em></strong></span> <span class='ocrx_word' id='word_1_303' title='bbox 88 2408 195 2445; x_wconf 84' lang='lat' dir='ltr'><strong>sione</strong></span> <span class='ocrx_word' id='word_1_304' title='bbox 224 2415 310 2452; x_wconf 65' lang='lat' dir='ltr'><strong>1⁷1ss</strong></span> <span class='ocrx_word' id='word_1_305' title='bbox 407 2414 452 2446; x_wconf 82' lang='lat'><strong>28</strong></span> <span class='ocrx_word' id='word_1_306' title='bbox 477 2410 612 2446; x_wconf 87' lang='lat' dir='ltr'><strong>victori</strong></span> <span class='ocrx_word' id='word_1_307' title='bbox 639 2420 675 2445; x_wconf 66' lang='lat' dir='ltr'><strong>s:</strong></span> <span class='ocrx_word' id='word_1_308' title='bbox 705 2411 886 2446; x_wconf 84' lang='lat' dir='ltr'><strong>victoriae</strong></span> <span class='ocrx_word' id='word_1_309' title='bbox 913 2426 942 2445; x_wconf 90' lang='grc' dir='ltr'>ω</span> <span class='ocrx_word' id='word_1_310' title='bbox 1042 2414 1087 2446; x_wconf 77' lang='grc'><strong>29</strong></span> <span class='ocrx_word' id='word_1_311' title='bbox 1115 2411 1216 2447; x_wconf 85' lang='lat' dir='ltr'><strong>solus</strong></span> <span class='ocrx_word' id='word_1_312' title='bbox 1243 2422 1310 2446; x_wconf 85' lang='lat' dir='ltr'><strong>om.</strong></span> <span class='ocrx_word' id='word_1_313' title='bbox 1338 2416 1366 2444; x_wconf 80' lang='lat' dir='ltr'><strong><em>V</em></strong></span> 
     </span>
    </p>
   </div>
  </div>
 </body>
</html>
