1638 2560
506 107 826 145 DEGLAMATIO
852 108 921 144 VH
942 112 1047 144 7—9.
1386 109 1468 151 141

89 225 276 275 suspecta
310 223 390 262 tibi
425 226 488 263 est
523 225 664 263 nostra
700 223 912 274 patientia.
974 223 1088 263 vides
1120 223 1245 272 enim,
1283 223 1471 263 hortatur

87 297 164 326 nos
192 285 335 324 contra
365 283 546 324 dolorem
574 285 730 335 primae
760 284 884 324 robur
915 284 1061 323 aetatis
1087 284 1263 324 solidum
1286 284 1469 335 plenum-

89 357 168 396 que
192 357 347 396 corpus.
398 358 523 396 quam
552 345 697 394 facilis,
729 357 852 396 quam
883 345 1070 396 expedita
1101 357 1164 384 res
1197 346 1259 384 est
1288 347 1470 396 torqueri

87 404 311 446 misertim?
360 405 498 445 adfero
529 405 583 444 ad
607 407 885 456 quaestionem
914 406 998 444 iam
1028 405 1258 456 planctibus
1288 405 1470 445 membra

51 481 70 508 5
89 466 271 507 liventia.
334 467 533 517 quantum
580 466 759 515 animae,
809 468 1009 517 quantum
1057 466 1266 518 sanguinis
1317 466 1469 506 orbitas

89 527 227 567 traxit.
289 529 443 577 quanto
472 527 726 566 inbecilliora
764 530 861 566 sunt
890 527 989 566 haec
1020 527 1234 566 cofidianis
1271 527 1469 567 lamenta-

87 587 269 628 tionibus
295 587 530 627 everberata
554 586 728 627 vitalia?
778 588 998 639 quicquam
1025 601 1120 640 ergo
1151 587 1303 640 fingere
1333 590 1470 638 potest

87 648 155 688 hic
183 648 330 698 pallor,
360 648 459 688 haec
483 649 644 697 macies,
674 648 774 687 haec
798 649 882 687 iam
912 650 1022 688 torto
1050 649 1194 688 similis
1226 647 1469 688 infirmitas?

89 708 203 748 adice
221 705 339 761 (οο),
358 709 465 759 quod
484 709 587 747 nihil
605 709 739 748 minus
757 709 801 747 in
821 710 1055 759 quaestione
1081 709 1151 748 diu
1176 710 1305 760 possis
1325 709 1469 758 dicere,

33 785 71 812 ιο
88 769 126 808 51
154 770 365 809 mentiaris
397 783 521 820 quam
546 770 655 821 quod
684 770 812 809 oculis
844 771 959 819 scias,
991 772 1033 809 et
1062 769 1344 809 brevissimum
1375 783 1468 810 0011-

87 829 272 870 fessionis
304 831 366 870 est
396 843 521 882 genus
551 830 781 870 destituisse
812 831 921 881 quod
951 831 1111 870 videris.
1162 831 1310 880 felices,
1342 831 1466 880 dives,
1491 830 1517 866 9

89 903 190 941 quos
220 892 353 930 tortor
381 892 626 943 interrogat,
665 892 736 941 qui
766 903 847 930 non
885 891 1036 931 habent
1071 893 1115 930 in
1153 904 1227 931 sua
1266 893 1469 942 potestate

89 951 306 991 credentes.
363 952 722 1002 impatientissima
751 965 815 991 res
848 954 910 991 est
938 965 1067 1003 posse,
1098 965 1191 991 cum
1221 953 1334 1001 velis,
1365 952 1469 992 desi-

88 1024 185 1051 nere
213 1013 406 1062 torqueri.

35 1087 71 1115 15
182 1069 304 1118 ‘Quin
334 1070 502 1123 potius'‚
530 1074 679 1123 inquit,
711 1069 875 1124 ‘probas
884 1069 920 1112 θ’
970 1073 1160 1112 fiduciam
1190 1073 1366 1112 hominis
1398 1073 1469 1124 qui

89 1133 205 1183 sciat,
235 1133 310 1172 hoc
341 1147 405 1173 me
435 1133 584 1173 vidisse
615 1134 758 1174 solum.
821 1135 907 1174 51110
939 1134 1074 1183 dubio,
1105 1134 1236 1184 dives,
1266 1134 1398 1173 multa
1427 1136 1468 1173 te

88 1195 280 1244 poterant
309 1196 550 1246 argmenta
582 1195 836 1244 convincere,
874 1196 909 1234 si
941 1195 1115 1234 deferret
1146 1196 1269 1244 alius,
1308 1197 1349 1234 et
1380 1207 1468 1234 eras

90 1255 444 1294 manifestissimus
475 1267 586 1304 reus,
624 1257 660 1295 si
690 1256 791 1294 mihi
828 1268 1038 1306 percussor
1069 1256 1321 1306 quaerendus
1353 1258 1467 1295 esset.

91 1316 181 1365 quis
220 1315 328 1354 enim
364 1315 595 1355 credibilior
630 1317 674 1354 in
712 1316 833 1355 caede
864 1317 1056 1366 pauperis
1095 1329 1218 1366 quam
1249 1316 1361 1355 dives
1390 1317 1469 1354 1111-

36 1391 72 1417 50
90 1374 247 1415 micus?
302 1377 375 1415 aut
405 1376 454 1415 de
486 1389 566 1427 quo
597 1377 758 1416 facilius
790 1380 974 1416 constare
1009 1379 1147 1427 posset
1184 1377 1330 1416 scelere
1361 1376 1469 1427 quod

90 1449 172 1476 non
189 1436 313 1475 habet
330 1433 543 1489 (testem),
565 1438 646 1476 nisi
664 1437 713 1477 de
732 1438 819 1477 sola
837 1436 1022 1477 uitione?
1064 1451 1146 1476 non
1164 1438 1321 1476 invenit
1339 1437 1470 1476 multa

91 1496 226 1546 verba,
256 1497 417 1536 vidisse.
479 1510 552 1537 nec
582 1498 684 1536 mihi
713 1497 832 1537 debet
862 1499 993 1548 perire
1023 1498 1211 1548 probatio
1242 1498 1340 1547 ista,
1372 1497 1470 1549 quia

91 1559 253 1607 poteras
292 1559 333 1597 et
370 1559 561 1598 accusari.
624 1558 750 1611 exigit
779 1558 1056 1609 probationes,
1093 1571 1185 1598 cum
1220 1559 1378 1598 facinus
1412 1559 1470 1598 sic

93 1617 354 1668 disposuerit,
396 1632 447 1658 110
483 1620 612 1669 possit
651 1618 827 1669 probari.
890 1633 1010 1670 quem
1053 1619 1154 1658 1111111
1192 1633 1272 1658 nox
1312 1621 1470 1669 testem,

38 1693 73 1720 25
93 1691 194 1729 quos
218 1680 425 1729 praestare
449 1679 586 1729 potuit
610 1680 747 1719 oculos
772 1679 892 1728 nuda,
921 1693 1078 1730 semper
1101 1682 1339 1720 incomitata
1370 1693 1470 1731 pau-

92 1737 258 1789 pertas?
319 1739 397 1778 tibi
435 1753 572 1780 servus
610 1753 634 1779 a
672 1742 918 1780 conscientia
958 1741 1118 1780 sceleris
1159 1740 1469 1780 summovendus

93 1799 183 1839 fuit.
247 1801 287 1838 et
321 1800 401 1839 ista
437 1802 596 1840 ratione
628 1801 717 1852 quis
753 1802 966 1841 interesset
997 1814 1117 1851 quem
1152 1804 1316 1852 putares
1353 1815 1469 1852 posse

92 1859 301 1910 torqueri?
351 1862 392 1899 et
422 1863 554 1900 totum
585 1862 743 1901 facinus
774 1864 818 1901 in
848 1863 921 1901 has
952 1863 1161 1914 angustias
1188 1862 1393 1914 redegisti,
1425 1865 1470 1901 ut

243 1951 273 1986 f.

192 1979 211 2011 1
238 1976 343 2012 vides
368 1982 406 2011 B
429 1975 462 2022 (f
482 1987 583 2022 supr
604 1979 642 2022 ὃ)
753 1981 775 2012 4
806 1977 1026 2022 miseserum
1051 1984 1089 2012 Β
1194 1982 1215 2013 5
1246 1977 1405 2013 liventia
1431 1986 1472 2020 βε

94 2024 269 2060 labantia
293 2031 387 2069 ΒΜς
413 2025 575 2061 libentia
606 2032 659 2060 Vnt
776 2030 798 2062 6
823 2025 1040 2062 imbelliora
1065 2026 1183 2070 111,οἰ
1208 2038 1311 2073 supr.
1331 2041 1374 2061 m

94 2075 117 2108 8
149 2072 245 2109 haec
270 2074 405 2110 Klotz:
432 2074 526 2109 eta»
608 2075 726 2110 torto:
752 2075 942 2110 tormento
968 2081 1008 2118 V3
1033 2076 1155 2110 tortor
1180 2081 1217 2110 Ρ
1313 2078 1333 2110 9
1360 2075 1470 2110 adice

95 2132 140 2157 eo
157 2122 309 2168 scripsi3
336 2122 445 2157 adice
470 2128 510 2165 νς
537 2122 687 2158 adicere
708 2123 845 2170 reltqm'
919 2127 962 2158 12
988 2123 1198 2170 interroget
1223 2129 1251 2158 t
1321 2126 1365 2158 13
1392 2134 1470 2159 cre-

96 2169 220 2205 dentis
242 2176 298 2213 Ββ
371 2150 542 2206 desinere
566 2182 612 2206 ex
637 2171 808 2207 desidere
832 2178 862 2206 V
931 2175 974 2207 17
1000 2173 1174 2218 poteram
1198 2178 1227 2206 V
1296 2175 1341 2207 20
1367 2171 1471 2218 quod

96 2229 250 2254 causam
269 2230 345 2254 non
363 2218 482 2254 habet
507 2227 529 2254 ς·
602 2223 647 2255 21
673 2221 811 2256 testem
829 2219 917 2256 add
937 2221 1043 2256 Dese
1058 2232 1098 2266 p.
1113 2223 1165 2256 89
1240 2224 1284 2256 22
1310 2220 1468 2255 vidisse:

94 2266 235 2302 vidisse
259 2266 315 2302 ibi
340 2269 398 2303 est
417 2267 672 2303 nominativus
694 2278 804 2304 casus
829 2269 872 2304 in
896 2280 1012 2315 mary.
1032 2283 1076 2303 m
1148 2268 1326 2314 probatio
1346 2269 1470 2314 perire

95 2315 171 2350 ista
196 2321 253 2359 ις
278 2316 454 2362 probatio
479 2316 555 2352 ista
579 2316 703 2362 perire
728 2326 749 2359 β
822 2320 868 2352 23
895 2317 1082 2353 accusari:
1108 2317 1123 2352 i
1147 2318 1191 2352 in
1208 2329 1282 2353 ras.
1304 2319 1363 2362 (ex
1381 2319 1415 2362 e)
1435 2323 1473 2351 B

97 2367 144 2399 24
175 2363 393 2410 deposuerit
417 2371 472 2408 Μ,
506 2364 565 2400 vel
596 2365 692 2411 disp.
718 2377 819 2412 supr.
839 2380 882 2400 m
1006 2369 1050 2401 25
1084 2367 1122 2401 et
1153 2365 1378 2401 incomitata
1403 2371 1469 2409 βδς

95 2411 394 2458 incomitataque
420 2419 463 2447 Μ
