1638 2560
467 112 787 150 DECLAMATIO
807 94 900 149 ‘vm
920 117 1072 150 11—13.
1379 112 1463 156 157

87 230 339 283 geminorum
369 228 516 280 probat
546 229 672 268 etiam
702 227 867 267 fortuna
897 226 1133 268 dissimilis?
1182 227 1288 266 hunc
1319 227 1467 278 pressit

86 290 329 342 paupertate
354 290 562 341 perpetua,
586 289 705 328 illum
729 290 946 340 insperatis
971 288 1115 339 opibus
1141 289 1328 338 excoluit,
1355 287 1465 327 illius

86 365 160 402 per
187 351 345 400 fitulos,
368 350 551 399 honores,
576 349 688 389 illius
715 363 788 400 per
811 349 1010 402 ignobiles
1036 349 1304 399 obscurasque
1331 348 1466 388 sordes

86 413 220 452 totam
262 410 378 450 duxit
421 412 608 450 aetatem.
671 410 802 450 simile
841 411 903 450 est
940 410 1135 460 quicquid
1175 409 1380 460 accipiunt
1419 423 1467 448 ex

51 486 68 512 5
86 472 249 512 homine
279 472 449 524 gemini,
479 471 675 511 dissimile
701 470 894 522 quicquid
923 484 971 509 ex
1001 471 1100 510 fato.
1151 483 1224 510 nec
1249 471 1357 510 enim
1381 471 1468 510 tam

86 530 243 584 pariter
270 533 315 571 in
345 533 477 572 lucem
508 532 557 571 de
588 532 781 571 maternis
816 531 989 571 exiluere
1021 531 1258 581 visceribus,
1297 532 1343 570 ut
1374 531 1468 570 illos

87 592 230 634 eadem
266 593 380 645 origo
418 593 651 644 signaverit.
716 594 914 643 quantum
950 594 1072 643 putas
1102 592 1333 632 interfuisse
1366 593 1468 631 tem·
1490 588 1542 625 13

88 654 211 705 poris,
241 653 338 693 dum
361 654 539 705 primum
569 654 677 692 uteri
707 653 865 704 pondus
895 653 1088 705 egeritur,
1127 652 1224 692 dum
1253 666 1470 703 parumper

89 715 306 755 exonerata
331 714 476 754 vitalia
502 714 630 753 altero
654 726 792 754 rursus
817 714 978 753 homine
1009 714 1211 763 laxantur,
1242 713 1363 752 breve
1388 714 1470 752 for-

35 789 71 816 1⁰
88 776 210 816 tassis
235 776 504 827 exiguumque
530 774 718 814 videatur
741 774 1026 814 inmortalibus
1053 774 1190 823 oculis,
1217 774 1298 824 sed,
1331 774 1365 813 si
1389 775 1470 813 ter-

89 849 190 876 rena
218 836 352 876 mente
389 836 613 886 perspicere
644 835 746 875 velis
784 835 892 874 orbis
927 835 1046 874 huius
1078 836 1333 884 vastitatem,
1371 835 1470 874 scies

90 896 267 936 multum
291 909 375 936 esse
401 896 509 948 quod
539 897 647 935 inter
671 895 772 935 duas
803 897 1056 936 transcurrat
1082 897 1247 935 animas.
1292 895 1472 935 volvitur

92 970 214 1008 super
237 969 311 997 nos
334 957 434 997 haec
459 957 562 996 caeli
586 956 842 1008 siderumque
869 969 1064 1008 conpago,
1096 959 1136 996 et
1161 956 1378 1007 praecipiti
1400 970 1473 1006 per

90 1018 270 1069 proclive
295 1018 466 1058 decursu
490 1014 609 1070 (sol)
635 1017 762 1058 totius
789 1017 854 1056 dei
878 1018 1088 1068 noctisque
1112 1017 1314 1056 brevitate
1341 1031 1472 1056 emen-

39 1091 74 1119 15
93 1091 160 1119 sus
191 1079 359 1118 orientis
391 1078 689 1129 occidentisque
721 1091 877 1127 cursus,
909 1078 1100 1117 demersis
1132 1077 1308 1118 siderum
1338 1074 1471 1130 <igni-

91 1136 196 1190 bus>
215 1140 260 1179 in
285 1140 417 1190 primo
444 1140 584 1180 statim
606 1140 698 1178 ortu
723 1140 859 1178 rotato
885 1151 926 1178 se
945 1151 1083 1178 rursus
1110 1151 1182 1178 axe
1203 1140 1471 1189 consequitur.

92 1200 168 1240 hoc
205 1201 252 1239 tu
289 1212 434 1250 parum
472 1200 600 1239 credis
638 1212 722 1239 esse
761 1200 940 1250 spatium
972 1199 1079 1250 quod
1114 1199 1282 1239 diversis
1320 1200 1475 1250 pariter

92 1260 211 1300 rebus
242 1259 463 1311 impletur?
526 1261 734 1311 quantum,
755 1261 863 1300 inter
891 1261 966 1299 illa
1002 1260 1314 1300 transcurrentis
1351 1260 1474 1299 horae

94 1323 299 1361 momenta
335 1323 527 1372 nascitur,
563 1320 698 1372 perit?
759 1322 887 1373 igitur
926 1320 1086 1371 quando
1127 1334 1322 1371 umquam
1361 1333 1474 1371 pere·

40 1395 77 1422 πο
96 1382 250 1434 grinati
280 1383 375 1421 sunt
405 1396 497 1431 una,
528 1382 756 1421 militavere
788 1380 972 1433 pariter?
1003 1381 1102 1432 quid
1129 1394 1209 1420 non
1236 1381 1390 1420 diducti
1415 1393 1474 1420 se-

95 1444 309 1493 paratique
340 1441 549 1482 fecerunt?
582 1442 742 1493 quando
767 1442 860 1482 illos
885 1443 1068 1494 languor,
1102 1442 1261 1492 quando
1288 1454 1476 1492 suprema

95 1501 343 1543 iunxerunt?
393 1505 434 1543 et
465 1503 707 1554 quandoque
739 1504 805 1553 sit,
836 1515 995 1543 necesse
1027 1504 1088 1542 est
1118 1499 1216 1555 <et>
1248 1503 1352 1542 alter
1382 1498 1476 1554 <ex-

96 1560 336 1616 tinguatur>
356 1577 402 1602 ex
427 1565 610 1616 geminis,
638 1563 745 1614 quod
770 1565 924 1615 pariter
948 1564 1205 1615 languerunt,
1228 1576 1310 1603 non
1335 1564 1392 1603 sic
1412 1576 1475 1603 ac-

98 1624 198 1663 cidit
224 1624 422 1674 quomodo
453 1624 659 1674 fratribus,
692 1624 762 1664 sed
787 1624 987 1675 quomodo
1020 1624 1185 1664 duobus.
1229 1637 1311 1663 non
1337 1623 1476 1663 eodem

43 1698 79 1724 25
98 1684 185 1723 fato
204 1685 396 1737 languere
416 1686 596 1736 geminos
617 1685 954 1735 quemadmodum
972 1685 1098 1724 vultis
1117 1685 1279 1724 brevius
1300 1684 1477 1735 probem,

100 1758 223 1795 quam
255 1745 363 1795 quod
392 1759 464 1785 nec
502 1747 671 1796 uterque
703 1747 854 1786 occisus
887 1748 948 1786 est
979 1759 1051 1785 nec
1083 1747 1252 1796 uterque
1283 1744 1477 1785 sanatus?

191 1805 269 1845 Sed
300 1805 497 1857 fingamus
529 1807 604 1846 hoc
636 1819 719 1846 esse
745 1820 886 1846 verum
911 1806 1019 1857 quod
1051 1806 1366 1857 desperaverunt
1396 1819 1476 1845 me-

99 1866 191 1916 dici,
222 1867 404 1916 relinque
437 1866 569 1916 nobis,
603 1869 732 1917 pater,
763 1868 1035 1907 innocentiam
1067 1868 1332 1916 calamitatis,
1365 1867 1478 1906 salva

199 1986 218 2017 1
253 1981 385 2018 etiam:
419 1993 495 2018 non
522 1989 565 2027 P,
597 1982 664 2018 del.
692 1987 725 2018 et
749 1983 791 2018 in
816 1995 932 2030 mary.
959 1982 1046 2018 add.
1074 1982 1192 2018 etiam
1215 1997 1242 2023 p
1366 1982 1477 2017 dissi-

99 2029 210 2066 miles
235 2036 273 2065 Β
377 2042 476 2066 nunc
503 2039 523 2073 β
639 2035 659 2066 6
686 2030 772 2067 illas
799 2037 843 2075 P,
869 2042 961 2068 corr.
980 2046 1008 2072 p
1125 2034 1146 2066 9
1173 2031 1406 2067 exhonerata
1438 2037 1478 2075 νς

101 2081 325 2115 exornerata
350 2086 394 2122 Ρ,
420 2090 512 2116 corr.
538 2093 566 2119 p
658 2078 777 2115 altero
803 2091 870 2116 om.
894 2086 944 2124 Μ,
969 2091 1070 2126 supr.
1092 2094 1134 2114 m
1235 2083 1278 2115 10
1303 2079 1480 2115 videatur

101 2139 171 2164 om.
188 2133 217 2162 V
272 2129 462 2164 terrenam
480 2134 518 2163 Β
586 2132 629 2164 12
655 2129 881 2164 transcurrit
901 2137 920 2171 β
990 2132 1034 2164 14
1061 2127 1117 2164 sol
1139 2127 1346 2164 Francius:
1367 2139 1434 2164 om.
1450 2142 1479 2161 ω

104 2179 149 2211 15
175 2176 356 2212 demersis
383 2177 488 2212 Dess.
509 2188 543 2222 p.
560 2179 625 2212 99:
653 2176 791 2212 diversi
817 2191 847 2211 ω
873 2176 1052 2223 (ᾶίνθτείξ
1078 2177 1148 2223 Μ),
1182 2176 1414 2212 diversorum
1442 2184 1479 2220 ςς

103 2223 296 2260 demersus
316 2223 520 2261 Parisinus
541 2227 639 2261 7801
702 2224 856 2272 ignibus
878 2226 1001 2261 Desa:
1029 2236 1096 2261 om.
1118 2240 1148 2259 ω
1219 2228 1263 2260 18
1289 2227 1479 2260 transcur-

102 2272 194 2308 retis
220 2279 258 2308 Β
329 2276 376 2308 20
402 2273 557 2308 deducti
582 2279 651 2308 ΓΜ
672 2274 777 2320 (corr.
797 2275 852 2320 m)
875 2282 922 2316 βᾶ
993 2277 1037 2309 21
1064 2273 1141 2308 illis
1167 2280 1205 2308 B
1277 2283 1481 2319 supprema

103 2321 302 2357 iucxerunt
326 2328 364 2356 Β
435 2326 480 2356 22
508 2323 546 2357 et
571 2322 816 2368 quandoque:
844 2322 997 2367 quando
1022 2328 1091 2356 VM
1106 2323 1162 2368 (m
1185 2322 1413 2367 quandoque
1439 2322 1481 2355 in

103 2371 234 2416 mary.)
309 2372 347 2406 et
373 2370 459 2406 add.
481 2371 586 2407 Dese.
663 2369 788 2406 alt‘vv
864 2370 1109 2416 extinguatur
1134 2370 1284 2413 addidi3
1315 2369 1482 2414 exspiret

104 2418 231 2462 Dess.;
253 2418 297 2454 ab
318 2419 406 2454 aliis
425 2419 527 2454 varie
548 2422 744 2465 temptatus
763 2420 864 2455 locus
932 2422 977 2454 25
998 2418 1105 2466 fato}
1124 2421 1162 2466 (6
1175 2419 1229 2454 vel
1243 2421 1267 2454 7
1281 2418 1348 2454 litt.
1364 2419 1427 2462 er.)
1443 2422 1486 2452 Μ
