1638 2560
179 130 236 173 60
594 125 840 163 TRIBVNVS
865 124 1124 161 MARIANVS

179 257 277 294 quae
307 247 516 293 postquam
547 243 703 282 condita
732 242 855 290 fuerit
885 243 920 280 et
942 240 1124 290 prolata,
1159 239 1206 279 de
1237 239 1402 290 flayitiis
1434 241 1471 279 et
1499 238 1548 278 de

179 307 309 344 causis
347 307 402 343 est
430 305 477 343 de
508 306 626 342 cetero
657 302 872 341 secundum
908 302 1023 341 illam
1053 300 1332 340 universaliter
1364 299 1548 340 iudican-

179 366 284 405 dum.
335 377 380 404 ea
402 367 566 413 propter
594 364 631 402 si
662 363 824 402 dimittis
854 363 1034 411 impium,
1065 362 1102 401 si
1125 361 1327 401 scelestum
1350 372 1432 400 non
1454 372 1548 410 per-

180 427 289 471 cutis,
314 427 350 464 si
374 427 491 474 caput
513 425 676 463 noxium
699 434 779 462 non
804 423 1051 468 condemnas,
1083 422 1203 472 leyem
1228 421 1403 471 dissipas
1427 422 1549 471 quam

179 488 354 531 senatus,
392 497 510 534 quam
540 485 670 523 Roma
701 483 874 522 condidit
903 485 1092 522 universa
1123 485 1159 522 et
1188 485 1319 522 tamen
1349 483 1408 526 ita
1438 482 1549 522 calli-
1586 494 1604 521 5

180 547 365 586 dissimus
403 548 509 584 actor
546 546 760 584 orationem
795 556 912 583 suam
949 544 1151 583 ordinavit
1187 546 1223 583 et
1258 544 1396 588 texuit,
1432 545 1478 582 ut
1515 545 1550 582 et

179 607 316 646 militis
346 607 609 645 innocentiam
632 605 835 654 praedicet
866 607 900 643 et
929 605 1124 649 virtutem,
1156 606 1191 643 et
1215 604 1401 644 obscenae
1425 603 1550 642 tribu-

180 679 275 705 num
314 666 582 715 impudicitiae
623 667 851 704 criminetur
888 667 922 704 et
958 667 1119 714 aryuat,
1156 667 1218 710 ut,
1254 664 1351 703 olum
1391 664 1550 703 tribuno

179 727 302 766 scelus
334 727 540 772 occultum,
578 726 664 765 licet
693 726 827 773 fictum
860 728 895 764 et
927 725 1077 775 falsum
1115 725 1311 771 obiecerit,
1347 724 1551 764 homicidii

179 788 380 836 manifesti
417 787 572 835 culpam
602 786 838 835 plectibilem
868 787 952 835 ipse
980 798 1058 835 per
1087 787 1250 834 impacti
1283 787 1417 825 reatus
1447 785 1550 825 invi-
1570 797 1606 825 10

181 848 290 886 diam
321 850 390 886 aut
421 849 569 886 excuset
600 849 670 885 aut
700 847 831 886 leniat.

135 908 159 944 3
272 907 428 953 Patere,
469 906 549 946 Gai
579 907 712 952 Mari,
751 908 936 956 patiatur
977 909 1012 946 et
1050 909 1120 946 tua
1161 907 1301 946 divina
1342 907 1470 946 virtus
1518 903 1554 946 et

182 968 385 1006 Romanae
428 970 551 1007 tecum
590 968 755 1006 militiae
790 969 867 1016 pia
904 967 1101 1013 discretio,
1138 968 1336 1016 patiatur,
1372 968 1552 1016 inquam,

182 1029 402 1067 necessaria
433 1029 648 1066 communis
680 1039 823 1067 causae
846 1028 1078 1077 proloquia,
1114 1039 1163 1067 ne
1192 1030 1355 1077 praeter
1386 1027 1551 1068 audien-

182 1089 279 1127 tiam
316 1089 479 1127 anxium
517 1091 708 1126 oratorem
737 1088 1059 1138 praestranyulet
1095 1091 1130 1127 et
1165 1089 1320 1137 conficti
1358 1089 1552 1138 facinoris
1572 1100 1606 1128 15

176 1160 329 1196 procax
352 1148 517 1193 invidia,
547 1151 582 1187 et
605 1148 817 1187 caelibatus
841 1150 969 1188 sancti
987 1161 1099 1198 pusra
1125 1149 1288 1188 dilectio.
1333 1150 1422 1198 qwis
1447 1149 1551 1188 enim

185 1208 372 1247 adversus
410 1210 624 1247 castitatem
661 1209 806 1248 audeat
842 1209 1073 1258 disputare?
1134 1211 1222 1259 quis
1252 1209 1475 1258 pudicitiae
1505 1210 1554 1248 ti-

183 1268 276 1307 tulis
319 1269 475 1307 obviare
517 1280 597 1307 non
639 1270 798 1308 timeat?
859 1272 1042 1316 ceterum,
1086 1271 1174 1319 quis
1216 1271 1261 1309 im
1297 1270 1425 1310 medio
1462 1269 1554 1309 belli

182 1330 362 1377 strepitu,
394 1330 481 1378 quis
511 1330 556 1367 in
587 1331 686 1374 acie,
717 1331 805 1378 quis
837 1333 926 1369 ante
955 1332 1090 1380 siqua,
1125 1332 1213 1379 quis
1243 1332 1347 1370 inter
1377 1333 1553 1370 armatos

184 1390 382 1427 armatum
413 1389 559 1428 audeat
589 1390 816 1438 appellare?
864 1394 1052 1436 scrutare,
1084 1402 1106 1429 o
1137 1392 1266 1437 Mari,
1297 1391 1380 1430 dux
1409 1391 1553 1440 ubique
1572 1404 1608 1431 20

184 1451 379 1487 terrarum
403 1451 535 1498 famae
560 1450 787 1496 laudabilis,
807 1454 842 1489 et
865 1463 913 1490 ne
931 1453 1068 1501 piyeat
1084 1453 1315 1491 universum
1343 1452 1554 1491 exercitum

183 1510 427 1558 investiqare,
457 1511 493 1548 si
524 1510 663 1549 valeat.
714 1512 801 1559 quis
834 1512 882 1550 ab
915 1512 1075 1551 olitanis
1105 1524 1284 1562 unquam
1314 1513 1553 1561 temporibus

186 1569 238 1607 ad
269 1570 337 1607 hos
375 1570 456 1608 dies
490 1570 625 1619 yladio
663 1572 830 1610 cinctum
860 1575 1045 1620 prostare
1082 1573 1360 1612 mandaverit?
1419 1573 1457 1612 si
1493 1584 1554 1612 re-

186 1629 357 1667 cordatio
381 1641 539 1668 sensum
565 1631 754 1680 effuyerit,
778 1633 815 1670 si
832 1633 1153 1680 praecedentium
1173 1633 1222 1672 ab
1242 1634 1393 1683 oriyine
1411 1633 1554 1672 numdi

185 1699 264 1726 non
301 1691 538 1728 occurrerint
575 1691 748 1739 eoeempla
784 1693 1046 1739 saeculorum,
1083 1694 1218 1741 fictum
1247 1705 1392 1743 precor
1424 1695 1554 1733 ommis
1573 1706 1608 1734 25

186 1750 332 1787 crimen
375 1751 566 1798 aynoscite
615 1751 716 1798 quod
759 1752 914 1791 tribuno
961 1754 1286 1793 mendacissimus
1325 1755 1554 1803 prolocutor

186 1809 330 1847 obiecit.
381 1810 468 1858 quis
493 1811 596 1848 enim
619 1812 721 1849 inter
745 1815 797 1850 tot
815 1813 928 1851 milia
948 1814 1176 1853 bellatorum
1201 1815 1262 1854 vel
1278 1816 1554 1863 prostituentis

187 1869 365 1907 obscenos
402 1870 501 1908 vidit
537 1871 738 1919 amplexus
777 1873 837 1911 vel
875 1884 1004 1913 vocem
1045 1875 1175 1914 audiit
1206 1876 1423 1923 prostituti.
1484 1875 1554 1914 sed

187 1929 338 1968 attende
362 1941 514 1977 precor,
545 1932 758 1979 imperator
787 1934 1041 1980 sanctissime,
1076 1935 1251 1974 attendat
1281 1938 1317 1974 et
1345 1935 1553 1975 Romanae

283 2048 303 2078 2
335 2043 566 2091 111ᾱ101111ᾱ11Ξ
598 2047 628 2091 (s
654 2046 716 2091 er.)
737 2052 780 2080 Μ
812 2033 821 2043 ”
891 2051 913 2082 4
941 2049 1111 2085 noxium:
1144 2049 1316 2085 noctium
1340 2054 1386 2085 Ν
1475 2061 1553 2086 non

186 2103 253 2128 om.
273 2097 323 2137 Μ,
347 2104 448 2138 supr.
469 2107 510 2126 m
585 2097 604 2128 6
631 2094 674 2127 ut
693 2095 746 2129 et:
775 2095 813 2129 et
837 2106 903 2130 om.
921 2102 970 2139 M,
995 2109 1095 2142 supr.
1116 2112 1175 2142 ηις
1201 2099 1245 2133 ut
1263 2100 1307 2134 ut
1327 2102 1373 2134 N
1432 2102 1454 2135 8
1481 2099 1553 2134 cri-

185 2139 365 2175 minetur:
393 2140 548 2175 crimine
567 2141 624 2175 tui
644 2146 689 2175 N
749 2145 769 2176 9
791 2142 930 2178 obiecit
949 2149 993 2179 N
1056 2149 1100 2180 10
1126 2146 1224 2192 ipse:
1252 2148 1291 2183 et
1313 2153 1341 2182 o
1395 2158 1464 2193 per
1482 2158 1551 2184 om.

186 2215 271 2246 MN
362 2215 406 2246 13
432 2211 640 2247 Romanae.
666 2213 814 2249 ratione
834 2219 878 2249 Ν
970 2220 1012 2251 16
1040 2205 1172 2254 diffitio
1199 2220 1233 2265 (e
1259 2221 1301 2255 in
1324 2220 1413 2266 ras.)
1441 2225 1485 2255 Μ

188 2263 230 2294 17
263 2259 416 2305 pudicie
443 2264 487 2294 Ν
597 2264 639 2295 18
672 2261 823 2297 obviare
850 2267 894 2297 Ν
1002 2265 1085 2309 quis
1102 2288 1143 2292 —
1160 2267 1323 2313 strepitu
1354 2279 1422 2304 om
1452 2274 1481 2303 θ

187 2323 232 2355 20
259 2321 443 2356 structam
463 2325 512 2364 Μ
540 2311 706 2356 snutaco
727 2326 771 2356 Ν
838 2327 881 2358 22
909 2323 1068 2360 olissatiis
1090 2330 1134 2360 Ν
1201 2331 1245 2362 23
1272 2329 1493 2375 ΡτοεῒΞεΞτθ
1513 2334 1557 2363 M

187 2371 231 2403 25
259 2367 488 2404 occurrerint
507 2380 551 2403 eo:
569 2371 654 2404 —unt
674 2375 717 2403 Μ
787 2374 831 2405 26
859 2372 1052 2417 agnoscit-e
1076 2374 1176 2410 Obr.
1204 2375 1391 2422 ignoscite
1414 2377 1553 2413 codices

187 2419 231 2451 27
259 2416 360 2463 quis:
388 2418 478 2462 qut&
499 2421 544 2451 N
635 2420 678 2452 29
707 2418 959 2455 sanctissime:
991 2421 1158 2457 scissime
1188 2430 1215 2458 o
