1638 2560
173 91 262 133 232
557 115 563 124 ,
600 85 944 124 oADAVERIBvs
970 84 1112 122 PAs'ri

172 207 309 245 tamen
351 217 477 243 unum
513 202 726 242 videbatur
768 201 990 240 remedium
1033 212 1114 239 non
1156 200 1366 250 expectare
1405 200 1548 240 mortis

144 270 148 274 ”
174 266 280 304 diem
307 266 347 304 et
370 264 639 303 tabescentem
659 262 807 302 cotidie
826 263 1016 312 spiritum
1035 259 1410 311 supervenientibus
1430 260 1549 301 malis

175 326 399 366 subducere.
444 338 538 363 nam
556 325 599 362 in
619 324 724 363 fame
744 335 860 362 nemo
876 321 1036 373 quidem
1058 320 1259 360 mortibus
1278 321 1456 360 inmunis
1477 323 1548 361 est.

263 386 320 424 At
351 398 430 424 non
461 387 532 423 tua
564 384 685 435 culpa
716 384 841 422 fames
875 383 1018 434 coepit,
1050 381 1119 421 sed
1143 381 1403 421 vulneratum
1432 383 1548 434 iugu-

174 447 286 496 lasti‚
317 445 563 485 titubantem
594 444 790 494 stravisti,
822 444 1047 482 fumantem
1078 442 1305 482 incendisti.
1367 456 1417 481 ne
1451 442 1549 494 quid
1587 456 1603 484 5

173 508 310 558 inique
341 506 499 557 faciam,
533 505 749 544 dividenda
781 506 876 543 sunt
905 504 1023 543 mala.
1082 504 1258 554 primam
1288 503 1438 543 famem
1468 504 1548 543 for-

173 569 296 607 tunae
333 567 493 618 inputo,
531 566 718 605 ultimam
754 565 843 604 tibi.
906 577 1061 604 moram
1092 566 1207 603 tuam
1242 564 1458 604 itineribus
1490 577 1550 604 se-

173 641 282 679 paro.
334 627 505 677 denique
537 640 583 666 ex
616 639 662 665 eo
693 626 874 677 inopiam
905 626 983 665 tibi
1015 625 1158 675 obicio,
1193 637 1242 663 ex
1273 637 1353 676 quo
1384 626 1552 676 propter

174 690 214 727 te
245 688 332 726 tuli.
382 688 519 738 itaque
546 688 693 726 caritas
724 699 918 736 annonae,
949 699 1087 724 rarum
1118 686 1378 736 frumentum,
1410 685 1550 726 caedes

174 761 220 788 ac
246 748 418 798 direptio
449 761 638 799 pecorum
669 748 820 787 fuerint
850 747 1049 796 fortunae,
1081 746 1235 785 fuerint
1259 747 1367 796 anni,
1398 746 1552 786 fuerint
1569 760 1606 788 ιο

172 811 409 860 temporum.
473 809 596 847 aliam
635 808 908 848 condicionem
945 807 1096 847 habent
1133 808 1284 846 civium
1323 808 1472 847 mortes
1511 808 1552 847 et

173 869 412 909 cadaverum
456 869 545 909 dira
594 869 785 908 laceratio
831 871 872 908 et
914 869 1070 919 peiores
1114 868 1255 919 inopia
1299 867 1388 907 cibi.
1451 867 1552 908 haec

173 931 299 969 fames
330 931 413 968 iam
443 931 515 969 tua
547 931 617 969 est.

104 990 154 1027 16
263 990 371 1029 Puta
408 1003 471 1028 me
509 991 611 1029 nihil
653 991 697 1028 in
734 991 964 1041 praesentia
1003 989 1134 1029 dicere
1177 990 1258 1029 nisi
1294 989 1370 1029 hoc
1407 1001 1550 1028 unum:

174 1050 328 1090 tardius
368 1063 489 1101 quam
528 1053 717 1101 potueras
754 1052 913 1090 venisti.
975 1051 1155 1090 nondum
1195 1050 1273 1090 tibi
1311 1050 1442 1090 obicio
1479 1049 1551 1089 du·
1571 1063 1606 1092 15

175 1112 326 1162 plicata
364 1113 548 1162 tempora
584 1124 656 1150 nec
694 1124 922 1150 remensum
959 1113 1109 1151 totiens
1147 1124 1258 1151 mare
1296 1123 1369 1150 nec
1409 1122 1551 1163 graves

175 1184 358 1222 ancoras,
402 1172 580 1211 nondum
622 1173 781 1211 tantam
824 1185 979 1211 moram
1019 1174 1173 1223 quanta
1215 1171 1412 1224 legationi
1452 1172 1552 1211 satis

175 1234 288 1271 esset.
340 1233 375 1271 si
405 1233 635 1272 innocentes
662 1245 848 1283 essemus,
879 1233 1076 1284 populum
1108 1234 1264 1284 septem
1290 1232 1431 1272 diebus
1461 1244 1551 1283 per-

175 1292 352 1331 didisses.
416 1295 608 1344 angustos
646 1294 813 1332 humani
851 1295 1017 1344 spiritus
1051 1294 1246 1333 terminos
1283 1294 1411 1332 fames
1443 1292 1551 1332 fecit.

173 1354 380 1403 morimur,
407 1353 627 1393 deficimus:
660 1354 808 1394 festina
832 1355 1071 1405 misericors,
1095 1367 1231 1394 omnes
1258 1355 1394 1405 excipe
1420 1365 1552 1403 auras,
1571 1367 1607 1394 2⁰

175 1414 334 1452 etiamsi
364 1415 452 1452 tota
478 1415 660 1454 secundis
685 1415 848 1454 flatibus
874 1416 965 1454 vela
990 1415 1238 1455 tetenderint
1261 1415 1384 1464 venti,
1415 1416 1554 1454 tamen

174 1475 293 1513 remis
333 1474 489 1514 adiuva.
553 1476 726 1514 salutem
765 1475 971 1526 publicam
1009 1476 1140 1526 vehis,
1181 1477 1371 1533 spiritum
1411 1475 1554 1527 populi

174 1536 239 1573 tui
263 1537 456 1585 reportas,
490 1536 667 1574 omnium
692 1538 876 1575 nostrum
906 1537 949 1575 in
981 1537 1060 1576 ista
1087 1530 1221 1577 classe
1238 1537 1436 1588 navigant
1467 1535 1553 1575 ani—

175 1607 274 1633 mae.
337 1595 515 1635 iuramus
548 1610 619 1647 per
650 1599 767 1635 tuum
798 1597 986 1647 reditum,
1023 1597 1138 1637 effusi
1168 1611 1242 1648 per
1273 1596 1421 1649 gradus
1452 1597 1552 1636 tem-

176 1655 334 1707 plorum
365 1657 461 1694 vota
500 1657 757 1707 suscipimus,
795 1658 998 1697 tendimus
1035 1671 1197 1709 manus3
1234 1671 1330 1697 nam
1362 1669 1462 1708 quas
1496 1657 1552 1696 fe·
1573 1669 1608 1698 25

175 1715 325 1754 riamus
363 1716 535 1766 hostias,
580 1730 659 1756 non
696 1717 900 1758 habemus.
966 1719 1063 1769 quid
1104 1732 1216 1770 spem
1256 1718 1457 1769 publicam
1503 1717 1554 1756 ad

177 1787 343 1815 ancoras
364 1776 537 1829 alligas?
569 1790 648 1816 non
675 1781 758 1818 stat
782 1780 946 1818 interim
961 1780 1069 1829 ,dies,
1097 1782 1138 1818 et
1161 1780 1294 1831 plenis
1319 1779 1420 1818 velis
1445 1790 1553 1818 mors

176 1837 298 1875 venit.
361 1837 526 1887 festina,
576 1839 721 1877 merita
764 1842 837 1878 tua
880 1853 960 1880 non
1005 1841 1233 1880 conditores
1278 1839 1554 1890 aequaverint,

176 1909 256 1936 non
288 1897 367 1947 ipsi
398 1897 456 1936 dii
485 1898 576 1948 plus
608 1900 896 1949 praestiterint.
959 1901 1036 1940 tibi
1067 1914 1159 1951 nos,
1196 1900 1274 1940 tibi
1305 1900 1451 1940 liberos
1483 1912 1553 1938 no-

176 1958 298 2007 stros,
335 1957 412 1996 tibi
451 1959 642 2009 quicquid
679 1960 834 1999 homini
870 1962 1085 2000 iocundum
1125 1963 1203 2012 est,
1243 1960 1321 2000 tibi
1365 1960 1553 2000 debemus
1572 1973 1609 2001 so

273 2101 299 2152 2·
328 2074 468 2133 cdtidie
493 2104 530 2132 B
626 2103 646 2134 5
672 2110 796 2146 neque
821 2099 955 2146 iniqua
980 2100 1080 2136 facie
1106 2107 1150 2136 M
1170 2104 1269 2137 reeta
1292 2112 1394 2147 emor.
1415 2114 1458 2135 m

177 2148 197 2181 6
224 2144 364 2181 famem
388 2152 425 2180 B
498 2146 741 2183 dividendam
768 2157 787 2191 β
875 2153 918 2183 11
945 2149 1106 2185 habent:
1133 2149 1207 2185 hflc
1233 2156 1270 2184 P
1366 2152 1412 2184 14
1437 2147 1552 2184 nihil:

175 2193 250 2229 nisi
276 2202 304 2229 «r
400 2198 444 2230 17
472 2195 654 2230 anchoras
687 2203 730 2239 νβ
829 2200 874 2231 20
902 2197 1109 2233 defecimus
1135 2204 1203 2233 VM
1225 2199 1330 2243 (corr.
1351 2198 1408 2244 m)
1435 2205 1462 2232 σ·

177 2245 221 2278 21
249 2241 386 2278 seculis
413 2249 450 2277 P
520 2243 714 2280 tenderint
738 2251 831 2280 Bw
902 2249 946 2280 22
975 2246 1114 2282 adiuva
1139 2246 1254 2282 remis
1274 2252 1325 2291 M,
1351 2249 1492 2291 transp.
1512 2259 1555 2280 m

177 2293 222 2325 24
248 2302 316 2337 per
341 2291 695 2338 gradus—'alligas
723 2294 744 2328 l.
765 2296 817 2330 27
843 2305 909 2330 om.
931 2301 968 2329 B
1059 2298 1103 2330 25
1133 2295 1326 2330 tendimus
1352 2305 1420 2330 om.
1443 2299 1487 2329 M

172 2343 257 2385 post
280 2350 414 2375 manus
435 2340 521 2376 add.
544 2339 621 2376 alto
642 2340 757 2376 liuius
778 2348 820 2377 M
904 2346 948 2377 26
970 2346 1057 2388 post
1080 2343 1265 2378 habemus
1291 2346 1418 2379 notam
1436 2342 1471 2377 R,
1495 2342 1555 2378 in-

174 2388 265 2424 serit
288 2394 317 2422 V
410 2391 454 2424 27
483 2389 666 2424 anchoras
692 2396 736 2432 Vs
834 2394 879 2425 30
908 2391 1115 2426 iucundum
1142 2398 1210 2426 Md
