1638 2560
200 91 288 134 390
623 87 883 124 EXCERPTA
908 86 1151 123 PARISINA.

261 208 300 245 et
332 206 488 244 mutato
521 204 762 243 testamento
802 215 1015 242 novercam
1046 201 1144 242 fecit
1176 201 1373 241 heredem.
1437 201 1577 241 eadem

261 267 376 305 nocte
409 264 601 315 strepitus
627 265 669 302 in
701 264 818 303 domo
851 264 940 302 fuit.
998 262 1155 302 familia
1180 262 1362 302 intravit.
1419 263 1579 314 patrem

260 326 432 365 occisum
472 326 645 375 invenit,
694 336 908 363 novercam
949 324 1065 362 iuxta
1111 323 1319 363 mortuum
1362 322 1579 363 dormienti

260 387 443 435 similem,
468 386 663 436 parietem
689 385 883 437 sanguine
912 384 1151 434 palmatum,
1183 395 1346 423 caecum
1370 384 1414 423 in
1437 382 1578 423 limine

259 447 432 486 cubiculi
463 447 526 486 sui
560 447 751 495 stantem,
790 445 973 497 gladium
1011 444 1095 484 eius
1127 444 1201 484 sub
1238 444 1407 495 pulvino
1438 457 1577 484 cruen-
1616 461 1632 488 5

258 509 402 547 tatum.
466 508 627 546 accusat
659 519 819 545 caecum
851 518 1033 544 noverca.

288 628 478 667 Noverca.
535 628 659 666 miror
683 640 763 665 non
789 628 936 666 sentire
962 639 1046 676 vos,
1072 626 1115 664 P.
1140 625 1195 676 G„
1220 627 1428 665 tantorum
1452 625 1579 667 malo-

197 702 287 727 rum
317 690 403 727 tam
436 688 637 727 evidentes
675 687 950 738 probationes,
990 687 1193 738 pudetque
1230 688 1274 739 in
1309 687 1427 726 tanta
1457 685 1579 726 turba

197 762 331 788 rerum
362 762 434 800 per
466 760 507 787 se
538 749 791 798 loquentium
824 748 1049 788 accusantis
1087 747 1223 788 subire
1261 760 1436 798 operam.
1498 759 1580 786 non

200 812 260 848 est
292 822 391 860 opus
418 808 561 858 verbis,
594 809 628 848 si
659 822 792 847 rerum
819 809 1000 848 ordinem
1025 810 1133 847 recte
1159 808 1401 847 aestimetis:
1434 806 1578 859 cogitis
1600 823 1635 850 ιο

199 873 352 919 tamen,
394 872 433 909 et
474 869 605 908 dicam
646 870 778 908 minus
822 882 943 920 quam
984 871 1123 909 actum
1164 869 1229 908 sit.
1294 868 1578 919 metibiamus,

199 931 339 980 sentio,
365 930 528 980 iudices,
560 930 705 981 pudori
729 931 899 980 iuvenis,
931 943 1004 982 pro
1035 943 1113 981 quo
1139 930 1353 969 minimum
1385 931 1447 969 est
1472 928 1581 980 quod

197 991 398 1041 parricida
430 1004 510 1030 non
543 992 613 1041 est,
647 992 931 1043 gravissimum
966 990 1096 1030 videri
1127 990 1235 1041 quod
1267 991 1408 1030 contra
1438 1003 1580 1029 nover-

199 1063 286 1090 cam
325 1051 590 1091 absolvendus
635 1053 713 1101 est,
757 1052 978 1102 plurimum
1022 1064 1181 1102 quoque
1223 1063 1340 1090 caeco
1383 1050 1432 1090 de
1469 1063 1580 1090 reve-

197 1113 329 1150 rentia
359 1113 489 1162 perire
523 1112 739 1161 virtutum,
777 1125 869 1151 cum
906 1113 950 1151 in
986 1112 1259 1163 patrocinium
1296 1113 1381 1152 eius
1413 1111 1581 1151 affertur
1600 1126 1634 1154 1⁶

199 1172 390 1222 quicquid
434 1172 561 1211 alium
605 1172 836 1212 defenderet
878 1174 1143 1212 innocentem.
1213 1172 1283 1212 sed
1328 1171 1380 1212 ad
1417 1184 1581 1212 causam

197 1234 325 1272 venio.
384 1246 453 1272 cur
486 1233 693 1272 abdicatus
727 1235 787 1273 est
818 1231 954 1272 filius?
1009 1234 1062 1273 N.
1095 1233 1193 1284 quia
1226 1235 1270 1272 in
1301 1235 1460 1284 patrem
1490 1245 1580 1284 per-

198 1293 275 1331 fide
308 1294 402 1345 egit.
466 1293 508 1343 Q.
541 1294 676 1333 nullus
716 1294 765 1332 ab
797 1294 1026 1334 incredibili
1062 1294 1219 1346 incipit.
1281 1293 1487 1333 infinitum
1519 1294 1582 1333 est

200 1354 307 1404 quod
339 1354 498 1393 fecisset
529 1354 686 1404 videns⁷
726 1355 760 1393 si
790 1356 925 1406 potuit
962 1354 1225 1406 parricidium
1265 1367 1405 1394 caecus
1437 1354 1579 1393 facere.

199 1414 251 1452 N.
284 1427 498 1454 novercam
535 1416 648 1465 prius
686 1415 924 1465 temptabat.
990 1416 1032 1466 Q.
1065 1417 1274 1467 praesente
1311 1415 1377 1455 vel
1416 1415 1580 1454 absente
1599 1431 1635 1456 20

199 1474 343 1524 patre?
403 1475 455 1514 N.
490 1475 664 1514 absente.
731 1476 772 1525 Q.
804 1476 913 1515 idem
944 1477 1096 1516 faceret
1123 1476 1247 1515 etiam
1279 1489 1324 1515 eo
1356 1476 1578 1527 praesente.

200 1546 316 1574 caeco
348 1548 537 1585 praesens
570 1535 710 1575 absens
744 1538 813 1576 est.
877 1539 923 1576 tu
956 1550 1049 1576 vero
1078 1536 1246 1577 insidias
1277 1537 1463 1588 parabas.
1526 1535 1579 1575 N.

201 1607 274 1646 ego
307 1596 344 1634 ei
376 1595 480 1634 dona
513 1596 670 1646 dabam,
702 1610 781 1635 non
813 1597 992 1637 insidias.
1057 1598 1099 1648 Q.
1132 1598 1312 1637 mulieris
1345 1597 1451 1637 dona.
1480 1595 1580 1636 insi-

200 1655 289 1694 diae
322 1658 424 1694 sunt.
487 1657 539 1695 N.
571 1670 634 1696 me
674 1657 750 1697 sibi
791 1658 1013 1708 alliciebat,
1050 1659 1166 1709 patre
1198 1658 1384 1698 veniente
1416 1669 1458 1697 se
1489 1656 1580 1698 sub-

220 1733 225 1734 .
376 1733 486 1736 —m
1313 1718 1335 1745 t

299 1774 317 1805 1
346 1770 440 1805 facit
470 1777 567 1806 VBR
642 1776 662 1806 2
689 1771 779 1808 fuit:
807 1773 850 1807 fit
877 1780 913 1808 Β
994 1775 1143 1820 patrem
1170 1785 1237 1810 om.
1272 1779 1370 1809 VBR
1451 1775 1473 1807 4
1499 1771 1581 1819 pal-

199 1819 331 1864 patum
356 1825 417 1853 VB
488 1823 509 1854 5
531 1820 600 1854 sub
620 1819 775 1866 pulvino
796 1821 876 1856 eius
893 1828 928 1857 Β
1004 1825 1024 1856 6
1039 1834 1112 1868 pro
1132 1823 1344 1858 accusat—
1359 1831 1520 1858 noverca
1540 1822 1581 1856 in

200 1873 254 1902 R:
283 1868 503 1912 comparent
523 1879 650 1903 coram
670 1870 804 1904 senatu
895 1874 914 1904 7
941 1881 1102 1906 noverca
1122 1870 1292 1916 loquitur
1311 1876 1349 1906 Β
1437 1873 1481 1905 10
1501 1880 1582 1905 ver-

199 1914 275 1950 bis:
297 1914 369 1950 sibi
389 1922 426 1950 B
497 1918 599 1951 recte
619 1916 790 1952 ordinem
805 1924 841 1953 Β
916 1923 1000 1955 ante
1021 1919 1158 1965 cogitis
1178 1919 1284 1955 add:
1304 1930 1381 1955 non
1401 1918 1460 1954 est
1479 1918 1582 1964 quod

200 1965 338 2009 agatur
364 1964 466 2009 apud
491 1975 572 2007 vos,
604 1964 635 2000 si
662 1965 816 2010 quidem
843 1968 972 2002 actum
998 1967 1114 2014 agitis
1141 1974 1178 2004 Β
1303 1971 1346 2003 11
1373 1966 1498 2002 minus
1525 1966 1581 2002 di-

199 2022 282 2047 cam
309 2018 346 2047 Β
464 2014 606 2049 actum:
633 2023 785 2049 necesse
807 2021 844 2050 Β
962 2019 1005 2051 13
1032 2015 1294 2062 gratissimum
1314 2022 1354 2052 Β
1460 2015 1581 2051 videri

198 2070 267 2096 om.
295 2066 333 2096 Β
462 2064 507 2095 14
533 2072 699 2106 quoque:
734 2062 826 2107 quid
857 2069 896 2107 νς
930 2064 1021 2109 quia
1046 2071 1098 2109 Β;
1129 2075 1202 2110 que
1229 2071 1267 2100 Β
1396 2066 1441 2099 15
1467 2063 1581 2109 depe-

198 2107 273 2144 rire
307 2115 344 2144 Β
499 2113 542 2144 16
577 2114 661 2155 post
698 2110 938 2147 innocentem
976 2113 1063 2148 add.
1105 2115 1143 2148 et
1180 2123 1228 2148 ne
1266 2112 1360 2158 quid
1397 2111 1581 2148 hodierne

200 2155 451 2192 sollicitudini
495 2159 689 2203 praestare
728 2159 888 2204 putetis,
928 2160 1020 2195 fecit
1058 2161 1160 2206 quod
1195 2162 1253 2197 est
1283 2160 1324 2196 in
1361 2161 1473 2197 rebus
1511 2160 1582 2195 hu-

200 2205 325 2240 manis
353 2217 540 2241 summum
567 2206 688 2251 nefas,
708 2218 755 2242 ne
779 2207 885 2243 aliud
907 2208 947 2243 in
974 2208 1049 2244 alio
1074 2210 1290 2246 crederetur
1309 2216 1347 2245 Β
1447 2213 1490 2245 17
1514 2208 1581 2255 qui

202 2259 241 2290 Β
366 2257 410 2289 18
438 2254 520 2300 agit
546 2261 583 2290 Β
608 2259 641 2291 et
670 2255 756 2291 add.
790 2255 859 2291 filii
891 2268 1028 2292 nomen
1059 2258 1173 2293 exuit.
1310 2256 1517 2293 incredulis
1544 2263 1582 2293 Β

201 2340 245 2372 19
273 2338 365 2384 quid
390 2345 428 2373 Β
524 2342 570 2374 20
596 2304 800 2386 temptabxiibt
826 2347 876 2383 1³3
903 2341 1106 2387 temptavit
1126 2349 1163 2378 Β
1262 2346 1306 2378 21
1334 2341 1452 2378 etiam
1480 2341 1581 2378 face-

199 2387 259 2422 ret
285 2393 322 2422 Β
422 2391 466 2423 23
492 2387 694 2423 mulierum
721 2395 757 2424 Β
857 2393 902 2424 24
929 2389 1018 2426 sibi:
1045 2390 1110 2426 ille
1139 2397 1175 2426 Β
1274 2401 1313 2426 se
1340 2402 1407 2427 om.
1436 2397 1473 2427 Β
