1638 2560
181 91 207 133 8
628 83 798 121 PARms
823 81 1083 120 PALMATvs

180 202 432 254 interrogabo
465 201 560 252 quid
591 201 682 239 ante
712 198 864 249 perdite
871 228 883 250 ,
915 197 1011 247 quid
1040 196 1253 247 flagitiose,
1284 193 1381 246 quid
1409 193 1532 245 impie

182 264 335 312 fecerit,
366 275 436 312 per
468 274 567 311 quae
599 273 638 299 se
669 258 909 310 parricidam
940 258 1090 296 scelera
1119 255 1358 307 promiserit.
1421 254 1532 294 inno-

183 323 311 363 centia
346 335 417 373 per
452 321 597 373 gradus
635 321 760 358 certos
798 319 848 357 ab
883 319 1043 357 homine
1082 316 1268 366 discedit,
1306 317 1364 367 et,
1400 327 1449 354 ne
1488 314 1532 353 in

182 383 362 422 man'mis
393 381 564 432 trepidet
595 380 771 427 audacia,
802 378 873 417 diu
903 380 1007 418 vires
1039 377 1082 416 in
1112 376 1334 417 minoribus
1366 375 1531 428 colligit.

183 455 295 482 nemo
332 442 423 481 inde
461 443 606 491 coepit,
645 453 721 490 quo
757 438 987 479 incredibile
1025 439 1086 478 est
1124 437 1363 489 pervenisse.
1423 435 1532 476 dicas
1570 449 1588 477 5

182 515 335 542 necesse
366 504 426 541 est
457 515 556 552 quae
586 501 678 539 huic
709 513 797 539 cum
827 501 942 550 patre
974 499 1065 539 odia
1096 498 1266 549 fuerint,
1299 510 1420 549 quam
1450 497 1534 536 vio-

182 565 289 602 lenta
328 562 517 601 dissensio
554 562 658 600 inter
688 573 889 600 sacrorum
924 559 1085 599 infinita
1114 559 1322 599 nominum
1351 558 1533 610 pignora.

183 623 295 662 crede
324 622 466 661 mulier
497 623 616 661 etiam
647 624 716 660 tua
748 633 876 660 causa.
927 632 1021 658 nam
1053 620 1087 659 si
1117 619 1238 659 facile
1269 619 1330 659 est
1358 618 1443 658 filio
1472 630 1536 658 oc-

183 683 310 732 cidere
340 685 506 733 patrem,
536 682 691 721 facilius
724 683 784 720 est
813 681 928 720 uxori
956 679 1158 719 maritum.

258 742 427 793 Loquar
450 755 554 782 nunc
573 742 620 781 de
639 741 871 780 infirmitate
889 741 1055 780 miserae
1075 741 1293 780 caecitatis.
1327 740 1535 779 temeritas
1554 753 1592 781 w

183 804 307 842 omnis
344 804 566 841 animorum
606 802 834 841 calamitate
878 813 1087 852 corporum
1124 801 1344 853 frangitur,
1383 802 1425 840 et
1463 800 1535 839 fri-

184 865 345 915 gescunt
381 863 552 913 impetus
589 862 782 901 mentium
818 874 917 913 quos
955 874 1035 901 non
1074 861 1276 911 explicant
1310 860 1538 900 ministeria

183 923 455 961 membrorum.
517 923 567 961 ad
616 923 745 963 solum
794 934 835 962 se
881 922 1024 974 alligat
1067 922 1261 961 destituta
1303 933 1535 962 maerorem.

184 984 316 1022 vultus
355 984 422 1022 ille
453 986 644 1033 perpetua
673 985 788 1022 nocte
820 985 1028 1034 coopertus
1043 1033 1047 1036 ι
1060 995 1106 1022 ac
1135 982 1301 1022 timidus
1332 995 1414 1023 non
1443 994 1536 1022 con-

186 1044 282 1094 cipit
318 1044 446 1092 nefas,
483 1043 532 1082 ad
570 1043 677 1093 quod
701 1043 877 1091 ¹ducibus
915 1043 1039 1082 oculis
1079 1045 1319 1094 pervenitur.
1381 1043 1537 1095 cogitat
1556 1055 1591 1084 111

186 1116 337 1153 semper
362 1116 491 1142 errare
517 1105 556 1143 et
581 1095 785 1153 offendere,
816 1104 968 1155 cogitat
993 1104 1113 1143 eundi
1135 1103 1406 1154 redeundique
1431 1102 1536 1144 diffi-

187 1164 382 1202 cultatem.
443 1176 589 1215 magna
618 1164 865 1203 innocentiae
896 1165 1109 1203 necessitas
1143 1166 1215 1214 est,
1245 1165 1446 1204 neminem
1475 1164 1537 1204 fa·-

186 1223 298 1262 cilius
329 1235 441 1274 posse
467 1212 743 1323 deprehendiss
765 1236 919 1275 semper
949 1224 1025 1264 sibi
1050 1225 1282 1264 custodiunt
1307 1225 1456 1276 miseri,
1486 1237 1536 1264 ne

185 1295 266 1322 esse
286 1284 525 1323 miserabiles
545 1284 707 1323 desinan
729 1314 738 1335 ‚
764 1286 804 1324 et
829 1283 1007 1335 quisquis
1033 1286 1169 1325 amisit
1193 1286 1341 1336 oculos,
1364 1285 1538 1335 laborat,

184 1356 232 1381 ne
274 1344 415 1383 merito
457 1344 681 1394 perdiderit.
745 1344 840 1395 quid
884 1345 994 1384 aliud
1037 1347 1207 1386 caecitas
1251 1346 1369 1386 discit
1413 1356 1536 1398 quam
1555 1359 1593 1388 ιο

184 1415 335 1454 rogare,
365 1403 562 1442 blandiri?
612 1405 745 1444 odium
777 1418 890 1444 omne
922 1406 1115 1446 adiuvant
1145 1407 1264 1457 oculi,
1296 1408 1336 1446 et
1363 1406 1470 1447 huno
1492 1407 1537 1447 in

185 1463 405 1513 pectoribus
442 1464 622 1504 humanis
654 1466 826 1504 furorem
860 1466 1012 1505 lumina
1051 1467 1289 1517 accendunt,
1326 1480 1400 1507 nec
1434 1467 1537 1508 levis

189 1524 329 1562 animis
361 1524 509 1563 accedit
538 1525 712 1575 insania,
751 1526 932 1576 quotiens
965 1540 1081 1577 quem
1112 1529 1322 1579 exemeris,
1353 1528 1537 1580 aspicias.

189 1595 323 1622 caecus
353 1584 531 1622 miserior
556 1587 615 1624 est
639 1598 758 1635 quam
782 1588 829 1624 ut
852 1587 1004 1626 invisus
1029 1589 1095 1639 sit,
1125 1588 1306 1629 timidior
1330 1590 1391 1629 est
1415 1601 1538 1640 quam

188 1644 233 1680 ut
263 1642 400 1681 oderit.
448 1646 653 1694 praeterea
683 1646 913 1686 nocentibus
943 1647 1079 1687 liberis
1109 1649 1454 1700 frequentissimas
1486 1649 1538 1690 ad
1557 1661 1594 1691 ιο

124 1725 128 1753 3
187 1702 442 1769 parricidium
479 1717 615 1743 causas
653 1707 849 1757 suggessit
885 1707 986 1746 illud
1022 1709 1129 1776 quod
1162 1709 1362 1750 videbant.
1426 1710 1538 1750 vitiis

126 1767 130 1784 ³
189 1762 293 1800 enim
324 1764 467 1802 nostris
499 1764 541 1803 in
573 1766 747 1804 animum
777 1780 846 1816 per
878 1769 1011 1807 oculos
1036 1769 1103 1808 via
1132 1771 1202 1809 est.
1253 1770 1344 1810 aliis
1367 1770 1541 1811 tradidit

187 1822 230 1860 in
260 1817 468 1872 parentum
499 1825 729 1875 sanguinem
758 1827 914 1866 luxuria
944 1828 1091 1868 ferrum
1123 1852 1178 1857 ——
1210 1831 1371 1870 luxuria
1400 1831 1539 1872 viden—

188 1882 289 1920 tium
309 1883 452 1921 crimen
475 1906 524 1910 -—
533 1885 654 1933 ,aliis
677 1888 948 1927 meretriculae
971 1901 1082 1928 amor
1102 1891 1303 1930 inmodica
1323 1892 1538 1943 poscentis,

285 1988 302 2019 1
335 1984 489 2031 flagiose
515 1992 564 2030 Μ,
590 1999 679 2023 corr.
699 2002 740 2022 m
832 1994 851 2024 3
879 1990 1052 2028 discedit:
1080 1993 1274 2030 descendit
1304 2001 1332 2030 V
1417 1999 1438 2031 6
1463 1971 1539 2031 lilic

187 2039 224 2067 Β
295 2033 381 2068 odia
407 2044 472 2069 om
494 2040 548 2078 Μ,
575 2040 659 2071 ante
684 2047 767 2071 cum
791 2048 889 2082 supr
910 2053 952 2073 m
1023 2052 1152 2085 quam:
1186 2053 1258 2088 que
1283 2049 1321 2078 P
1423 2047 1445 2080 8
1470 2054 1540 2090 pa-

187 2082 282 2116 trem
307 2080 383 2116 filio
410 2081 577 2118 occidere
603 2083 810 2129 (hoccidere
828 2088 875 2132 Β)
902 2096 991 2170 asra
1065 2092 1085 2123 9
1117 2089 1266 2126 facilius
1295 2093 1338 2127 in
1361 2103 1435 2129 ras.
1455 2099 1493 2128 Β

190 2156 232 2187 12
265 2164 374 2198 quos:
404 2154 504 2199 quod
528 2160 605 2189 ΒΜ
677 2160 718 2191 17
745 2168 896 2202 magna:
931 2171 1029 2206 gana
1063 2167 1100 2195 B
1171 2166 1213 2198 21
1241 2163 1432 2201 blandiori
1455 2171 1494 2201 Β

188 2200 260 2260 ΕΜ
285 2231 322 2259 Β
417 2229 462 2260 24
488 2226 732 2262 invisus—ut
751 2229 771 2263 l.
788 2233 832 2264 25
853 2241 918 2266 om.
935 2237 971 2265 P
1064 2237 1108 2268 25
1134 2236 1177 2269 ut
1197 2235 1333 2273 oderit:
1353 2238 1420 2273 uto
1440 2238 1541 2274 derit

188 2274 222 2318 (e
243 2273 332 2327 fecit
356 2284 400 2309 ex
425 2276 460 2320 ο)
485 2280 521 2309 Β
593 2279 635 2310 26
663 2275 859 2312 videbatur
884 2285 916 2313 J
986 2283 1029 2314 27
1049 2281 1125 2317 via:
1152 2282 1254 2319 invia
1273 2290 1311 2319 Β
1382 2288 1428 2321 28
1454 2297 1540 2322 san-

187 2332 354 2375 guinum.
374 2327 402 2355 V
492 2322 638 2358 luxoria
664 2330 699 2358 P
728 2324 782 2360 bis
878 2330 921 2361 29
950 2333 1034 2372 post
1065 2330 1203 2366 crimen
1232 2333 1316 2369 add.
1345 2335 1387 2370 in
1414 2346 1487 2372 ras.
1513 2336 1542 2372 2

188 2369 241 2404 vel
272 2371 295 2405 3
327 2370 531 2406 lztterarum
557 2373 614 2406 est
637 2385 679 2406 m
