1638 2560
166 102 253 145 332
566 99 768 137 INFAMIS
793 99 847 135 IN
872 98 1087 135 MATREM
1111 99 1129 135 1

164 218 372 256 incertum.
430 229 565 255 coram
597 215 781 255 omnibus
810 216 998 264 torquere
1029 213 1149 253 debet
1178 213 1309 255 filium
1338 217 1468 279 pater,
1499 218 1540 256 et

167 279 238 327 qui
268 277 358 316 vult
390 275 594 315 absolvere
626 278 667 315 et
699 277 768 325 qui
799 277 860 314 est
890 276 1058 326 paratus
1091 274 1279 315 occidere

255 337 348 376 Non
366 337 502 386 vultis,
527 336 690 386 iudices,
710 336 761 375 ad
786 336 942 374 facinus
967 335 1273 387 indignissimae
1290 337 1540 387 quaestionis

167 397 346 446 accedat,
392 398 432 436 et
470 396 578 447 quod
618 398 705 447 ipse
748 397 869 435 torsit
908 395 1037 434 filium
1078 397 1205 446 pater.
1268 396 1421 438 adeone
1460 410 1541 437 non

165 459 300 508 potuit
335 457 492 496 libertis
530 458 601 496 aut
638 457 806 496 servulis
843 457 1061 495 necessitas
1092 457 1175 495 ista
1203 456 1418 497 mandari?
1460 470 1557 498 11011·
1579 471 1595 498 5

166 518 342 557 carnifex
385 518 520 568 potius
566 515 777 557 adhiberi?
839 521 956 567 pater
998 518 1042 555 in
1085 518 1298 557 tormentis
1341 517 1418 557 fflii
1459 532 1539 558 non

167 590 325 617 aversos
358 579 489 616 tenuit
522 578 669 627 oculos,
700 579 786 627 ipse
813 579 944 617 vestes
971 577 1102 627 scidit,
1133 578 1364 618 velamenta
1389 579 1540 619 lacera-

165 639 242 687 vit,
280 637 466 677 manibus
504 638 667 689 flagella
705 637 922 687 concussit,
959 639 1174 678 renovavit
1206 639 1320 691 ignes
1359 641 1401 679 et
1436 641 1541 680 mori

164 698 292 737 filium
324 699 577 738 contentione
610 711 691 737 non
716 699 825 748 sivit,
857 698 1015 738 diduxit
1041 711 1085 738 08
1111 698 1220 749 quod
1244 701 1329 739 iam
1354 712 1541 751 suprema

165 758 420 808 claudebant,
453 759 557 798 fovit
588 760 785 808 animum,
823 761 870 797 ut
900 759 1033 810 longis
1066 759 1309 800 cruciatibus
1340 761 1541 811 patientia
1560 774 1596 802 10

164 819 372 858 sufficeret.
436 832 459 858 0
504 819 668 871 dignum
712 822 870 870 patrem
915 821 980 859 cui
1024 820 1135 859 dicat
1181 820 1372 861 innocens
1415 821 1540 862 filius:

165 876 283 918 ‘feci'

254 940 346 978 Non
377 940 620 979 mehercules
659 941 824 991 inprobe
857 941 958 979 mihi
992 942 1315 991 proclamatums
1346 942 1422 982 hoo
1452 943 1540 982 loco

165 1000 303 1039 videor
339 1001 542 1039 hominem
575 1001 643 1050 qui
681 1003 893 1051 torquetur
930 1003 972 1040 in
1004 1004 1193 1052 matrem,
1232 1002 1374 1044 debere
1407 1015 1541 1043 coram

163 1062 292 1099 matre
323 1062 513 1110 torqueri.
564 1074 634 1100 cur
660 1062 886 1100 excluditur
915 1062 1057 1102 infelix
1090 1075 1113 1101 a
1145 1076 1221 1103 sna
1252 1076 1387 1114 causa,
1419 1076 1444 1103 a
1468 1077 1540 1104 sua
1560 1076 1595 1104 1⁶

166 1120 428 1170 quaestione?
480 1121 624 1160 adhibe
651 1123 820 1172 speciosi
845 1123 1089 1162 cruciatibus
1120 1123 1224 1163 hanc
1248 1124 1370 1164 nimis
1398 1137 1540 1164 'aman-

164 1183 258 1230 tem,
278 1181 395 1221 huius
416 1183 588 1233 gemitus
615 1184 762 1232 excipe,
784 1183 903 1222 huius
930 1183 1104 1235 suspiria
1130 1184 1346 1235 oculosque
1365 1185 1540 1225 custodi:

164 1242 199 1280 si
238 1242 343 1291 quod
381 1243 537 1281 facinus
578 1243 795 1282 admissum
835 1245 912 1294 est,
952 1244 1159 1295 torquebis
1198 1245 1360 1296 quidem
1399 1245 1540 1296 filium,

92 1298 143 1335 14
164 1302 232 1341 sed
263 1302 457 1341 fatebitur
486 1304 627 1342 mater.
689 1304 917 1354 inrumpere
949 1309 1024 1343 1110Ι
1044 1306 1132 1344 111111
1163 1307 1336 1345 maxime
1365 1308 1468 1356 puta
1495 1307 1541 1345 in

163 1362 265 1400 illud
302 1364 434 1412 tuum,
472 1363 692 1413 parricida,
731 1367 944 1403 secretum:
985 1366 1107 1405 inicio
1146 1366 1381 1417 properanti
1413 1379 1539 1418 quae·
1558 1380 1595 1407 ao

164 1423 286 1461 stioni
311 1436 488 1473 manum,
513 1424 650 1463 inhibe
675 1425 791 1474 ictus,
818 1425 1009 1465 subtrahe
1034 1426 1242 1478 paulisper
1265 1427 1390 1478 ignes.
1429 1429 1539 1478 quic·

165 1483 261 1532 quid
293 1485 353 1522 est
386 1484 492 1533 quod
525 1484 682 1535 eruisti,
713 1486 850 1535 profer
879 1487 922 1524 in
953 1487 1143 1537 medium,
1177 1489 1378 1527 memento
1409 1490 1453 1527 te
1482 1489 1539 1527 fe-

165 1543 263 1582 cisse
301 1544 349 1582 de
380 1544 482 1593 filio,
519 1547 685 1595 propter
717 1546 823 1595 quod
860 1546 936 1585 tibi
968 1560 1048 1586 non
1081 1547 1226 1588 debeat
1259 1548 1378 1587 credi.
1442 1549 1540 1599 quid

165 1604 351 1652 spiritum
383 1604 518 1643 dolore
556 1605 827 1655 praecipitas?
890 1607 987 1657 quid
1018 1609 1188 1647 miserae
1219 1608 1438 1648 intervalla
1467 1621 1539 1660 pa-

164 1662 330 1702 tientiae
363 1665 560 1714 pertinaci
586 1666 823 1705 crudelitate
851 1668 1075 1718 continuas,
1107 1670 1141 1707 si
1172 1670 1324 1708 frustra
1355 1669 1432 1708 tibi
1457 1670 1538 1709 suf·
1557 1682 1593 1711 25

164 1723 278 1762 ficere
311 1725 437 1763 credis
471 1725 577 1774 quod
610 1726 800 1776 audieris,
832 1730 1037 1778 nuntiare,
1069 1728 1280 1779 proferre?
1340 1731 1539 1770 incestum

163 1785 210 1822 ut
242 1784 438 1834 credatur,
468 1787 554 1835 ipse
586 1786 704 1825 debet
737 1787 878 1826 audiri.

263 1938 280 1970 1
309 1934 494 1971 incestum
519 1943 548 1970 1
641 1941 661 1971 3
693 1949 817 1974 11011110
843 1938 981 1975 videtis
1006 1939 1026 1975 .9
1125 1945 1146 1975 5
1173 1941 1304 1977 liberis
1331 1948 1368 1976 P
1463 1953 1539 1978 ser—

162 1982 256 2019 volis
282 1989 319 2017 Β
421 1983 495 2019 ista
521 1996 588 2020 om
609 1992 695 2030 ΒΜ,
721 1998 822 2032 supr
843 2002 886 2021 m
986 1992 1004 2023 7
1034 1988 1208 2025 adversos
1236 1996 1278 2025 M
1374 1990 1484 2026 scivit
1509 2005 1538 2025 ω

163 2033 197 2076 (0
223 2031 290 2066 del
311 2032 376 2077 Β),
409 2043 499 2068 corr.
523 2041 544 2067 ς
666 2037 686 2068 9
720 2034 817 2070 dixit
843 2046 883 2070 os
908 2042 987 2071 ΒΜ
1011 2037 1083 2083 (vel
1107 2049 1133 2072 u
1158 2040 1231 2084 m);
1264 2038 1425 2074 deduxit
1448 2047 1467 2082 β

164 2082 209 2115 10
241 2060 445 2115 cladebant
471 2087 507 2115 P
625 2082 861 2127 patientibus
887 2090 915 2118 v
1033 2089 1075 2120 11
1111 2086 1325 2123 sufficeret:
1348 2086 1362 2121 1
1387 2098 1433 2123 ex
1457 2097 1478 2122 e
1503 2093 1541 2122 Β

164 2155 208 2188 13
233 2127 439 2187 1110111100108
464 2153 1180 2202 Βς111011010111οΞΜΡ100181111118
1206 2164 1256 2203 M,
1286 2169 1350 2194 ma
1373 2171 1538 2205 supr-un

163 2203 209 2236 14
234 2201 388 2283 torquiet
412 2207 449 2235 Β
522 2206 565 2236 16
593 2203 826 2248 quaestionis
853 2210 898 2247 Β,
925 2216 1015 2240 corr.
1038 2213 1062 2240 b
1137 2206 1250 2242 adibe
1268 2213 1315 2252 Β,
1341 2207 1367 2242 11
1391 2219 1493 2254 supr.
1514 2214 1538 2242 b

164 2276 206 2308 17
235 2260 364 2319 supira
389 2279 427 2308 Β
542 2278 586 2309 18
612 2275 807 2319 torquebis
834 2287 878 2311 επ
904 2276 952 2311 -11
977 2283 1020 2312 Μ
1128 2282 1171 2313 19
1200 2290 1285 2316 cum
1310 2288 1352 2325 σς
1379 2291 1471 2316 corr.
1492 2288 1538 2323 αβ

162 2349 206 2429 {i
233 2356 384 2428 anagni?
388 2352 440 2390 Β,
460 2325 582 2392 manss9s
599 2353 642 2381 Μ
711 2334 882 2393 pulisper
906 2355 943 2383 Β
1010 2354 1054 2385 25
1076 2351 1307 2388 continueris
1327 2366 1375 2397 ως
1401 2362 1493 2388 corr.
1516 2359 1538 2387 τ

262 2404 281 2428 0
310 2404 330 2429 0
373 2401 509 2440 ipseV
