1638 2560
467 91 882 129 DEGLAMATIONES
907 91 952 127 V.
978 91 1042 128 VI.
1358 91 1448 134 363

68 208 251 260 paravit,
287 209 352 257 ut,
389 208 582 259 quoniam
618 206 784 247 reddere
821 208 945 246 matri
984 219 1066 246 non
1101 207 1265 257 poterat
1302 206 1451 255 oculos,

63 268 255 309 redderet
289 269 423 308 virum
453 268 580 308 oculis
611 269 824 316 cariorem3
855 269 916 317 te,
954 280 1046 307 cum
1081 266 1282 318 proficisci
1316 267 1452 316 vellet,

69 328 367 369 commendavit
397 329 555 379 amicis,
595 329 802 379 profectus
842 329 904 368 est
943 328 1029 367 solo
1067 329 1284 368 comitatus
1316 327 1451 366 animo

68 402 143 430 nec
173 402 215 430 se
244 390 410 441 putavit
438 389 498 429 ire
530 389 615 429 sine
645 388 798 440 pretio,
835 389 1020 439 quamvis
1059 388 1111 427 ad
1140 389 1297 439 piratas
1327 388 1453 427 ferret

32 464 51 491 ⁶
69 451 211 490 inanes
247 463 405 490 manus.
474 451 516 489 et
554 450 723 501 planum
765 450 828 489 est
874 449 1000 500 quod,
1042 461 1134 488 cum
1173 449 1277 487 nihil
1317 461 1453 488 secum

69 511 205 561 ferret,
235 512 335 551 33113
363 510 442 550 fibi
475 510 587 550 domi
619 510 798 561 reliquit,
829 510 935 550 unde
970 511 1265 550 sustentareris.
1319 510 1452 558 aliter,

68 573 104 612 si
133 571 238 611 nihil
268 573 373 611 esset
402 570 529 620 domi,
570 571 676 610 unde
706 571 852 610 redimi
882 583 1058 622 possem,
1097 571 1228 609 testor
1258 570 1371 619 deos,
1402 569 1452 609 de

67 632 343 684 redemptione
373 631 533 671 litteras
569 645 652 671 non
691 633 900 671 misissem.
963 631 1043 670 fuit
1074 644 1188 683 ergo,
1226 644 1250 670 o
1287 630 1453 680 iudices,

69 693 196 743 domi,
232 692 338 732 unde
374 692 520 732 redimi
549 704 725 743 possem,
763 691 832 732 sed
869 691 973 731 illud
1009 693 1143 731 totum
1183 691 1291 731 filius
1328 692 1453 731 matri

6 767 51 794 -10
67 752 246 805 reliquit.
300 754 470 804 navigat
501 765 596 805 ergo
626 765 700 804 per
729 752 948 792 horrendos
979 752 1125 792 fluctus
1155 753 1264 791 inter
1293 752 1452 803 piratas

70 815 112 853 et
141 815 266 854 maris
296 814 488 865 pericula.
545 815 604 863 et,
644 815 691 852 ut
729 813 782 852 ad
818 815 975 864 piratas
1012 814 1215 864 pervenit,
1257 813 1400 852 exiluit
1431 825 1453 851 e

69 876 166 914 navi
203 876 245 914 et
274 874 387 914 flexis
425 873 592 927 genibus
631 886 767 914 coram
803 875 949 925 piratis
989 875 1030 912 et
1066 873 1168 913 fusis
1198 873 1377 913 lacrimis
1409 886 1451 912 se

69 936 247 986 pretium
278 936 320 974 et
350 936 523 974 vicarias
562 948 706 974 manus
736 947 810 985 pro
852 948 917 974 me
956 936 1074 986 patre
1114 934 1232 973 offert
1262 933 1331 973 eis.
1387 934 1453 973 illi

69 996 244 1035 libenter
267 996 485 1047 accipiunt,
515 996 585 1035 sed
610 1008 684 1048 ego
708 996 873 1035 invitus.
931 995 1159 1047 allegabam
1184 995 1292 1034 enim
1322 995 1452 1034 vitam

14 1069 51 1096 15
70 1057 152 1096 mei
180 1055 343 1095 brevem
379 1056 465 1095 fore
498 1057 538 1095 et
574 1057 659 1095 iam
695 1069 896 1095 carcerem
934 1057 975 1095 et
1005 1056 1170 1094 vincula
1205 1057 1452 1104 consuetum,

69 1117 140 1156 ille
172 1116 333 1156 dicebat
356 1129 449 1156 cum
472 1116 668 1156 lacrimis:
700 1118 831 1156 mater
858 1129 947 1156 mea
978 1117 1021 1155 te
1044 1117 1207 1155 tantum
1238 1115 1452 1166 desiderat,

71 1177 181 1228 quod
199 1178 282 1216 fere
302 1179 466 1217 caecata
485 1179 558 1227 est,
577 1180 619 1217 et
636 1177 741 1216 forte
762 1190 786 1216 a
804 1179 845 1216 te
868 1178 1054 1216 veniente
1074 1176 1240 1216 videbit.
1279 1189 1303 1215 o
1324 1189 1450 1227 quan·

68 1240 159 1277 tum
187 1239 232 1277 in
267 1238 344 1278 hac
381 1238 646 1278 altercatione
682 1239 840 1277 iuvenis
877 1237 1001 1276 flevit.
1057 1238 1093 1276 si
1122 1249 1452 1288 perseverassem,

69 1298 170 1338 duos
202 1311 518 1339 excaecaveram.
579 1298 750 1338 hilarior
780 1311 875 1350 ergo
906 1298 1058 1350 ligatus
1099 1304 1161 1337 est
1190 1297 1297 1337 filius
1330 1311 1454 1348 quam

14 1372 52 1399 ὀ
71 1360 230 1399 solutus
260 1360 387 1410 pater.
445 1372 536 1399 cum
566 1359 729 1406 recessi,
761 1359 838 1398 ait:
869 1360 1043 1398 matrem
1073 1371 1206 1398 meam
1236 1358 1314 1397 tibi
1344 1370 1451 1398 com-

70 1419 233 1469 mendo,
263 1421 398 1471 pater,
430 1420 523 1459 fove
555 1432 662 1469 eam,
694 1420 780 1459 esto
811 1420 987 1458 vicarius
1018 1432 1142 1458 meus.
1196 1420 1237 1458 et
1268 1431 1342 1471 ego
1374 1419 1453 1458 tibi

68 1479 310 1519 mandatum
348 1493 516 1532 perago:
557 1482 598 1519 te
630 1481 829 1529 sustento,
869 1481 992 1518 immo
1029 1479 1137 1519 filius
1175 1480 1216 1518 te
1248 1481 1452 1519 sustentat

71 1541 144 1592 qui
167 1540 277 1590 fecit,
307 1542 356 1579 ut
380 1540 560 1580 venirem
586 1542 627 1580 et
650 1542 692 1580 te
718 1541 996 1580 sustentarem
1053 1553 1077 1579 0
1103 1542 1244 1589 mater,
1276 1541 1454 1580 amarior

70 1601 185 1650 mari,
215 1600 291 1640 filii
322 1613 467 1652 corpus
497 1602 621 1640 matri
650 1602 782 1641 maria
812 1601 1056 1650 retulerunt,
1088 1602 1219 1639 mater
1249 1601 1364 1639 mari.
1427 1613 1451 1640 0

15 1675 51 1701 25
71 1673 189 1710 uxor,
230 1661 330 1712 quid
370 1662 515 1701 saltem
552 1674 626 1714 ego
666 1662 710 1700 in
749 1663 791 1701 te
823 1661 1022 1701 commisi!
1079 1662 1244 1713 gravius
1284 1664 1346 1701 est
1377 1661 1453 1700 hoc

71 1721 172 1760 mihi
212 1734 336 1772 quam
376 1722 528 1762 carcer!
591 1721 690 1773 quid
734 1723 778 1761 in
818 1723 859 1761 te
900 1720 1110 1761 commisi?
1174 1735 1248 1773 ego
1289 1723 1330 1761 te
1370 1735 1452 1762 non

71 1781 282 1833 dereliqui.
347 1783 394 1821 tu
435 1785 571 1822 autem
612 1783 678 1822 vel
716 1796 781 1822 me
821 1782 1086 1834 derelinquis,
1126 1782 1248 1821 immo
1290 1782 1451 1822 occidis.

69 1855 279 1893 percussos
304 1843 466 1894 sepeliri
485 1843 662 1883 carnifex
681 1857 761 1883 non
780 1844 916 1895 negat,
940 1845 987 1882 tu
1013 1845 1149 1882 autem
1173 1842 1314 1882 filium.
1369 1843 1453 1882 iam

72 1905 237 1955 stupens
268 1903 451 1954 loquitur
481 1903 627 1956 vulgus
660 1905 700 1943 et
731 1903 847 1943 dicit:
878 1904 978 1943 haec
1002 1903 1202 1943 mirabilis
1233 1904 1381 1943 mulier
1412 1908 1453 1943 et

15 1977 53 2003 so
72 1963 282 2015 stupenda.
338 1963 471 2002 virum
501 1964 647 2003 redimi
676 1964 808 2004 voluit
838 1977 911 2004 nec
936 1964 1065 2003 filium
1097 1964 1269 2014 sepeliri.
1331 1977 1452 2015 prop-

70 2026 195 2074 terea,
220 2037 312 2064 cum
336 2025 400 2063 lex
426 2024 552 2064 dicat:
584 2026 655 2075 qui
678 2027 865 2076 parentes
891 2025 935 2064 in
960 2025 1193 2064 calamitate
1219 2024 1451 2074 deseruerit,

70 2084 296 2136 insepultus
323 2085 534 2134 abiciatur,
565 2097 655 2124 cum
687 2098 761 2137 ego
788 2097 916 2125 essem
946 2087 989 2124 in
1022 2085 1255 2124 calamitate
1281 2087 1452 2125 carceris

72 2146 115 2183 et
143 2147 275 2184 mater
305 2146 348 2184 in
387 2145 619 2185 calamitate
660 2146 867 2186 caecitatis
906 2148 947 2185 et
976 2147 1095 2198 longe
1128 2146 1369 2186 distaremus
1402 2146 1451 2185 ab

71 2206 256 2255 invicem,
288 2205 395 2246 filius
426 2207 588 2256 utrique
620 2206 830 2246 subvenire
861 2219 942 2245 non
967 2208 1137 2257 poterat.
1201 2206 1235 2245 si
1267 2219 1362 2258 ergo
1389 2207 1453 2245 lex

17 2278 54 2305 ³5
73 2265 147 2305 illa
178 2267 340 2305 omnino
366 2268 489 2316 tenet,
520 2266 614 2306 huic
637 2268 760 2307 miser
784 2266 1017 2306 necessitati
1041 2267 1233 2316 subiacet,
1264 2269 1311 2306 ut
1343 2268 1452 2317 quic-

172 2397 214 2429 11
242 2393 366 2429 exiliit
391 2400 434 2429 Μ
530 2397 573 2429 19
600 2393 772 2439 hylarior
798 2400 840 2429 ιι
937 2397 982 2430 28
1008 2395 1122 2430 necat
1148 2400 1190 2429 Μ
