1638 2560
114 220 164 256 19

187 103 273 149 106
627 100 793 137 AEGER
818 98 1114 136 REDEMPTVS

273 217 423 257 Ponere
460 229 550 265 vos,
586 215 754 265 iudices,
790 215 902 255 velut
944 215 987 254 in
1030 214 1104 253 illa
1146 213 1397 255 necessitatis
1440 225 1552 255 meae

181 278 410 330 praesentia
439 277 543 317 volo.
595 289 694 326 ecce,
724 276 865 315 infelix
897 275 948 314 ad
978 274 1156 326 primum
1186 275 1390 326 aspectum
1423 275 1552 324 patris

185 340 350 378 conatus
377 337 592 388 adsurgere
617 337 710 376 illas
735 336 932 387 pallentes
952 335 1134 375 sordibus
1159 347 1304 375 manus
1327 334 1552 385 paululum,

183 401 393 449 tamquam
424 398 629 448 amplexus
662 397 828 436 daturus
861 397 1003 445 erexit,
1040 408 1114 435 nec
1144 407 1272 446 usque
1306 395 1350 434 in
1381 395 1552 436 cervices

182 471 291 499 meas
324 458 468 509 spiritu
498 458 580 496 iam
606 457 810 496 deficiente
842 457 1019 508 perlatas
1051 457 1095 495 in
1119 469 1235 495 suum
1259 456 1381 496 miser
1404 456 1554 497 iterum
1591 469 1606 495 5

183 519 312 558 cubile
350 519 503 558 deiecit.
566 520 675 557 totus
714 518 782 556 ille
818 519 924 558 circa
960 529 1032 557 nos
1072 517 1241 557 carceris
1276 516 1452 567 populus
1482 515 1552 556 ob-

182 580 311 629 ticuit,
345 581 396 628 et,
427 592 476 617 ne
504 578 710 628 colloquiis
736 579 883 617 nostris
915 577 1107 617 terribilis
1140 578 1373 617 catenarum
1404 576 1554 618 stridor

182 640 446 690 obstreperet,
485 639 656 678 lassatos
690 640 800 678 artus
833 639 875 677 in
905 651 980 677 sua
1015 640 1180 678 tenuere
1204 638 1416 688 patientia.
1477 650 1552 689 ego

183 701 325 749 serius,
364 700 497 752 gravis
535 700 644 748 hinc,
683 700 718 738 si
748 699 922 749 videtur,
959 699 1169 749 incipiam:
1213 698 1434 749 luxuriose,
1471 710 1554 737 me-

182 760 310 800 ruisti.
373 761 534 812 ignorat
576 760 755 810 profecto
799 759 959 810 paterni
1003 760 1151 800 doloris
1196 761 1330 799 aestus
1371 758 1553 809 quisquis
1573 772 1608 799 10

183 821 376 861 solacium
405 822 536 871 putat,
568 822 614 859 ut
638 820 686 859 de
718 821 935 871 languente
959 820 1043 859 filio
1070 821 1273 870 queratur,
1304 821 1350 860 ut
1374 818 1553 859 moribus

181 881 386 931 mentique
417 881 641 920 maledicat.
705 880 811 920 abite
843 881 1031 931 virtutes,
1069 882 1230 933 ignosce
1261 879 1460 932 probitas,
1493 882 1554 920 est

183 955 231 981 ex
260 941 396 980 liberis
426 941 496 980 ille
529 942 598 991 qui
628 941 808 980 moritur.
871 941 972 980 mihi
1003 954 1097 981 vero
1129 942 1261 981 fateor
1290 940 1383 981 hinc
1415 940 1554 991 aliqua

183 1002 399 1053 languente
431 1001 514 1041 filio
546 1002 701 1041 venisse
734 1002 883 1041 solacia
916 1002 1023 1052 quod
1054 1002 1156 1041 vixit
1190 1001 1332 1041 infelix
1363 1000 1553 1052 quemad-

183 1062 345 1102 modum
382 1062 528 1111 voluit,
573 1062 680 1112 quod
717 1063 795 1100 fuit
837 1063 978 1101 hilaris
1024 1075 1068 1102 ac
1107 1063 1215 1102 laeta
1252 1062 1386 1102 brevis
1428 1062 1551 1102 aetas.
1573 1075 1607 1102 15

185 1122 317 1172 crede,
353 1123 527 1170 iuvenis,
567 1124 607 1161 et
643 1135 715 1173 pro
753 1125 793 1162 te
831 1124 914 1162 iam
953 1123 1204 1172 maluissem,
1242 1124 1291 1163 ut
1323 1123 1552 1164 luxuriosus

183 1195 298 1222 esses.
350 1183 413 1221 cui
438 1184 485 1220 tu
509 1184 692 1233 tempori,
724 1184 788 1222 cui
813 1183 943 1222 dolori
967 1184 1142 1235 rigorem
1166 1183 1349 1232 ultionis,
1379 1183 1554 1224 frontem

182 1244 417 1294 castigantis
443 1242 647 1294 iniungis?
690 1244 1043 1294 impatientissima
1067 1257 1130 1284 res
1151 1245 1212 1284 est
1236 1243 1400 1294 perdere
1424 1243 1554 1285 filium

183 1303 248 1342 cui
277 1303 449 1343 videaris
482 1303 610 1342 irasci.
667 1306 899 1355 corruptum
929 1318 993 1344 me
1023 1305 1209 1355 precibus
1239 1305 1395 1356 putatis
1428 1303 1554 1344 ambi·

181 1365 305 1413 tuque
349 1363 632 1402 lacrimarum?
692 1365 767 1404 hoc
803 1365 903 1404 vicit
947 1378 1065 1417 aeger
1102 1365 1210 1416 quod
1247 1377 1328 1404 non
1369 1364 1551 1416 rogabat.
1573 1378 1608 1404 2⁰

184 1424 406 1463 assidebam
438 1424 600 1463 misero:
637 1425 874 1465 demittebat
905 1426 1060 1476 oculos,
1092 1424 1360 1478 interroganti
1389 1437 1552 1476 respon·

184 1496 271 1522 sum
302 1485 348 1523 de
379 1484 554 1524 lacrimis
585 1486 745 1524 tantum
782 1487 1012 1537 gemituque
1043 1486 1248 1526 reddebat.
1311 1485 1459 1538 agebat
1489 1499 1552 1524 me

184 1544 426 1583 deliberante
458 1544 540 1583 iam
564 1546 727 1595 victum,
759 1559 849 1585 cum
879 1549 1043 1597 repente
1074 1548 1240 1587 miseras
1271 1558 1414 1586 manus
1439 1545 1554 1586 velut

113 1605 166 1643 20
183 1604 395 1643 recidentis
440 1606 643 1656 amplexus
686 1608 824 1656 posuit
860 1607 903 1645 in
942 1608 1033 1646 sinu
1070 1620 1170 1646 meo.
1234 1609 1275 1647 et
1313 1619 1404 1647 cum
1445 1603 1553 1647 lassa

185 1664 356 1715 suspiria
399 1678 470 1714 per
513 1665 688 1704 ardentis
734 1667 932 1707 anhelitus
977 1670 1124 1720 egestis
1163 1680 1283 1718 saepe
1321 1667 1553 1716 visceribus,
1572 1679 1607 1707 25

185 1737 276 1765 cum
314 1725 381 1763 diu
420 1725 576 1765 collatis
609 1730 775 1777 uterque
814 1727 1056 1779 singultibus
1091 1729 1387 1768 miscuissemus
1425 1728 1552 1768 lassas

186 1785 270 1823 sine
296 1798 390 1824 voce
416 1786 612 1834 lacrimas,
644 1787 805 1826 tandem
832 1789 978 1838 spiritu
1002 1790 1070 1828 vix
1095 1789 1138 1828 in
1163 1789 1406 1840 paucissima
1431 1787 1554 1828 verba

185 1845 370 1884 collecto:
408 1841 500 1883 ‘tibi
537 1844 726 1897 quidem',
763 1848 912 1898 inquit,
946 1845 1114 1900 ‘gratias
1154 1862 1250 1901 ago,
1281 1851 1410 1900 pater,
1447 1847 1555 1899 quod

284 2011 301 2042 1
329 2007 412 2043 illa:
434 2007 531 2042 illud
549 2014 619 2043 BV
681 2013 700 2044 3
721 2010 924 2056 pallentes:
945 2014 1122 2057 parentes
1140 2019 1187 2058 B,
1207 2023 1300 2050 corr.
1316 2019 1356 2057 υς
1377 2011 1554 2058 squalen-

183 2057 241 2091 tes
262 2057 335 2091 Bu.
407 2060 428 2091 4
453 2057 494 2091 in
514 2056 692 2093 cervices:
713 2058 811 2093 inter
830 2060 928 2095 vices
948 2067 1027 2095 ΒΜ
1043 2062 1148 2107 (corr.
1165 2061 1218 2107 Μ)
1288 2065 1309 2096 6
1336 2060 1500 2108 (1616Ξοίὓ
1517 2066 1556 2096 Β

186 2108 206 2139 ’1
239 2115 308 2140 nec
332 2110 370 2139 Β
440 2104 627 2139 terribiles
653 2112 690 2140 Β
762 2110 782 2142 8
814 2108 941 2143 tenere
967 2115 1004 2143 Β
1077 2113 1096 2143 9
1131 2109 1265 2145 serius:
1302 2109 1421 2155 serpis
1447 2115 1484 2144 Ρ

184 2164 237 2188 an
261 2152 412 2199 gravius
431 2151 451 2188 ἓ
550 2156 592 2187 12
620 2153 727 2190 abice
754 2164 773 2196 β
869 2156 1053 2203 ignoscite
1079 2164 1122 2192 Μ
1212 2162 1257 2192 14
1283 2158 1400 2204 quod:
1427 2157 1494 2204 qui
1521 2163 1557 2192 P

186 2204 229 2236 17
258 2200 318 2237 cui
344 2200 481 2237 dolori:
510 2200 630 2236 dolori
655 2208 697 2246 ες
725 2203 785 2237 cui
810 2205 853 2238 tu
879 2204 999 2240 dolori
1025 2212 1061 2240 P
1131 2206 1256 2252 rigore
1281 2212 1327 2250 Β,
1358 2225 1378 2236 ω
1407 2217 1507 2252 supr.
1529 2212 1553 2241 b

184 2252 229 2284 21
257 2249 450 2284 assidebat
474 2255 554 2284 ΒΜ
660 2250 878 2287 dimittebat
908 2259 936 2286 V
1047 2257 1091 2288 22
1125 2254 1362 2300 gemituque:
1388 2253 1552 2301 gemitus

184 2303 241 2342 Μ,
273 2299 312 2333 et
338 2308 440 2343 supr.
459 2311 502 2332 m
624 2301 668 2332 23
700 2299 874 2335 miseras:
906 2301 1020 2336 miser
1044 2301 1114 2337 has
1145 2309 1197 2337 1⁷oe
1315 2306 1361 2338 24
1392 2302 1552 2340 reticen-

183 2346 234 2383 tis
260 2352 315 2389 Μ,
347 2346 407 2381 vel
437 2345 640 2382 recidentis
672 2361 714 2382 m
835 2348 943 2394 lapsa
975 2356 1018 2385 M
1137 2354 1180 2386 26
1213 2350 1342 2396 lapsas
1373 2351 1453 2389 Sch.

184 2398 230 2430 27
258 2395 373 2434 voce}
398 2401 434 2429 P
