1638 2560
212 101 302 145 220
641 96 985 135 CADAVERIBVS
1012 95 1155 132 PASTI

211 216 393 256 vindicta
426 215 544 254 alteri
581 213 714 253 cedit?
751 227 832 252 non
863 212 1027 263 publica
1058 212 1215 263 inopia,
1246 223 1327 250 non
1358 211 1485 250 totius
1517 222 1586 262 po-

213 277 301 328 puli
337 289 418 315 una
454 275 691 314 mendicitas
729 272 836 312 fuit?
897 273 978 312 nisi
1016 273 1113 322 quia
1149 271 1331 311 funestas
1371 271 1509 323 epulas
1548 272 1590 310 et

212 337 386 376 nefarios
418 336 643 374 invenimus
676 335 802 384 cibos,
834 346 915 372 non
946 334 1136 384 putamus
1167 331 1317 371 famem
1348 331 1482 371 fuisse.
1545 332 1588 371 in

214 410 348 436 omnes
380 397 530 448 gentes,
562 397 606 434 in
638 396 772 434 omnia
798 396 968 433 ventura
999 393 1160 432 saecula
1191 392 1409 444 proscripti
1440 405 1588 442 sumus,

214 470 348 496 omnes
378 457 477 495 haec
508 456 693 507 prodigia
724 454 964 503 narrabunt,
1003 466 1139 492 omnes
1172 453 1475 503 execrabuntun
1508 453 1589 492 nisi
1627 465 1638 492 ε

213 519 284 568 qui
326 530 406 556 non
450 517 622 556 credent.
685 516 832 554 famem
879 516 1010 566 ipsam
1054 514 1341 553 infamavimus
1387 514 1444 562 et,
1483 513 1590 564 quod

212 579 368 617 miseris
418 578 607 615 ultimum
652 577 728 625 est,
779 576 1079 614 miserationem
1125 587 1283 625 quoque
1330 573 1589 625 perdidimus.

213 638 343 677 adhuc
380 639 515 676 tamen
553 650 634 675 una
673 637 851 675 defensio
890 632 970 674 fuit
1003 635 1109 685 quod
1140 634 1378 674 videbamur
1414 635 1458 673 in
1491 634 1591 674 haec

213 699 348 737 omnia
386 699 503 738 istius
543 710 664 748 opera
701 697 879 748 impulsi.
941 697 977 734 si
1006 695 1073 735 hic
1112 696 1302 735 innocens
1335 695 1414 745 est,
1451 696 1591 734 nostra.

213 759 331 810 culpa
363 761 433 797 est.
485 759 658 797 etiamne
691 758 854 808 publica
891 757 1000 795 mala
1037 755 1210 795 narrabo
1242 757 1283 795 et
1313 755 1486 795 miseriis
1517 768 1586 794 no·
1607 768 1638 795 10

213 821 306 859 stris
326 820 551 858 convicium
570 816 744 857 faciam?
790 817 954 857 exibunt
974 815 1124 856 verba?
1144 815 1409 867 subsequetur
1433 813 1591 856 sermo?

215 893 295 918 non
327 879 564 931 alligabitur
594 877 762 930 lingua?
824 878 943 928 plane
975 877 1078 915 nihil
1109 890 1190 916 non
1222 889 1444 928 possumus.

166 938 192 975 4
307 940 572 990 Exploramus
594 939 773 978 ordinem
794 939 918 978 cladis
938 939 1110 988 nostrae,
1138 938 1178 976 et
1197 937 1438 988 simpliciter
1457 938 1592 976 omm'a

214 1000 450 1039 indicentur.
515 1000 627 1038 decet
664 1000 743 1038 ista
781 1001 917 1038 nostro
963 1011 1029 1037 ore
1067 999 1237 1036 narrari.
1300 997 1369 1037 sed
1405 998 1591 1036 novimus

214 1062 254 1098 et
284 1061 454 1098 nimium
491 1061 758 1099 meminimus.
821 1059 940 1098 iudex
979 1059 1112 1098 doceri
1143 1071 1224 1097 non
1255 1057 1391 1108 debet,
1429 1059 1638 1110 opium-312

213 1134 281 1160 reo
318 1120 534 1159 indicanda
572 1122 665 1159 sunt
704 1121 774 1170 qui
812 1133 836 1158 a
874 1120 991 1159 malis
1030 1119 1203 1170 publicis
1242 1119 1364 1168 afuit,
1409 1119 1481 1169 qui
1517 1118 1592 1158 hoc

215 1184 318 1220 certe
338 1182 558 1220 maximum
584 1181 701 1219 debet
726 1182 882 1231 patriae
909 1193 1003 1220 suae
1028 1179 1277 1230 beneficium,
1305 1179 1412 1230 quod
1437 1191 1462 1218 a
1485 1179 1591 1217 fame

214 1242 320 1280 solus
360 1242 545 1280 dimissus
585 1243 653 1280 est.
718 1241 814 1280 audi
850 1242 1006 1291 itaque,
1047 1240 1159 1290 audi,
1197 1240 1445 1279 frumentum
1482 1239 1592 1279 istud

215 1302 322 1353 quod
353 1302 601 1351 lucrifecisti,
635 1303 778 1351 quanti
809 1301 923 1341 nobis
956 1303 1122 1341 constet.

304 1362 446 1412 Aliqui
477 1362 664 1411 fortasse,
695 1362 859 1412 iudices,
894 1363 1078 1411 miratur,
1112 1362 1272 1400 etiamsi
1302 1361 1422 1400 huius
1453 1360 1590 1399 feralis
1611 1374 1638 1400 2(

216 1424 311 1461 anni
342 1423 495 1462 fructus
523 1424 704 1472 cessavit,
731 1422 838 1472 quod
869 1424 1006 1461 tamen
1037 1422 1110 1461 illa
1136 1422 1318 1473 superior
1348 1421 1462 1473 longi
1491 1421 1591 1460 tem-

215 1484 323 1533 poris
354 1483 474 1522 beata
504 1483 728 1522 fecunditas
754 1483 942 1532 tabuerit,
975 1485 1016 1521 et
1041 1495 1175 1522 secum
1206 1483 1283 1522 iste
1309 1481 1469 1520 dubitat
1495 1481 1594 1531 quid

216 1544 270 1582 sit
295 1544 338 1581 in
365 1556 494 1594 causa,
528 1556 598 1581 cur
623 1545 766 1582 civitas
800 1544 991 1594 opulenta
1019 1543 1221 1593 quondam
1251 1542 1356 1581 nihil
1386 1542 1592 1592 frumenti,

217 1604 296 1642 nisi
327 1604 370 1641 in
402 1617 482 1654 spe,
514 1604 710 1642 habuerit.
768 1605 825 1643 sic
855 1603 919 1642 fit:
952 1604 1022 1642 ubi
1052 1605 1197 1643 vicinis
1230 1602 1465 1642 civitatibus
1496 1615 1590 1641 ven-

217 1663 359 1713 dimus,
393 1666 431 1703 et
462 1664 724 1714 undecunque
757 1664 909 1703 offulsit
939 1665 1114 1714 lucrum,
1150 1665 1235 1703 sine
1266 1665 1451 1714 respectu
1483 1662 1591 1702 salus
1611 1676 1638 1703 22

216 1724 379 1774 publica
417 1724 633 1774 addicitur,
671 1726 714 1762 in
752 1737 922 1764 vacuam
965 1726 1257 1775 possessionem
1299 1725 1426 1763 fames
1466 1724 1589 1762 venit.

217 1785 357 1834 etiam,
395 1786 429 1824 si
462 1785 559 1834 quid
590 1785 741 1824 residui
773 1787 875 1834 erat,
913 1787 960 1824 ut
998 1787 1129 1824 carius
1163 1785 1328 1835 quidam
1360 1783 1591 1833 venderent,

217 1844 268 1882 ad
300 1858 480 1883 annonae
511 1846 740 1883 incendium
767 1859 1022 1896 suppressum
1052 1847 1123 1885 est.
1172 1847 1301 1885 testor
1331 1846 1467 1884 tamen
1499 1857 1590 1883 con-

216 1906 426 1943 scientiam
451 1907 638 1955 vestram,
670 1919 750 1944 non
779 1919 914 1945 sumus
942 1908 1085 1956 questi,
1118 1906 1312 1957 quamdiu
1337 1905 1460 1956 duplo
1487 1917 1590 1944 eme·

216 1964 368 2004 bamus.
431 1979 510 2004 non
549 1967 656 2004 enim
694 1967 872 2018 vulgaris
911 1967 983 2006 illa
1021 1967 1132 2006 labes
1171 1966 1365 2005 frumenti
1401 1966 1482 2005 fuit
1518 1977 1591 2004 nec
1609 1979 1638 2006 3<

313 2107 334 2138 2
360 2103 585 2139 mendicitas
610 2114 687 2138 una
714 2113 762 2146 βα*
856 2108 877 2138 4
902 2105 1192 2150 proscripsimus
1217 2111 1310 2150 ΒΜ;
1342 2116 1410 2141 nos
1440 2104 1592 2141 saecula

215 2151 505 2197 proscripsimus
526 2153 638 2188 Klotz
708 2156 728 2187 5
756 2153 876 2188 omnis
896 2159 965 2187 BV
1033 2153 1241 2189 narrabant
1259 2161 1291 2189 J
1363 2157 1383 2188 6
1409 2152 1511 2190 fame
1527 2159 1598 2188 BV

217 2204 236 2235 9
264 2200 300 2235 ic
318 2206 356 2234 B
424 2203 468 2234 10
494 2200 641 2236 miseris
661 2207 693 2235 J
766 2205 808 2235 12
836 2212 911 2236 non
931 2213 998 2238 om.
1019 2208 1100 2236 ΒΜ
1172 2206 1215 2237 13
1242 2213 1474 2248 exponamus
1500 2211 1520 2245 β

216 2249 270 2283 et:
299 2259 344 2283 ex
369 2254 406 2282 Β
492 2253 535 2283 14
561 2249 779 2284 indicantur
807 2249 889 2285 Obr.
980 2254 1023 2285 16
1051 2250 1142 2295 quia
1169 2261 1191 2285 a
1215 2250 1327 2286 malis
1353 2257 1381 2285 V
1467 2249 1593 2285 abfuit

217 2303 277 2339 Μβ
346 2300 389 2331 17
416 2297 815 2332 beneficium—fame
841 2309 908 2333 om.
930 2304 958 2332 V
1023 2302 1069 2333 20
1096 2298 1235 2343 aliquis
1257 2307 1284 2333 ov
1346 2298 1534 2334 mirantur
1552 2303 1597 2333 M

217 2348 261 2380 22
288 2344 363 2380 ista
387 2351 419 2380 J
496 2349 540 2381 23
568 2357 665 2390 quur
683 2352 719 2380 Β
804 2349 849 2381 24
875 2346 926 2381 sit
952 2355 970 2389 β
1051 2350 1095 2382 25
1123 2348 1161 2382 et
1186 2359 1253 2383 om.
1276 2356 1295 2389 β
1368 2346 1526 2382 obfulsit
1550 2352 1590 2392 νς

216 2392 359 2428 effulsit
383 2400 414 2428 J
420 2409 428 2438 3
456 2392 602 2429 affulsit
627 2402 648 2428 ς
746 2398 790 2430 28
818 2405 951 2430 amone
978 2401 1014 2429 P
