1638 2560
199 123 285 166 132
637 116 874 154 CORPORIS
899 115 1125 152 PROOECTI

195 236 391 276 intumuit
427 236 489 273 tot
519 234 682 272 inlisum
714 232 906 282 scopulis,
942 232 1029 270 tam
1060 230 1250 280 spatiosis
1287 230 1465 269 tractum
1493 229 1564 269 ha—

195 298 320 346 renis,
357 307 563 345 nunquam
593 295 729 333 tamen
760 293 961 331 infelicius
994 303 1116 341 quam
1147 303 1239 330 cum
1270 290 1382 329 venit
1412 291 1456 329 in
1485 291 1565 330 ter-

199 371 296 397 ram.
359 369 381 394 o
414 368 534 405 quam
565 366 685 406 grave
718 354 779 392 est
808 352 928 391 mori!
968 353 1119 402 quanto
1154 351 1320 402 gravius
1351 350 1461 401 quod
1490 362 1565 403 ego

195 417 287 456 vivo
319 417 517 466 superstes
548 414 623 452 filii
653 413 750 452 mei!
807 414 899 452 vivo
932 411 1115 451 omnibus
1147 411 1225 451 diis
1257 411 1565 462 hominibusque

196 477 263 516 sed
296 478 387 514 ante
419 488 553 514 omnes
585 475 685 513 mihi
716 475 756 512 et
786 474 940 512 invisus
979 474 1019 511 01
1055 472 1243 522 infestus,
1275 473 1316 511 et
1347 473 1394 511 ut
1430 473 1566 511 uxoris
1605 485 1621 512 5

195 549 351 588 quoque
383 537 578 586 pietatem
608 534 825 586 perderem,
860 535 903 572 in
934 534 1072 572 funere
1104 532 1180 571 filii
1205 532 1427 572 divortium
1457 531 1565 572 fecit.

194 597 309 636 video
340 597 438 635 haec
469 609 603 634 rerum
633 596 800 633 naturae
832 595 936 633 bona
968 607 1069 644 quae
1101 593 1185 632 filio
1219 593 1379 632 abstuli.
1437 594 1567 633 omnis

195 671 258 696 me
285 658 394 695 aetas
425 657 505 694 mei
535 655 722 694 admonet
752 656 902 694 luctus:
935 655 1116 694 senectus
1149 653 1202 693 ad
1226 666 1349 705 quam
1374 666 1454 693 non
1478 667 1568 704 per-

194 717 322 766 venit,
361 718 506 756 misera
542 716 718 766 pueritia
750 729 871 766 quam
902 727 1007 753 nunc
1037 715 1248 764 transivit,
1283 714 1567 765 adulescentia,

194 779 237 815 in
269 790 348 827 qua
379 778 511 827 periit.
562 789 780 826 supersum,
813 778 870 825 ut,
902 776 936 815 si
965 775 1193 814 felicissime
1219 775 1393 824 cesserit,
1425 787 1569 827 rogum
1587 788 1623 815 10

194 852 329 877 meum
365 837 524 876 videam
562 838 603 875 et
640 836 771 875 edacis
809 837 914 875 circa
950 847 1092 886 corpus
1130 835 1205 874 filii
1247 835 1327 875 mei
1371 835 1568 875 flammas.

197 899 232 938 si
261 898 336 937 1100
367 911 447 936 11011
478 898 710 948 contigerit,
749 898 909 948 nigrum
948 897 1119 935 cadaver
1157 898 1198 935 et
1228 896 1407 936 deforme
1446 896 1571 936 etiam

196 959 346 1010 ignotis
384 958 665 1008 spectaculum.
728 959 834 996 inter
871 957 970 996 haec
1007 958 1115 995 mala
1153 957 1342 1006 credetis,
1378 957 1496 1008 puto,
1533 957 1570 996 si

198 1019 352 1058 dixero:
395 1015 554 1057 ‘vellem
586 1019 720 1057 oculos
753 1030 833 1057 non
863 1015 1036 1056 habere.'
1101 1018 1198 1068 quid
1229 1030 1336 1056 nunc
1367 1015 1569 1068 amplius?

199 1079 250 1117 ad
287 1080 345 1127 te,
383 1091 499 1128 uxor,
536 1091 671 1128 preces
710 1079 939 1117 convertam
976 1079 1140 1127 inritas,
1178 1078 1283 1117 male
1320 1076 1570 1129 temptatas?
1589 1091 1623 1118 15

199 1140 245 1178 tu
276 1151 369 1178 vero
401 1152 521 1191 perge
554 1140 594 1177 et
624 1139 728 1178 bono
754 1140 825 1178 tuo
851 1140 973 1178 utere.
1024 1139 1183 1178 felicem
1206 1140 1260 1188 te,
1292 1138 1400 1190 quod
1424 1139 1469 1177 in
1492 1139 1570 1178 hac

128 1199 178 1236 24
198 1199 360 1238 fortuna
385 1200 458 1237 tua
482 1199 676 1239 irasceris.
727 1199 777 1238 ad
809 1199 883 1239 hoc
909 1199 1220 1252 confugiendum
1245 1200 1317 1239 est.
1366 1213 1440 1251 per
1464 1211 1571 1239 com-

199 1272 337 1298 munes
370 1272 495 1308 casus,
527 1273 598 1310 per
626 1260 899 1299 calamitatem
924 1273 1066 1310 meam,
1097 1261 1298 1300 humanae
1324 1260 1570 1300 calamitatis

199 1320 411 1369 exemplar,
442 1321 501 1358 ita
533 1333 603 1359 vos
636 1321 822 1372 coniuges
854 1322 1009 1360 vestrae
1041 1322 1099 1360 sic
1131 1322 1279 1370 ament,
1309 1333 1389 1360 non
1422 1320 1479 1360 sic
1503 1319 1570 1360 de-

200 1380 392 1429 siderent,
428 1381 489 1419 ita
525 1381 600 1419 hoc
638 1381 823 1420 orbitatis
862 1394 972 1420 meae
1010 1382 1201 1420 ultimum
1238 1382 1464 1432 exemplum
1503 1381 1570 1431 sit,
1589 1394 1625 1420 so

199 1440 258 1479 ita
290 1440 402 1479 vobis
439 1440 583 1479 habere
622 1443 703 1479 tam
736 1442 824 1492 pios
862 1441 966 1480 filios
998 1455 1079 1481 non
1110 1454 1268 1482 necesse
1299 1443 1370 1492 sit,
1407 1443 1569 1481 misere-

202 1501 312 1538 mini:
374 1502 409 1540 si
439 1502 635 1540 vicarium
666 1501 866 1552 accipitiS,
898 1516 961 1541 me
992 1504 1173 1552 proicite.
1235 1515 1317 1542 non
1347 1502 1571 1542 invidiosae

202 1573 335 1610 preces
368 1563 479 1610 sunt,
517 1562 777 1601 nihilominus
809 1563 1016 1614 imprecor.
1078 1576 1159 1602 non
1190 1563 1298 1603 laeta
1330 1563 1572 1602 sententiam

204 1622 377 1659 vestram
409 1623 595 1671 sequetur
626 1623 863 1673 gratulatio,
901 1636 981 1662 non
1013 1623 1064 1662 ad
1094 1624 1248 1674 templa
1279 1623 1464 1674 deducar,
1502 1623 1573 1663 sed

204 1681 254 1719 ad
297 1682 487 1730 sepulcra.
551 1683 673 1720 etiam
720 1696 810 1721 cum
852 1685 1002 1733 vicero,
1045 1684 1222 1723 fiendum
1266 1685 1336 1724 est.
1399 1685 1434 1724 si
1477 1696 1572 1723 vero
1592 1697 1627 1724 25

203 1742 409 1790 vincimur,
446 1741 511 1780 ibo
543 1742 584 1780 in
615 1743 711 1782 litus
742 1745 872 1794 miser,
911 1744 1138 1795 planctibus
1171 1757 1264 1785 aves
1303 1744 1467 1796 abigam
1501 1746 1573 1784 aut

301 1883 321 1914 2
348 1891 477 1924 quam:
505 1892 579 1926 quo
605 1887 641 1915 P
711 1893 796 1917 cum
815 1894 859 1918 ea:
882 1894 952 1918 0011
970 1890 1021 1927 Βς
1049 1895 1119 1919 con
1144 1891 1196 1919 Vc*
1266 1888 1288 1919 4
1315 1884 1506 1930 supi-estes
1525 1889 1572 1928 B,

202 1939 297 1964 corr.
320 1934 344 1962 b
440 1928 516 1963 filio
548 1940 631 1964 meo
664 1938 683 1971 β
780 1931 863 1973 vivo
895 1943 961 1967 om.
988 1938 1017 1966 V
1128 1936 1148 1967 5
1181 1932 1302 1968 omnis
1326 1939 1365 1968 Β
1461 1933 1499 1967 01
1529 1933 1574 1967 111

204 1977 329 2012 Desa:
356 1978 395 2011 et
419 1982 556 2021 BM363
581 1979 624 2012 ut
654 1984 682 2011 V
751 1982 771 2013 6
797 1979 993 2024 perderem
1023 1987 1062 2015 V:
1090 1982 1247 2026 perdere
1271 1987 1370 2026 Ββσς
1396 1980 1514 2027 perdo
1534 1986 1578 2016 Μ

207 2028 228 2059 7
254 2023 340 2059 vide
366 2033 386 2066 β
482 2028 502 2059 8
527 2035 603 2060 me:
630 2036 714 2061 mea
738 2033 776 2061 B
871 2031 891 2062 9
919 2040 1034 2063 nunc:
1062 2041 1138 2064 non
1163 2044 1187 2064 α
1281 2033 1326 2065 10
1350 2030 1452 2076 perit
1478 2035 1508 2064 V

209 2076 252 2107 11
279 2072 422 2108 edacis:
449 2072 549 2108 laces
574 2080 626 2117 Β;
653 2074 786 2110 edaces
818 2082 885 2110 VM
993 2081 1036 2112 12
1063 2077 1268 2124 contigerit
1292 2089 1336 2114 ex
1361 2077 1574 2124 contegerit

208 2122 312 2166 (corr.
334 2120 402 2166 ῠὲ)
422 2127 459 2155 Β
532 2125 574 2155 13
601 2122 754 2158 creditis
781 2138 805 2158 α
881 2128 925 2159 14
951 2124 1096 2161 dixero:
1124 2126 1290 2162 dicerem
1313 2133 1348 2161 J
1417 2130 1462 2162 16
1487 2136 1575 2172 per—

208 2168 267 2215 gis
293 2177 313 2211 β
436 2172 478 2203 17
505 2169 572 2204 tua
597 2181 663 2205 om.
685 2180 738 2205 ad
857 2175 900 2207 19
929 2173 1089 2220 coniuge
1119 2180 1147 2208 V
1264 2174 1319 2210 sic
1342 2186 1411 2211 om.
1438 2180 1483 2210 M

208 2221 254 2252 20
279 2216 494 2263 exemplum
519 2216 694 2253 ultimum
725 2225 752 2253 V
830 2224 873 2255 21
902 2220 998 2256 filios
1023 2222 1107 2267 pios
1128 2229 1171 2257 Μ
1246 2226 1292 2258 22
1319 2223 1367 2259 si:
1396 2223 1573 2268 (fol.48⁸)

208 2265 387 2302 librarius
412 2265 504 2301 alter
528 2266 662 2302 codicis
692 2274 720 2301 V
745 2269 898 2304 scribere
922 2270 1055 2316 incipit
1151 2271 1343 2317 accipitis:
1375 2282 1452 2307 non
1477 2270 1576 2307 acci-

207 2313 299 2359 pitis
325 2320 364 2358 V3
391 2313 592 2359 accepistis
617 2321 709 2359 Bm3
737 2316 918 2362 accepitis
938 2324 980 2352 M
1074 2322 1119 2353 23
1145 2318 1332 2365 imprecor
1356 2320 1479 2356 Desa:
1505 2319 1576 2355 im-

208 2373 299 2407 pero
325 2377 372 2406 ως
398 2361 558 2408 impetro
588 2363 652 2398 Gr.
750 2363 868 2399 letam
892 2371 961 2399 BV
1054 2370 1099 2401 24
1131 2369 1257 2402 vestra
1288 2374 1317 2402 V
1397 2369 1577 2414 sequetur

208 2410 434 2456 gratulatio:
460 2410 673 2456 gratuletur
696 2418 753 2456 Μ,
780 2424 871 2448 corr.
891 2428 933 2448 m
