1638 2560
212 114 268 156 98
657 107 822 145 AEGER
846 104 1144 143 REDEMPTVS

211 229 369 267 luxuria
405 226 741 277 prodigarumque
771 222 1044 273 voluptatium
1081 217 1382 259 continuatione
1419 217 1577 258 venisti.

212 288 429 327 exhausisti
460 299 577 325 senex
603 296 740 324 census
768 285 810 322 in
841 283 973 334 pretia
997 276 1279 320 meretricum?
1331 289 1579 330 quamquam

213 352 252 388 et
282 348 374 387 huic
398 347 558 386 iubetur
588 345 818 384 necessitati
848 344 978 394 pietas
1004 343 1139 381 vestra
1171 353 1411 390 succurrere,
1443 341 1485 379 et
1513 339 1579 378 lex

215 422 315 460 quae
345 410 523 458 inopem,
555 406 657 456 quae
689 407 847 455 patrem
878 402 1084 443 nominare
1116 402 1307 441 contenta
1338 402 1415 451 est,
1449 396 1580 440 filium

212 482 290 508 non
320 469 476 507 remisit
507 467 557 505 ad
590 478 740 505 causas.
805 464 903 514 quid
934 475 1028 503 vero
1060 462 1095 502 si
1125 462 1168 500 in
1201 460 1497 511 educationem,
1533 460 1579 499 in
1610 471 1633 501 ³5

213 530 424 575 discursus,
454 528 496 566 in
526 527 658 577 pretia
688 527 882 565 vacuatus
915 522 1032 563 sum?
1084 522 1239 562 excedit
1269 534 1427 562 omnem
1457 521 1580 560 scele-

211 603 300 628 rum
332 588 670 638 comparationem
700 587 858 637 patrem
882 584 1108 624 mendicum
1138 583 1270 622 facere
1300 595 1374 622 nec
1404 593 1578 633 pascere.

302 648 508 699 Temptat,
545 647 712 696 iudices,
743 647 837 696 hoc,
870 645 975 696 quod
1006 657 1087 683 non
1119 645 1179 683 est
1209 643 1459 694 redemptus,
1494 653 1578 681 am-

212 709 338 760 pliare
365 710 446 748 alia
470 708 624 747 iuvenis
653 707 817 746 invidia.
869 701 1079 754 ‘fratrem’,
1103 703 1252 755 inquit,
1277 700 1393 743 ‘mihi
1415 704 1580 754 praetu-

212 766 323 809 listi?
386 770 584 808 fateamur
624 768 829 818 paulisper
867 767 944 806 hoc
985 766 1152 815 crimen,
1196 776 1460 817 agnoscamus
1502 764 1579 803 hoc
1598 775 1634 804 ιο

212 830 335 869 nefas.
396 828 739 880 impudentissime
777 827 935 879 generis
970 827 1155 876 humani,
1191 827 1238 864 tu
1269 837 1351 864 non
1381 825 1503 875 feres,
1533 826 1581 863 ut

213 891 337 929 frater
367 892 460 929 tuus
490 890 555 928 vel
585 890 714 941 magis
748 886 931 927 ametur?
985 887 1097 926 vides
1129 886 1248 936 enim,
1278 885 1487 937 praelatus
1519 886 1581 924 est

213 952 290 990 tibi
325 951 457 990 nescio
498 950 589 1000 quis
628 950 824 988 adfectus:
861 947 1070 999 possident
1102 947 1283 986 caritatis
1313 948 1409 985 tuae
1446 946 1582 985 locum

212 1011 383 1062 pignora
423 1011 469 1049 de
514 1009 733 1049 minoribus
775 1011 935 1060 sumpta
974 1008 1212 1047 nominibus.
1281 1006 1399 1046 illum
1436 1014 1580 1057 nempe

214 1072 324 1110 cuius
352 1083 475 1121 aeque
508 1070 671 1120 spiritus
704 1070 750 1108 de
776 1069 992 1109 visceribus
1024 1069 1086 1108 his
1117 1067 1307 1107 trahebat
1335 1069 1478 1117 ortum,
1511 1066 1581 1117 qui
1601 1079 1637 1107 15

213 1134 369 1182 patrem
406 1132 470 1170 vel
508 1131 614 1169 solus
651 1131 846 1181 impleret.
908 1131 1103 1180 pessimus
1141 1131 1204 1168 est
1239 1128 1474 1168 mortalium
1511 1126 1582 1178 qui

214 1194 340 1230 amari
370 1193 537 1230 fiatrem
561 1203 676 1230 suum
702 1192 786 1229 sine
818 1191 880 1230 sui
906 1192 1073 1229 caritate
1104 1191 1234 1240 putat.
1288 1190 1336 1228 tu
1367 1187 1581 1237 custodies,

213 1255 348 1291 utrum
378 1252 627 1302 frequentius
660 1252 824 1301 osculer,
861 1253 998 1290 utrum
1035 1250 1233 1302 stringam
1263 1250 1394 1301 magis
1433 1249 1581 1288 artiore

214 1311 438 1363 conplexu?
498 1324 576 1350 non
610 1315 670 1351 est
699 1312 774 1351 hoc
805 1311 1078 1362 impatientia,
1108 1323 1181 1350 nec
1214 1311 1320 1349 circa
1349 1309 1480 1360 patris
1511 1308 1582 1348 ad·

213 1373 340 1411 fectus
378 1384 490 1411 sacra
528 1372 576 1411 de
615 1373 779 1423 pietatis
824 1373 1076 1412 contentione
1119 1372 1219 1410 rixa.
1283 1382 1375 1410 eum
1415 1371 1580 1409 tantum
1600 1382 1636 1410 πο

213 1434 377 1471 fratrem
408 1434 524 1483 putes
558 1434 683 1472 amari
713 1434 842 1485 magis
875 1445 996 1483 quem
1026 1445 1107 1471 non
1139 1430 1276 1471 ames?
1324 1431 1491 1481 falleris,
1521 1429 1582 1469 iu-

214 1495 342 1543 venis,
380 1493 577 1544 longeque
612 1495 652 1532 te
691 1494 741 1532 ab
779 1493 987 1532 intellectu
1023 1505 1159 1531 rerum
1195 1493 1365 1531 naturae
1403 1492 1583 1542 seposuit

214 1565 339 1603 prava
382 1554 588 1603 persuasio
633 1554 702 1604 qui
751 1556 870 1604 putas
916 1567 963 1592 ex
1005 1554 1185 1604 paternis
1229 1552 1454 1592 adfectibus
1497 1551 1582 1590 filio

144 1613 194 1649 12
215 1613 343 1663 perire
370 1613 559 1663 quicquid
590 1614 632 1651 in
659 1614 783 1653 altero
813 1614 860 1652 de
886 1614 1120 1653 necessitate
1145 1612 1452 1665 praeponderat.
1506 1620 1583 1663 par

216 1675 277 1712 est
307 1675 349 1711 in
375 1686 508 1712 omnes
540 1673 686 1713 liberos
713 1675 928 1724 eademque
959 1676 1100 1725 pietas,
1132 1674 1202 1713 sed
1226 1673 1350 1712 habet
1366 1674 1418 1712 'in
1445 1672 1581 1724 aliquo
1602 1679 1638 1712 π

216 1733 448 1784 plerumque
479 1735 661 1785 proprias
692 1734 965 1786 indulgentiae
997 1747 1150 1785 causas,
1181 1736 1222 1774 et
1253 1734 1367 1774 salva
1397 1733 1582 1775 cai-itatis

217 1793 460 1844 aequalitate
494 1796 552 1833 est
585 1794 786 1844 quiddam,
818 1808 888 1845 per
915 1795 1021 1846 quod
1052 1796 1177 1834 tacito
1209 1794 1356 1833 mentis
1386 1794 1583 1834 instinctu

217 1853 394 1905 singulos
434 1867 569 1893 rursus
610 1857 817 1905 tamquam
854 1857 991 1894 unicos
1033 1868 1221 1895 amemus.
1283 1855 1390 1893 hunc
1428 1854 1584 1905 primus

315 2009 332 2039 1
365 1992 515 2039 luxb¹ria
540 2011 577 2038 Β
671 2006 916 2051 prodigarum
941 2018 1090 2053 quoque
1115 2013 1167 2052 B,
1199 2018 1274 2053 quo
1300 2007 1367 2043 del.
1390 2013 1430 2050 ῦς
1455 2002 1587 2051 prodi-
1631 2001 1634 2002 ⁷

216 2054 415 2097 tarumque
442 2059 497 2095 M,
526 2052 586 2087 vel
611 2063 661 2098 ga
685 2065 784 2099 supr.
805 2069 847 2088 m
942 2055 1182 2101 voluptatum
1213 2062 1265 2090 Vd
1359 2058 1380 2090 2
1407 2053 1507 2090 senis
1534 2057 1586 2098 M,

217 2102 259 2136 in
277 2112 392 2147 mary.
419 2100 460 2135 in
486 2100 560 2135 alio
586 2100 749 2136 habetur
774 2113 886 2137 senex
912 2104 1012 2148 quod
1038 2103 1132 2138 mihi
1158 2103 1294 2139 melius
1319 2102 1471 2139 videtur
1495 2116 1538 2137 m

218 2154 240 2185 4
266 2159 380 2194 quae:
408 2159 483 2194 qua
509 2155 558 2192 P3
585 2160 658 2194 que
683 2156 709 2184 S
797 2154 816 2185 6
844 2151 985 2186 excidit
1008 2158 1045 2186 B
1126 2155 1146 2186 9
1174 2152 1252 2188 alia
1277 2163 1344 2188 om.
1365 2158 1412 2196 B,
1438 2162 1539 2198 supr.
1561 2155 1588 2186 b

492 2231 499 2239 .
606 2240 614 2246 V
1194 2200 1322 2236 locum

220 2237 262 2270 11
289 2232 402 2269 feres:
429 2232 520 2267 fens
546 2239 607 2267 Bw
635 2235 693 2279 (ex
717 2233 791 2269 fers
817 2245 908 2271 corr.
930 2237 978 2281 Β)
1079 2240 1122 2272 13
1151 2238 1242 2272 tuae
1266 2237 1431 2282 pignora
1455 2241 1493 2271 Β

220 2285 264 2318 15
291 2291 426 2327 aeque:
456 2291 554 2326 equa
580 2288 615 2316 P
711 2286 755 2317 18
783 2283 920 2319 artiore
947 2292 983 2319 s':
1012 2283 1146 2320 altiore
1173 2300 1202 2319 ω
1301 2288 1346 2319 23
1372 2295 1491 2330 parva
1520 2289 1587 2319 Vm

219 2358 266 2390 24
291 2340 465 2437 agei-{DV
533 2356 578 2388 25
605 2353 644 2388 in
663 2366 729 2389 om.
746 2361 781 2389 P
851 2359 896 2390 26
923 2357 976 2391 et:
1003 2357 1059 2391 est
1083 2363 1143 2401 ¹1³3
1164 2358 1227 2392 eat
1246 2363 1289 2392 M
1360 2359 1405 2392 27
1431 2355 1587 2392 mentisz

218 2413 312 2439 merl
346 2413 362 2437 Β
