1638 2560
117 467 166 504 21

188 108 244 155 38
640 105 822 143 CAECVS
847 104 901 141 ΙΝ
926 102 1098 140 LIMINE

188 239 302 265 suum
333 225 536 276 patrisque
568 222 795 261 cubiculum
825 219 944 258 facile
977 217 1182 267 discurrit,
1218 216 1315 268 quid
1347 215 1478 255 adhuc
1508 215 1554 255 in

187 287 324 324 limine
361 283 486 324 facit?
548 283 692 331 evasit,
732 281 887 332 effugit,
926 279 1107 331 gladium
1144 278 1227 317 iam
1257 277 1449 328 reposuit.
1511 278 1554 315 et

190 347 338 396 quanto
370 345 527 383 facilius
560 345 620 382 est
651 355 766 382 caeco
799 340 988 379 simulare
1015 351 1185 390 somnos,
1218 338 1377 377 vultum
1401 337 1552 388 quietis

188 404 367 445 imitari?

279 465 409 515 Quod,
440 477 512 515 per
540 463 675 513 fidem,
713 462 843 501 maius
875 461 1031 499 subitae
1063 459 1310 498 confusionis
1341 470 1554 510 argumen-
1591 470 1608 498 5

188 529 274 565 tum
305 527 366 564 est
397 537 517 575 quam
548 523 654 575 quod
685 534 823 562 caecus
856 521 997 560 exiluit
1028 522 1069 559 et
1101 518 1243 559 stetit?
1292 519 1457 571 gravius
1486 531 1554 557 ne-

188 598 293 626 cesse
325 587 384 625 est
416 585 680 636 expavescant
711 582 854 633 quibus
887 581 934 620 de
967 579 1238 620 sollicitudine
1278 591 1350 619 sua
1381 591 1462 618 non
1493 591 1554 618 re-

187 647 375 685 nuntiant
406 645 510 684 oculi
541 646 581 683 et
612 644 818 683 conclusus
851 642 1008 681 animus
1039 654 1119 680 non
1146 641 1228 679 exit
1252 639 1296 679 in
1320 640 1443 690 visus,
1474 652 1555 679 non

187 707 308 745 habet
344 706 446 744 unde
485 705 622 744 timori
659 717 729 743 suo
760 716 836 754 par
867 703 930 742 sit.
994 701 1261 752 deprehensus
1293 702 1354 740 est
1384 700 1554 750 iuvenis,

187 766 259 805 ubi
294 766 409 804 illum
447 765 684 804 destituerat
722 763 895 814 impetus
932 762 1101 802 timoris.
1163 762 1300 812 potest
1341 761 1554 814 neglegere
1574 775 1609 801 ιο

188 827 358 866 caecitas
388 825 430 864 in
463 825 641 864 cubiculo
674 837 744 863 suo
778 824 931 872 ducem,
965 824 1007 861 in
1041 835 1119 872 quo
1151 821 1235 861 dies
1267 834 1404 862 omnes
1436 821 1554 861 cun'c-

186 888 328 936 tasque
359 887 493 925 noctes
527 886 612 937 agit
642 886 730 936 iter,
770 884 876 934 quod
907 884 989 922 iam
1021 883 1160 922 multis
1197 882 1374 932 offensis,
1413 882 1554 922 multis

188 946 351 985 edidicit
388 946 596 984 erroribus.
659 947 770 984 extra
814 944 938 982 limen
977 944 1149 983 caecitas
1187 944 1266 992 est,
1306 942 1400 982 inde
1445 955 1556 982 error

190 1020 234 1045 ac
265 1006 459 1046 tenebrae.
523 1006 625 1044 nihil
657 1006 717 1044 est
747 1005 998 1044 innocentius
1030 1017 1158 1054 caecO,
1192 1003 1262 1054 qui
1293 1016 1365 1043 nec
1396 1004 1440 1042 in
1472 1015 1554 1043 sce-

188 1067 269 1105 lere
302 1067 566 1116 deprehensus
598 1068 658 1105 est
688 1078 760 1104 nec
791 1065 833 1103 in
865 1065 1194 1104 dissimulatione.
1574 1076 1611 1104 ιε

277 1126 504 1166 Proclamat
535 1127 610 1165 hoc
641 1126 727 1164 loco
759 1126 936 1175 iuvenis,
974 1127 1019 1164 ut
1056 1126 1249 1175 primum,
1287 1124 1440 1175 inquit,
1478 1137 1555 1175 me,

189 1188 315 1237 pater,
345 1187 493 1238 fragor,
531 1187 669 1225 domus
702 1188 741 1225 et
771 1187 883 1225 velut
913 1185 975 1224 tui
1006 1186 1219 1225 confudere
1251 1186 1442 1237 gemitus,
1479 1186 1555 1224 ite-

189 1259 278 1284 rum
321 1248 526 1297 tamquam
569 1249 609 1285 te
653 1248 842 1297 rapturus
887 1247 1019 1285 exilui.
1081 1247 1177 1285 tunc
1218 1246 1395 1297 primum
1434 1246 1556 1285 miser

191 1307 295 1345 sensi
325 1307 478 1346 facinus
510 1307 733 1346 caecitatis:
771 1307 883 1356 steti,
915 1307 1039 1345 donec
1070 1307 1171 1345 mihi
1207 1306 1453 1346 nuntiareris
1491 1319 1554 1346 oc-

191 1367 310 1416 cisus,
351 1369 390 1406 et
430 1367 472 1405 in
512 1367 584 1405 illa
624 1367 930 1406 discurrentium
970 1367 1240 1417 trepidatione
1280 1368 1395 1406 tenui
1434 1367 1557 1406 miser
1575 1380 1610 1406 30

191 1428 316 1465 otium
347 1427 512 1466 timoris.
576 1441 617 1477 o,
650 1429 684 1466 si
714 1441 862 1466 numen
894 1428 1058 1478 aliquod
1090 1428 1296 1479 paulisper
1334 1440 1555 1467 accommo-

191 1487 323 1526 dasset
354 1487 504 1536 oculos,
537 1489 709 1538 primum
740 1490 782 1526 in
814 1488 1042 1527 cubiculum
1073 1489 1287 1527 intrassem
1318 1489 1460 1539 patris,
1495 1488 1555 1527 in—

191 1547 386 1586 venissem
428 1548 610 1586 fortassis
654 1548 782 1587 adhuc
821 1549 958 1599 aliqua
996 1548 1119 1588 verba
1159 1549 1387 1599 morientis,
1430 1549 1555 1600 loqui,

191 1607 436 1658 interrogare
474 1608 701 1657 potuissem.
763 1609 880 1647 tarda
913 1610 953 1647 et
989 1609 1148 1659 trepida
1180 1611 1274 1648 sunt
1306 1609 1440 1648 officia
1475 1621 1556 1649 ser-

191 1679 342 1706 vorum.
405 1680 477 1718 ego
508 1669 548 1706 te
580 1668 934 1719 deprehendissem,
969 1682 1150 1719 noverca,
1182 1669 1432 1722 vigilantem.
1575 1682 1610 1709 25

283 1726 369 1775 Sed,
394 1727 537 1778 inquit,
564 1728 720 1778 gladius
753 1729 858 1767 caeci
885 1732 1117 1769 cruentatus
1143 1730 1332 1770 inventus
1360 1732 1430 1770 est.
1475 1744 1557 1770 non

193 1788 269 1835 est,
306 1786 474 1836 iudices,
513 1789 717 1827 caecitatis
750 1789 918 1828 audacia
950 1790 997 1828 de
1035 1791 1252 1841 parricidio
1290 1791 1438 1830 referre
1470 1792 1556 1843 gla-

193 1846 319 1896 dium,
353 1848 392 1885 et
423 1848 539 1886 homo
573 1849 683 1887 cuius
712 1849 832 1899 paulo
860 1852 952 1888 ante
986 1851 1174 1901 exquisiti
1200 1852 1296 1891 sunt
1322 1852 1443 1902 sinus,
1476 1865 1555 1890 non

192 1907 358 1945 referret
382 1907 423 1944 in
450 1907 672 1946 cubiculum
698 1921 815 1948 suum
840 1910 989 1949 sermm
1009 1911 1116 1961 quod
1141 1924 1221 1950 non
1246 1913 1383 1963 tegere
1408 1914 1557 1963 posset,

289 2060 308 2092 1
336 2057 559 2093 discurritur
579 2064 620 2092 M
690 2063 709 2093 2
737 2059 885 2105 effugit:
908 2060 1034 2097 effusit
1054 2069 1090 2097 P
1160 2066 1181 2097 5
1207 2063 1348 2099 maius:
1374 2063 1498 2110 magis
1517 2070 1557 2107 νς

192 2115 326 2140 manus
351 2112 383 2140 J
478 2109 496 2140 7
525 2106 796 2143 sollicitudine:
825 2109 1028 2146 solitudine
1053 2125 1075 2152 γ
1170 2115 1191 2146 8
1218 2112 1257 2146 et
1280 2112 1306 2158 Ξ
1330 2117 1374 2146 Μ
1462 2115 1483 2147 9
1509 2112 1557 2147 ti—

191 2163 295 2188 more
326 2159 354 2187 V
447 2157 490 2188 12
517 2153 655 2189 ofensis
681 2161 717 2189 Β
808 2160 850 2191 13
876 2157 943 2192 liffl
968 2159 1010 2193 in
1033 2171 1106 2195 ras.
1128 2165 1165 2194 Β
1263 2163 1308 2195 14
1333 2170 1395 2196 ac:
1422 2160 1512 2195 inde
1537 2175 1559 2202 γ

195 2204 238 2236 15
265 2201 585 2237 dissimulatione:
608 2202 845 2239 simulatione
866 2212 914 2249 M,
937 2206 994 2241 dis
1012 2219 1113 2252 supr.
1129 2222 1171 2242 m
1252 2212 1296 2244 16
1322 2219 1382 2243 me
1409 2216 1478 2244 ad:
1504 2209 1559 2244 mi

193 2257 235 2292 βγ
309 2253 351 2284 17
379 2250 476 2285 inter
494 2249 621 2296 fragor
646 2255 679 2286 et
704 2252 834 2287 domus
860 2253 945 2290 add.
972 2266 1031 2290 me
1056 2270 1078 2297 γ
1154 2259 1198 2291 18
1223 2257 1422 2302 tamquam
1448 2264 1564 2293 orm-I

195 2300 239 2351 {9
266 2297 366 2332 sensi
390 2298 505 2333 miser
531 2307 550 2340 β
647 2303 690 2333 22
717 2300 860 2344 primus
887 2310 908 2335 ς
1006 2306 1049 2338 23
1076 2303 1230 2340 fortasis
1255 2311 1293 2340 Β
1388 2305 1494 2350 loqui
1520 2307 1560 2341 et

193 2346 426 2400 interrogare
452 2355 493 2388 βγ
591 2350 636 2382 24
661 2348 884 2392 potuissem:
911 2362 1059 2394 possem
1084 2361 1104 2395 β
1176 2352 1344 2399 trepida:
1372 2354 1506 2400 tepida
1531 2359 1558 2389 S

194 2396 239 2428 28
266 2405 391 2430 cuius:
419 2394 480 2429 cui
506 2400 548 2429 Μ
643 2398 687 2430 29
713 2395 880 2432 refferret
911 2405 938 2431 V
1029 2399 1149 2444 ferre?
1174 2407 1211 2436 Β
