<?xml version="1.0" encoding="UTF-8"?>
<!DOCTYPE html PUBLIC "-//W3C//DTD XHTML 1.0 Transitional//EN"
    "http://www.w3.org/TR/xhtml1/DTD/xhtml1-transitional.dtd">
<html xmlns="http://www.w3.org/1999/xhtml" xml:lang="en" lang="en">
 <head>
  <title>
</title>
<meta http-equiv="Content-Type" content="text/html;charset=utf-8" />
  <meta name='ocr-system' content='tesseract 3.04.00' />
  <meta name='ocr-capabilities' content='ocr_page ocr_carea ocr_par ocr_line ocrx_word'/>
</head>
<body>
  <div class='ocr_page' id='page_1' title='image "./quintilianiquaef00lehnuoft_0352.png"; bbox 0 0 1638 2560; ppageno 0'>
   <div class='ocr_carea' id='block_1_1' title="bbox 136 97 1079 147">
    <p class='ocr_par' dir='ltr' id='par_1_1' title="bbox 136 97 1079 147">
     <span class='ocr_line' id='line_1_1' title="bbox 136 97 1079 147; baseline -0.016 1"><span class='ocrx_word' id='word_1_1' title='bbox 136 104 191 147; x_wconf 86' lang='lat'><strong>31</strong></span> <span class='ocrx_word' id='word_1_2' title='bbox 198 104 225 147; x_wconf 90' lang='grc'>6</span> <span class='ocrx_word' id='word_1_3' title='bbox 511 131 513 133; x_wconf 28' lang='lat' dir='ltr'>v</span> <span class='ocrx_word' id='word_1_4' title='bbox 573 98 826 138; x_wconf 72' lang='lat' dir='ltr'><strong>VENENVM‘</strong></span> <span class='ocrx_word' id='word_1_5' title='bbox 835 121 837 123; x_wconf 60' lang='lat'>&gt;</span> <span class='ocrx_word' id='word_1_6' title='bbox 847 97 1079 135; x_wconf 81' lang='lat' dir='ltr'><strong>EFFVSVM</strong></span> 
     </span>
    </p>
   </div>
   <div class='ocr_carea' id='block_1_2' title="bbox 65 211 1581 1658">
    <p class='ocr_par' dir='ltr' id='par_1_2' title="bbox 139 211 1518 331">
     <span class='ocr_line' id='line_1_2' title="bbox 140 211 1518 271; baseline -0.005 -13"><span class='ocrx_word' id='word_1_7' title='bbox 140 219 337 271; x_wconf 80' lang='lat' dir='ltr'>adrogans</span> <span class='ocrx_word' id='word_1_8' title='bbox 375 219 462 257; x_wconf 87' lang='lat' dir='ltr'><strong>vita</strong></span> <span class='ocrx_word' id='word_1_9' title='bbox 505 216 777 265; x_wconf 76' lang='lat' dir='ltr'><strong>simulabitur,</strong></span> <span class='ocrx_word' id='word_1_10' title='bbox 822 214 962 254; x_wconf 87' lang='lat' dir='ltr'><strong>statim</strong></span> <span class='ocrx_word' id='word_1_11' title='bbox 1007 215 1224 253; x_wconf 77' lang='lat' dir='ltr'><strong>contumax</strong></span> <span class='ocrx_word' id='word_1_12' title='bbox 1267 211 1383 252; x_wconf 89' lang='lat' dir='ltr'><strong>dolor</strong></span> <span class='ocrx_word' id='word_1_13' title='bbox 1426 211 1518 252; x_wconf 84' lang='lat' dir='ltr'><strong>cum</strong></span> 
     </span>
     <span class='ocr_line' id='line_1_3' title="bbox 139 277 1495 331; baseline -0.008 -12"><span class='ocrx_word' id='word_1_14' title='bbox 139 279 384 331; x_wconf 87' lang='lat' dir='ltr'><strong>deprehensa</strong></span> <span class='ocrx_word' id='word_1_15' title='bbox 414 279 543 317; x_wconf 86' lang='lat' dir='ltr'><strong>morte</strong></span> <span class='ocrx_word' id='word_1_16' title='bbox 575 277 795 316; x_wconf 76' lang='lat' dir='ltr'><strong>dissentiet.</strong></span> <span class='ocrx_word' id='word_1_17' title='bbox 1491 286 1495 289; x_wconf 60' lang='grc'><em>’</em></span> 
     </span>
    </p>

    <p class='ocr_par' dir='ltr' id='par_1_3' title="bbox 69 334 1518 389">
     <span class='ocr_line' id='line_1_4' title="bbox 69 334 1518 389; baseline -0.003 -13"><span class='ocrx_word' id='word_1_18' title='bbox 69 340 117 376; x_wconf 79' lang='grc'><strong>17</strong></span> <span class='ocrx_word' id='word_1_19' title='bbox 229 339 367 378; x_wconf 86' lang='lat' dir='ltr'><strong>Nescis</strong></span> <span class='ocrx_word' id='word_1_20' title='bbox 389 339 585 389; x_wconf 88' lang='lat' dir='ltr'><strong>quantum</strong></span> <span class='ocrx_word' id='word_1_21' title='bbox 610 337 710 376; x_wconf 91' lang='lat' dir='ltr'><strong>mihi</strong></span> <span class='ocrx_word' id='word_1_22' title='bbox 729 335 1011 375; x_wconf 72' lang='lat' dir='ltr'><strong>haesitationis</strong></span> <span class='ocrx_word' id='word_1_23' title='bbox 1037 334 1257 386; x_wconf 84' lang='lat' dir='ltr'><strong>paraveris,</strong></span> <span class='ocrx_word' id='word_1_24' title='bbox 1277 346 1369 373; x_wconf 90' lang='lat' dir='ltr'><strong>cum</strong></span> <span class='ocrx_word' id='word_1_25' title='bbox 1393 334 1518 373; x_wconf 86' lang='lat' dir='ltr'><strong>inter-</strong></span> 
     </span>
    </p>

    <p class='ocr_par' dir='ltr' id='par_1_4' title="bbox 65 394 1581 1658">
     <span class='ocr_line' id='line_1_5' title="bbox 65 394 1518 452; baseline -0.004 -13"><span class='ocrx_word' id='word_1_26' title='bbox 65 401 67 404; x_wconf 52' lang='lat'><em>⁴</em></span> <span class='ocrx_word' id='word_1_27' title='bbox 139 412 267 452; x_wconf 85' lang='lat' dir='ltr'><strong>roges,</strong></span> <span class='ocrx_word' id='word_1_28' title='bbox 299 399 393 438; x_wconf 89' lang='lat' dir='ltr'><strong>dum</strong></span> <span class='ocrx_word' id='word_1_29' title='bbox 421 398 660 449; x_wconf 89' lang='lat' dir='ltr'><strong>respondere</strong></span> <span class='ocrx_word' id='word_1_30' title='bbox 692 399 802 448; x_wconf 87' lang='lat' dir='ltr'><strong>cogis</strong></span> <span class='ocrx_word' id='word_1_31' title='bbox 834 397 1013 446; x_wconf 89' lang='lat' dir='ltr'><strong>sinisque</strong></span> <span class='ocrx_word' id='word_1_32' title='bbox 1044 408 1109 434; x_wconf 89' lang='lat' dir='ltr'><strong>me</strong></span> <span class='ocrx_word' id='word_1_33' title='bbox 1134 394 1265 434; x_wconf 91' lang='lat' dir='ltr'><strong>redire</strong></span> <span class='ocrx_word' id='word_1_34' title='bbox 1295 395 1340 432; x_wconf 92' lang='lat' dir='ltr'><strong>in</strong></span> <span class='ocrx_word' id='word_1_35' title='bbox 1371 394 1518 443; x_wconf 71' lang='lat' dir='ltr'><strong>som,</strong></span> 
     </span>
     <span class='ocr_line' id='line_1_6' title="bbox 140 454 1574 511; baseline -0.003 -12"><span class='ocrx_word' id='word_1_36' title='bbox 140 460 320 511; x_wconf 74' lang='lat' dir='ltr'><strong>litigare,</strong></span> <span class='ocrx_word' id='word_1_37' title='bbox 358 459 529 498; x_wconf 84' lang='lat' dir='ltr'><strong>defendi.</strong></span> <span class='ocrx_word' id='word_1_38' title='bbox 590 472 653 497; x_wconf 88' lang='lat' dir='ltr'><strong>me</strong></span> <span class='ocrx_word' id='word_1_39' title='bbox 691 470 786 497; x_wconf 87' lang='lat' dir='ltr'><strong>vero</strong></span> <span class='ocrx_word' id='word_1_40' title='bbox 823 459 919 496; x_wconf 91' lang='lat' dir='ltr'><strong>tunc</strong></span> <span class='ocrx_word' id='word_1_41' title='bbox 957 457 1111 506; x_wconf 85' lang='lat' dir='ltr'><strong>pariter</strong></span> <span class='ocrx_word' id='word_1_42' title='bbox 1149 467 1286 495; x_wconf 85' lang='lat' dir='ltr'><strong>omnes</strong></span> <span class='ocrx_word' id='word_1_43' title='bbox 1329 454 1518 494; x_wconf 84' lang='lat' dir='ltr'><strong>tenuistis</strong></span> <span class='ocrx_word' id='word_1_44' title='bbox 1557 467 1574 494; x_wconf 80' lang='lat'><strong>5</strong></span> 
     </span>
     <span class='ocr_line' id='line_1_7' title="bbox 141 516 1520 571; baseline -0.004 -12"><span class='ocrx_word' id='word_1_45' title='bbox 141 519 331 570; x_wconf 86' lang='lat' dir='ltr'><strong>adfectus,</strong></span> <span class='ocrx_word' id='word_1_46' title='bbox 363 519 601 571; x_wconf 76' lang='lat' dir='ltr'><strong>indignatio,</strong></span> <span class='ocrx_word' id='word_1_47' title='bbox 633 519 776 570; x_wconf 89' lang='lat' dir='ltr'><strong>pietas,</strong></span> <span class='ocrx_word' id='word_1_48' title='bbox 806 516 1044 566; x_wconf 85' lang='lat' dir='ltr'><strong>reverentia,</strong></span> <span class='ocrx_word' id='word_1_49' title='bbox 1072 516 1196 556; x_wconf 86' lang='lat' dir='ltr'><strong>dolor.</strong></span> <span class='ocrx_word' id='word_1_50' title='bbox 1254 528 1327 568; x_wconf 87' lang='lat' dir='ltr'><strong>ego</strong></span> <span class='ocrx_word' id='word_1_51' title='bbox 1353 516 1520 567; x_wconf 82' lang='lat' dir='ltr'><strong>propter</strong></span> 
     </span>
     <span class='ocr_line' id='line_1_8' title="bbox 139 575 1520 631; baseline -0.004 -12"><span class='ocrx_word' id='word_1_52' title='bbox 139 582 297 631; x_wconf 89' lang='lat' dir='ltr'><strong>patrem</strong></span> <span class='ocrx_word' id='word_1_53' title='bbox 334 581 437 619; x_wconf 91' lang='lat' dir='ltr'><strong>mori</strong></span> <span class='ocrx_word' id='word_1_54' title='bbox 480 592 660 631; x_wconf 88' lang='lat' dir='ltr'><strong>possum,</strong></span> <span class='ocrx_word' id='word_1_55' title='bbox 704 591 838 618; x_wconf 86' lang='lat' dir='ltr'><strong>coram</strong></span> <span class='ocrx_word' id='word_1_56' title='bbox 881 578 998 628; x_wconf 84' lang='lat' dir='ltr'><strong>patre</strong></span> <span class='ocrx_word' id='word_1_57' title='bbox 1042 590 1123 616; x_wconf 91' lang='lat' dir='ltr'><strong>non</strong></span> <span class='ocrx_word' id='word_1_58' title='bbox 1167 589 1343 628; x_wconf 84' lang='lat' dir='ltr'><strong>possum.</strong></span> <span class='ocrx_word' id='word_1_59' title='bbox 1406 575 1520 616; x_wconf 87' lang='lat' dir='ltr'><strong>adice</strong></span> 
     </span>
     <span class='ocr_line' id='line_1_9' title="bbox 141 635 1521 691; baseline -0.003 -12"><span class='ocrx_word' id='word_1_60' title='bbox 141 654 247 680; x_wconf 90' lang='lat' dir='ltr'><strong>nunc</strong></span> <span class='ocrx_word' id='word_1_61' title='bbox 280 641 386 691; x_wconf 90' lang='lat' dir='ltr'><strong>quod</strong></span> <span class='ocrx_word' id='word_1_62' title='bbox 419 642 458 679; x_wconf 90' lang='lat' dir='ltr'><strong>et</strong></span> <span class='ocrx_word' id='word_1_63' title='bbox 490 640 644 679; x_wconf 85' lang='lat' dir='ltr'><strong>dixisti:</strong></span> <span class='ocrx_word' id='word_1_64' title='bbox 679 635 812 678; x_wconf 70' lang='lat' dir='ltr'><strong>‘bibe’</strong></span> <span class='ocrx_word' id='word_1_65' title='bbox 874 640 909 677; x_wconf 93' lang='lat' dir='ltr'><strong>si</strong></span> <span class='ocrx_word' id='word_1_66' title='bbox 940 637 1188 677; x_wconf 79' lang='lat' dir='ltr'><strong>mehercules</strong></span> <span class='ocrx_word' id='word_1_67' title='bbox 1220 637 1402 676; x_wconf 86' lang='lat' dir='ltr'><strong>saucium</strong></span> <span class='ocrx_word' id='word_1_68' title='bbox 1433 637 1521 688; x_wconf 87' lang='lat' dir='ltr'><strong>pal—</strong></span> 
     </span>
     <span class='ocr_line' id='line_1_10' title="bbox 141 697 1521 752; baseline -0.002 -13"><span class='ocrx_word' id='word_1_69' title='bbox 141 702 419 752; x_wconf 86' lang='lat' dir='ltr'><strong>pitantemque</strong></span> <span class='ocrx_word' id='word_1_70' title='bbox 462 701 645 740; x_wconf 88' lang='lat' dir='ltr'><strong>iussisses</strong></span> <span class='ocrx_word' id='word_1_71' title='bbox 689 699 850 751; x_wconf 87' lang='lat' dir='ltr'><strong>adigere</strong></span> <span class='ocrx_word' id='word_1_72' title='bbox 895 700 1064 748; x_wconf 87' lang='lat' dir='ltr'><strong>ferrum,</strong></span> <span class='ocrx_word' id='word_1_73' title='bbox 1106 710 1331 749; x_wconf 83' lang='lat' dir='ltr'><strong>premerem</strong></span> <span class='ocrx_word' id='word_1_74' title='bbox 1372 697 1521 737; x_wconf 82' lang='lat' dir='ltr'><strong>clausis</strong></span> 
     </span>
     <span class='ocr_line' id='line_1_11' title="bbox 142 756 1577 813; baseline -0.002 -13"><span class='ocrx_word' id='word_1_75' title='bbox 142 762 373 800; x_wconf 87' lang='lat' dir='ltr'><strong>vulneribus</strong></span> <span class='ocrx_word' id='word_1_76' title='bbox 406 762 593 811; x_wconf 80' lang='lat' dir='ltr'><strong>animam,</strong></span> <span class='ocrx_word' id='word_1_77' title='bbox 626 756 719 813; x_wconf 83' lang='lat' dir='ltr'><strong>&lt;si&gt;</strong></span> <span class='ocrx_word' id='word_1_78' title='bbox 751 760 948 812; x_wconf 87' lang='lat' dir='ltr'><strong>stringere</strong></span> <span class='ocrx_word' id='word_1_79' title='bbox 975 760 1137 810; x_wconf 87' lang='lat' dir='ltr'><strong>aptatos</strong></span> <span class='ocrx_word' id='word_1_80' title='bbox 1165 758 1217 797; x_wconf 88' lang='lat' dir='ltr'><strong>ad</strong></span> <span class='ocrx_word' id='word_1_81' title='bbox 1247 758 1352 798; x_wconf 88' lang='lat' dir='ltr'><strong>colla</strong></span> <span class='ocrx_word' id='word_1_82' title='bbox 1383 770 1520 808; x_wconf 86' lang='lat' dir='ltr'><strong>nexus,</strong></span> <span class='ocrx_word' id='word_1_83' title='bbox 1541 771 1577 797; x_wconf 85' lang='lat'><strong>10</strong></span> 
     </span>
     <span class='ocr_line' id='line_1_12' title="bbox 142 820 1521 872; baseline -0.002 -12"><span class='ocrx_word' id='word_1_84' title='bbox 142 834 306 861; x_wconf 89' lang='lat' dir='ltr'><strong>conarer</strong></span> <span class='ocrx_word' id='word_1_85' title='bbox 344 821 515 872; x_wconf 89' lang='lat' dir='ltr'><strong>abrupto</strong></span> <span class='ocrx_word' id='word_1_86' title='bbox 554 820 713 860; x_wconf 88' lang='lat' dir='ltr'><strong>desilire</strong></span> <span class='ocrx_word' id='word_1_87' title='bbox 750 821 914 872; x_wconf 87' lang='lat' dir='ltr'><strong>laqueO,</strong></span> <span class='ocrx_word' id='word_1_88' title='bbox 959 821 993 858; x_wconf 87' lang='lat' dir='ltr'><strong>si</strong></span> <span class='ocrx_word' id='word_1_89' title='bbox 1030 832 1112 858; x_wconf 89' lang='lat' dir='ltr'><strong>non</strong></span> <span class='ocrx_word' id='word_1_90' title='bbox 1149 820 1318 858; x_wconf 89' lang='lat' dir='ltr'><strong>iniceres</strong></span> <span class='ocrx_word' id='word_1_91' title='bbox 1354 831 1521 858; x_wconf 86' lang='lat' dir='ltr'><strong>manum</strong></span> 
     </span>
     <span class='ocr_line' id='line_1_13' title="bbox 144 880 1521 933; baseline -0.002 -12"><span class='ocrx_word' id='word_1_92' title='bbox 144 883 194 921; x_wconf 88' lang='lat' dir='ltr'><strong>ad</strong></span> <span class='ocrx_word' id='word_1_93' title='bbox 240 882 479 933; x_wconf 85' lang='lat' dir='ltr'><strong>praecipitia</strong></span> <span class='ocrx_word' id='word_1_94' title='bbox 529 882 781 932; x_wconf 81' lang='lat' dir='ltr'><strong>properanti,</strong></span> <span class='ocrx_word' id='word_1_95' title='bbox 831 881 1032 920; x_wconf 89' lang='lat' dir='ltr'><strong>flecterem</strong></span> <span class='ocrx_word' id='word_1_96' title='bbox 1082 882 1125 918; x_wconf 91' lang='lat' dir='ltr'><strong>in</strong></span> <span class='ocrx_word' id='word_1_97' title='bbox 1175 880 1299 931; x_wconf 88' lang='lat' dir='ltr'><strong>plana</strong></span> <span class='ocrx_word' id='word_1_98' title='bbox 1349 891 1521 919; x_wconf 87' lang='lat' dir='ltr'><strong>cursum.</strong></span> 
     </span>
     <span class='ocr_line' id='line_1_14' title="bbox 142 941 1522 993; baseline -0.001 -13"><span class='ocrx_word' id='word_1_99' title='bbox 142 942 285 981; x_wconf 88' lang='lat' dir='ltr'><strong>merito</strong></span> <span class='ocrx_word' id='word_1_100' title='bbox 312 955 488 993; x_wconf 89' lang='lat' dir='ltr'><strong>prorsus,</strong></span> <span class='ocrx_word' id='word_1_101' title='bbox 515 943 658 992; x_wconf 87' lang='lat' dir='ltr'><strong>anime,</strong></span> <span class='ocrx_word' id='word_1_102' title='bbox 685 943 880 981; x_wconf 88' lang='lat' dir='ltr'><strong>secretum</strong></span> <span class='ocrx_word' id='word_1_103' title='bbox 906 941 1246 991; x_wconf 83' lang='lat' dir='ltr'><strong>solitudinemque</strong></span> <span class='ocrx_word' id='word_1_104' title='bbox 1272 941 1522 991; x_wconf 83' lang='lat' dir='ltr'><strong>captaveras.</strong></span> 
     </span>
     <span class='ocr_line' id='line_1_15' title="bbox 143 1001 1521 1054; baseline -0.001 -13"><span class='ocrx_word' id='word_1_105' title='bbox 143 1003 361 1042; x_wconf 88' lang='lat' dir='ltr'><strong>intervenit</strong></span> <span class='ocrx_word' id='word_1_106' title='bbox 398 1005 529 1054; x_wconf 89' lang='lat' dir='ltr'><strong>pater,</strong></span> <span class='ocrx_word' id='word_1_107' title='bbox 574 1004 708 1041; x_wconf 90' lang='lat' dir='ltr'><strong>actum</strong></span> <span class='ocrx_word' id='word_1_108' title='bbox 746 1005 823 1052; x_wconf 91' lang='lat' dir='ltr'><strong>est,</strong></span> <span class='ocrx_word' id='word_1_109' title='bbox 861 1003 968 1053; x_wconf 90' lang='lat' dir='ltr'><strong>perit</strong></span> <span class='ocrx_word' id='word_1_110' title='bbox 1010 1002 1082 1041; x_wconf 91' lang='lat' dir='ltr'><strong>ille</strong></span> <span class='ocrx_word' id='word_1_111' title='bbox 1126 1003 1335 1053; x_wconf 85' lang='lat' dir='ltr'><strong>susceptae</strong></span> <span class='ocrx_word' id='word_1_112' title='bbox 1378 1001 1521 1040; x_wconf 88' lang='lat' dir='ltr'><strong>mortis</strong></span> 
     </span>
     <span class='ocr_line' id='line_1_16' title="bbox 145 1060 1577 1113; baseline 0 -12"><span class='ocrx_word' id='word_1_113' title='bbox 145 1063 264 1102; x_wconf 86' lang='lat' dir='ltr'><strong>ardor</strong></span> <span class='ocrx_word' id='word_1_114' title='bbox 301 1066 342 1102; x_wconf 88' lang='lat' dir='ltr'><strong>et</strong></span> <span class='ocrx_word' id='word_1_115' title='bbox 378 1066 548 1113; x_wconf 86' lang='lat' dir='ltr'><strong>utroque</strong></span> <span class='ocrx_word' id='word_1_116' title='bbox 586 1075 658 1102; x_wconf 89' lang='lat' dir='ltr'><strong>nos</strong></span> <span class='ocrx_word' id='word_1_117' title='bbox 695 1062 863 1102; x_wconf 86' lang='lat' dir='ltr'><strong>resolvit</strong></span> <span class='ocrx_word' id='word_1_118' title='bbox 901 1062 1072 1102; x_wconf 83' lang='lat' dir='ltr'><strong>adfectu.</strong></span> <span class='ocrx_word' id='word_1_119' title='bbox 1134 1063 1239 1101; x_wconf 89' lang='lat' dir='ltr'><strong>mori</strong></span> <span class='ocrx_word' id='word_1_120' title='bbox 1269 1074 1350 1100; x_wconf 91' lang='lat' dir='ltr'><strong>non</strong></span> <span class='ocrx_word' id='word_1_121' title='bbox 1385 1060 1522 1110; x_wconf 91' lang='lat' dir='ltr'><strong>debe0,</strong></span> <span class='ocrx_word' id='word_1_122' title='bbox 1543 1074 1577 1101; x_wconf 87' lang='lat'><strong>15</strong></span> 
     </span>
     <span class='ocr_line' id='line_1_17' title="bbox 145 1120 1522 1175; baseline -0.002 -12"><span class='ocrx_word' id='word_1_123' title='bbox 145 1124 180 1163; x_wconf 88' lang='lat' dir='ltr'><strong>si</strong></span> <span class='ocrx_word' id='word_1_124' title='bbox 211 1125 403 1173; x_wconf 84' lang='lat' dir='ltr'><strong>vetuerit,</strong></span> <span class='ocrx_word' id='word_1_125' title='bbox 436 1137 515 1163; x_wconf 88' lang='lat' dir='ltr'><strong>non</strong></span> <span class='ocrx_word' id='word_1_126' title='bbox 548 1126 706 1175; x_wconf 88' lang='lat' dir='ltr'><strong>potero,</strong></span> <span class='ocrx_word' id='word_1_127' title='bbox 740 1124 773 1162; x_wconf 87' lang='lat' dir='ltr'><strong>si</strong></span> <span class='ocrx_word' id='word_1_128' title='bbox 805 1123 976 1162; x_wconf 86' lang='lat' dir='ltr'><strong>iusserit.</strong></span> <span class='ocrx_word' id='word_1_129' title='bbox 1042 1120 1179 1172; x_wconf 78' lang='lat' dir='ltr'><strong>‘bibe&#39;,</strong></span> <span class='ocrx_word' id='word_1_130' title='bbox 1216 1122 1362 1173; x_wconf 89' lang='lat' dir='ltr'><strong>inquit.</strong></span> <span class='ocrx_word' id='word_1_131' title='bbox 1424 1133 1522 1160; x_wconf 90' lang='lat' dir='ltr'><strong>non-</strong></span> 
     </span>
     <span class='ocr_line' id='line_1_18' title="bbox 145 1182 1525 1235; baseline -0.001 -13"><span class='ocrx_word' id='word_1_132' title='bbox 145 1184 240 1222; x_wconf 88' lang='lat' dir='ltr'><strong>dum</strong></span> <span class='ocrx_word' id='word_1_133' title='bbox 273 1184 433 1233; x_wconf 88' lang='lat' dir='ltr'><strong>quidem</strong></span> <span class='ocrx_word' id='word_1_134' title='bbox 463 1185 623 1234; x_wconf 86' lang='lat' dir='ltr'><strong>potioni</strong></span> <span class='ocrx_word' id='word_1_135' title='bbox 654 1185 764 1223; x_wconf 89' lang='lat' dir='ltr'><strong>virus</strong></span> <span class='ocrx_word' id='word_1_136' title='bbox 797 1186 982 1235; x_wconf 89' lang='lat' dir='ltr'><strong>aptatum</strong></span> <span class='ocrx_word' id='word_1_137' title='bbox 1015 1185 1086 1223; x_wconf 87' lang='lat' dir='ltr'><strong>est.</strong></span> <span class='ocrx_word' id='word_1_138' title='bbox 1139 1183 1207 1222; x_wconf 87' lang='lat' dir='ltr'><strong>sed</strong></span> <span class='ocrx_word' id='word_1_139' title='bbox 1238 1196 1302 1222; x_wconf 88' lang='lat' dir='ltr'><strong>me</strong></span> <span class='ocrx_word' id='word_1_140' title='bbox 1333 1182 1424 1221; x_wconf 90' lang='lat' dir='ltr'><strong>ideo</strong></span> <span class='ocrx_word' id='word_1_141' title='bbox 1457 1182 1525 1221; x_wconf 88' lang='lat' dir='ltr'><strong>de-</strong></span> 
     </span>
     <span class='ocr_line' id='line_1_19' title="bbox 145 1243 1525 1296; baseline -0.001 -14"><span class='ocrx_word' id='word_1_142' title='bbox 145 1244 408 1296; x_wconf 87' lang='lat' dir='ltr'><strong>prehendisti,</strong></span> <span class='ocrx_word' id='word_1_143' title='bbox 452 1246 548 1295; x_wconf 87' lang='lat' dir='ltr'><strong>quia</strong></span> <span class='ocrx_word' id='word_1_144' title='bbox 593 1245 724 1284; x_wconf 88' lang='lat' dir='ltr'><strong>adhuc</strong></span> <span class='ocrx_word' id='word_1_145' title='bbox 768 1244 983 1283; x_wconf 88' lang='lat' dir='ltr'><strong>terebatur.</strong></span> <span class='ocrx_word' id='word_1_146' title='bbox 1056 1244 1188 1283; x_wconf 89' lang='lat' dir='ltr'><strong>multa</strong></span> <span class='ocrx_word' id='word_1_147' title='bbox 1229 1245 1368 1282; x_wconf 86' lang='lat' dir='ltr'><strong>tamen</strong></span> <span class='ocrx_word' id='word_1_148' title='bbox 1410 1243 1525 1293; x_wconf 90' lang='lat' dir='ltr'><strong>mihi,</strong></span> 
     </span>
     <span class='ocr_line' id='line_1_20' title="bbox 146 1303 1524 1356; baseline 0 -13"><span class='ocrx_word' id='word_1_149' title='bbox 146 1306 274 1355; x_wconf 88' lang='lat' dir='ltr'><strong>pater,</strong></span> <span class='ocrx_word' id='word_1_150' title='bbox 307 1306 400 1344; x_wconf 90' lang='lat' dir='ltr'><strong>ante</strong></span> <span class='ocrx_word' id='word_1_151' title='bbox 432 1305 616 1344; x_wconf 86' lang='lat' dir='ltr'><strong>facienda</strong></span> <span class='ocrx_word' id='word_1_152' title='bbox 649 1307 753 1344; x_wconf 85' lang='lat' dir='ltr'><strong>sunt.</strong></span> <span class='ocrx_word' id='word_1_153' title='bbox 810 1305 902 1345; x_wconf 86' lang='lat' dir='ltr'><strong>volo</strong></span> <span class='ocrx_word' id='word_1_154' title='bbox 934 1306 1049 1356; x_wconf 91' lang='lat' dir='ltr'><strong>prius</strong></span> <span class='ocrx_word' id='word_1_155' title='bbox 1083 1317 1301 1344; x_wconf 86' lang='lat' dir='ltr'><strong>convocare</strong></span> <span class='ocrx_word' id='word_1_156' title='bbox 1333 1303 1524 1354; x_wconf 85' lang='lat' dir='ltr'><strong>servulos,</strong></span> 
     </span>
     <span class='ocr_line' id='line_1_21' title="bbox 146 1364 1581 1417; baseline -0.001 -13"><span class='ocrx_word' id='word_1_157' title='bbox 146 1365 378 1404; x_wconf 87' lang='lat' dir='ltr'><strong>contrahere</strong></span> <span class='ocrx_word' id='word_1_158' title='bbox 402 1365 580 1415; x_wconf 89' lang='lat' dir='ltr'><strong>libertos,</strong></span> <span class='ocrx_word' id='word_1_159' title='bbox 606 1366 867 1417; x_wconf 85' lang='lat' dir='ltr'><strong>complorare,</strong></span> <span class='ocrx_word' id='word_1_160' title='bbox 894 1366 1095 1415; x_wconf 88' lang='lat' dir='ltr'><strong>conqueri,</strong></span> <span class='ocrx_word' id='word_1_161' title='bbox 1120 1364 1326 1415; x_wconf 87' lang='lat' dir='ltr'><strong>mandare,</strong></span> <span class='ocrx_word' id='word_1_162' title='bbox 1352 1364 1524 1403; x_wconf 82' lang='lat' dir='ltr'><strong>defendi.</strong></span> <span class='ocrx_word' id='word_1_163' title='bbox 1544 1377 1581 1404; x_wconf 80' lang='lat'><strong>20</strong></span> 
     </span>
     <span class='ocr_line' id='line_1_22' title="bbox 146 1421 1525 1475; baseline 0.001 -12"><span class='ocrx_word' id='word_1_164' title='bbox 146 1421 280 1464; x_wconf 71' lang='lat' dir='ltr'><strong>‘bibe&#39;</strong></span> <span class='ocrx_word' id='word_1_165' title='bbox 330 1426 431 1464; x_wconf 88' lang='lat' dir='ltr'><strong>mihi</strong></span> <span class='ocrx_word' id='word_1_166' title='bbox 455 1439 550 1465; x_wconf 86' lang='lat' dir='ltr'><strong>vero</strong></span> <span class='ocrx_word' id='word_1_167' title='bbox 582 1427 677 1465; x_wconf 88' lang='lat' dir='ltr'><strong>tunc</strong></span> <span class='ocrx_word' id='word_1_168' title='bbox 711 1426 902 1466; x_wconf 88' lang='lat' dir='ltr'><strong>adiecisse</strong></span> <span class='ocrx_word' id='word_1_169' title='bbox 928 1427 1038 1466; x_wconf 86' lang='lat' dir='ltr'><strong>visus</strong></span> <span class='ocrx_word' id='word_1_170' title='bbox 1072 1439 1130 1465; x_wconf 87' lang='lat' dir='ltr'><strong>es:</strong></span> <span class='ocrx_word' id='word_1_171' title='bbox 1165 1423 1341 1475; x_wconf 82' lang='lat' dir='ltr'><strong>‘teneris,</strong></span> <span class='ocrx_word' id='word_1_172' title='bbox 1372 1425 1525 1475; x_wconf 83' lang='lat' dir='ltr'><strong>haeres,</strong></span> 
     </span>
     <span class='ocr_line' id='line_1_23' title="bbox 146 1483 1525 1537; baseline 0 -13"><span class='ocrx_word' id='word_1_173' title='bbox 146 1499 281 1525; x_wconf 90' lang='lat' dir='ltr'><strong>eamus</strong></span> <span class='ocrx_word' id='word_1_174' title='bbox 314 1486 366 1524; x_wconf 88' lang='lat' dir='ltr'><strong>ad</strong></span> <span class='ocrx_word' id='word_1_175' title='bbox 396 1483 596 1525; x_wconf 87' lang='lat' dir='ltr'><strong>iudicem.’</strong></span> <span class='ocrx_word' id='word_1_176' title='bbox 662 1484 795 1525; x_wconf 66' lang='lat' dir='ltr'><strong>‘bibe&#39;</strong></span> <span class='ocrx_word' id='word_1_177' title='bbox 861 1488 918 1526; x_wconf 90' lang='lat' dir='ltr'><strong>sic</strong></span> <span class='ocrx_word' id='word_1_178' title='bbox 949 1487 1024 1526; x_wconf 92' lang='lat' dir='ltr'><strong>hoc</strong></span> <span class='ocrx_word' id='word_1_179' title='bbox 1055 1486 1184 1537; x_wconf 90' lang='lat' dir='ltr'><strong>iubes,</strong></span> <span class='ocrx_word' id='word_1_180' title='bbox 1215 1487 1427 1537; x_wconf 89' lang='lat' dir='ltr'><strong>tamqnam</strong></span> <span class='ocrx_word' id='word_1_181' title='bbox 1457 1498 1525 1524; x_wconf 90' lang='lat' dir='ltr'><strong>ne-</strong></span> 
     </span>
     <span class='ocr_line' id='line_1_24' title="bbox 147 1547 1526 1598; baseline 0.001 -15"><span class='ocrx_word' id='word_1_182' title='bbox 147 1558 238 1597; x_wconf 88' lang='lat' dir='ltr'><strong>gem</strong></span> <span class='ocrx_word' id='word_1_183' title='bbox 262 1559 469 1584; x_wconf 86' lang='lat' dir='ltr'><strong>venenum.</strong></span> <span class='ocrx_word' id='word_1_184' title='bbox 519 1548 770 1598; x_wconf 81' lang='lat' dir='ltr'><strong>interrogare</strong></span> <span class='ocrx_word' id='word_1_185' title='bbox 796 1560 867 1586; x_wconf 90' lang='lat' dir='ltr'><strong>vos</strong></span> <span class='ocrx_word' id='word_1_186' title='bbox 893 1548 1008 1586; x_wconf 85' lang='lat' dir='ltr'><strong>velut</strong></span> <span class='ocrx_word' id='word_1_187' title='bbox 1038 1548 1081 1585; x_wconf 92' lang='lat' dir='ltr'><strong>in</strong></span> <span class='ocrx_word' id='word_1_188' title='bbox 1113 1547 1186 1586; x_wconf 90' lang='lat' dir='ltr'><strong>illa</strong></span> <span class='ocrx_word' id='word_1_189' title='bbox 1219 1547 1364 1586; x_wconf 78' lang='lat' dir='ltr'><strong>secreti</strong></span> <span class='ocrx_word' id='word_1_190' title='bbox 1394 1547 1526 1586; x_wconf 84' lang='lat' dir='ltr'><strong>nostri</strong></span> 
     </span>
     <span class='ocr_line' id='line_1_25' title="bbox 146 1605 1526 1658; baseline 0.001 -14"><span class='ocrx_word' id='word_1_191' title='bbox 146 1607 373 1657; x_wconf 84' lang='lat' dir='ltr'><strong>praesentia</strong></span> <span class='ocrx_word' id='word_1_192' title='bbox 397 1607 499 1646; x_wconf 89' lang='lat' dir='ltr'><strong>libet</strong></span> <span class='ocrx_word' id='word_1_193' title='bbox 518 1620 636 1657; x_wconf 88' lang='lat' dir='ltr'><strong>quem</strong></span> <span class='ocrx_word' id='word_1_194' title='bbox 661 1607 762 1646; x_wconf 90' lang='lat' dir='ltr'><strong>mihi</strong></span> <span class='ocrx_word' id='word_1_195' title='bbox 787 1609 880 1658; x_wconf 89' lang='lat' dir='ltr'><strong>post</strong></span> <span class='ocrx_word' id='word_1_196' title='bbox 904 1608 1008 1647; x_wconf 85' lang='lat' dir='ltr'><strong>hanc</strong></span> <span class='ocrx_word' id='word_1_197' title='bbox 1028 1620 1168 1647; x_wconf 88' lang='lat' dir='ltr'><strong>vocem</strong></span> <span class='ocrx_word' id='word_1_198' title='bbox 1191 1608 1371 1646; x_wconf 87' lang='lat' dir='ltr'><strong>animum</strong></span> <span class='ocrx_word' id='word_1_199' title='bbox 1390 1605 1526 1646; x_wconf 76' lang='lat' dir='ltr'><strong>datis?</strong></span> 
     </span>
    </p>
   </div>
   <div class='ocr_carea' id='block_1_3' title="bbox 324 1701 432 1704">
    <p class='ocr_par' dir='ltr' id='par_1_5' title="bbox 324 1701 432 1704">
     <span class='ocr_line' id='line_1_26' title="bbox 324 1701 432 1704; baseline 0 0"><span class='ocrx_word' id='word_1_200' title='bbox 324 1701 432 1704; x_wconf 95' lang='lat' dir='ltr'><strong> </strong></span> 
     </span>
    </p>
   </div>
   <div class='ocr_carea' id='block_1_4' title="bbox 149 1758 1531 1854">
    <p class='ocr_par' dir='ltr' id='par_1_6' title="bbox 149 1758 1531 1854">
     <span class='ocr_line' id='line_1_27' title="bbox 245 1758 1531 1807; baseline 0 -14"><span class='ocrx_word' id='word_1_201' title='bbox 245 1763 263 1793; x_wconf 92' lang='lat'>1</span> <span class='ocrx_word' id='word_1_202' title='bbox 293 1758 573 1794; x_wconf 86' lang='lat' dir='ltr'><strong>simulabuntur</strong></span> <span class='ocrx_word' id='word_1_203' title='bbox 598 1765 634 1793; x_wconf 84' lang='lat' dir='ltr'><em>P</em></span> <span class='ocrx_word' id='word_1_204' title='bbox 754 1763 775 1793; x_wconf 88' lang='lat'><strong>3</strong></span> <span class='ocrx_word' id='word_1_205' title='bbox 805 1760 1016 1807; x_wconf 61' lang='lat' dir='ltr'><strong>quantum}</strong></span> <span class='ocrx_word' id='word_1_206' title='bbox 1039 1766 1068 1794; x_wconf 99' lang='lat' dir='ltr'><em>V</em></span> <span class='ocrx_word' id='word_1_207' title='bbox 1186 1758 1425 1795; x_wconf 84' lang='lat' dir='ltr'><strong>aesitationis</strong></span> <span class='ocrx_word' id='word_1_208' title='bbox 1450 1764 1531 1793; x_wconf 77' lang='grc' dir='ltr'><strong>ΒΜ</strong></span> 
     </span>
     <span class='ocr_line' id='line_1_28' title="bbox 149 1806 1524 1854; baseline 0.001 -13"><span class='ocrx_word' id='word_1_209' title='bbox 149 1807 254 1851; x_wconf 79' lang='lat' dir='ltr'><strong>(corr.</strong></span> <span class='ocrx_word' id='word_1_210' title='bbox 282 1809 337 1853; x_wconf 86' lang='lat' dir='ltr'><strong>m)</strong></span> <span class='ocrx_word' id='word_1_211' title='bbox 447 1807 702 1852; x_wconf 86' lang='lat' dir='ltr'><strong>interrogares</strong></span> <span class='ocrx_word' id='word_1_212' title='bbox 728 1807 779 1842; x_wconf 90' lang='lat' dir='ltr'><strong>H.</strong></span> <span class='ocrx_word' id='word_1_213' title='bbox 898 1812 921 1842; x_wconf 85' lang='lat'>4</span> <span class='ocrx_word' id='word_1_214' title='bbox 952 1808 1183 1854; x_wconf 88' lang='lat' dir='ltr'><strong>respondero</strong></span> <span class='ocrx_word' id='word_1_215' title='bbox 1215 1815 1244 1843; x_wconf 94' lang='lat' dir='ltr'><em>V</em></span> <span class='ocrx_word' id='word_1_216' title='bbox 1361 1806 1466 1854; x_wconf 85' lang='lat' dir='ltr'><strong>cogis</strong></span> <span class='ocrx_word' id='word_1_217' title='bbox 1482 1828 1524 1833; x_wconf 87' lang='lat'><strong>-—</strong></span> 
     </span>
    </p>
   </div>
   <div class='ocr_carea' id='block_1_5' title="bbox 146 1867 1529 2072">
    <p class='ocr_par' dir='ltr' id='par_1_7' title="bbox 146 1867 1529 2072">
     <span class='ocr_line' id='line_1_29' title="bbox 147 1867 1528 1927; baseline 0.001 -14"><span class='ocrx_word' id='word_1_218' title='bbox 147 1877 271 1913; x_wconf 83' lang='lat' dir='ltr'><strong>forum</strong></span> <span class='ocrx_word' id='word_1_219' title='bbox 297 1879 429 1924; x_wconf 70' lang='lat' dir='ltr'><strong>scripsi</strong></span> <span class='ocrx_word' id='word_1_220' title='bbox 437 1894 443 1914; x_wconf 93' lang='lat'>:</span> <span class='ocrx_word' id='word_1_221' title='bbox 479 1867 656 1926; x_wconf 56' lang='lat' dir='ltr'><strong>cogissetis</strong></span> <span class='ocrx_word' id='word_1_222' title='bbox 683 1891 795 1924; x_wconf 88' lang='lat' dir='ltr'><strong>quem</strong></span> <span class='ocrx_word' id='word_1_223' title='bbox 825 1881 863 1914; x_wconf 90' lang='lat' dir='ltr'><strong>et</strong></span> <span class='ocrx_word' id='word_1_224' title='bbox 886 1880 1046 1916; x_wconf 83' lang='lat' dir='ltr'><strong>reddere</strong></span> <span class='ocrx_word' id='word_1_225' title='bbox 1077 1881 1216 1916; x_wconf 88' lang='lat' dir='ltr'><strong>iterum</strong></span> <span class='ocrx_word' id='word_1_226' title='bbox 1241 1886 1293 1924; x_wconf 75' lang='grc' dir='ltr'><strong>Βς</strong></span> <span class='ocrx_word' id='word_1_227' title='bbox 1327 1878 1528 1927; x_wconf 80' lang='lat' dir='ltr'><strong>cogissetis</strong></span> 
     </span>
     <span class='ocr_line' id='line_1_30' title="bbox 149 1927 1528 1975; baseline 0.002 -14"><span class='ocrx_word' id='word_1_228' title='bbox 149 1937 262 1972; x_wconf 88' lang='lat' dir='ltr'><strong>quem</strong></span> <span class='ocrx_word' id='word_1_229' title='bbox 288 1928 336 1963; x_wconf 89' lang='lat' dir='ltr'><strong>et.</strong></span> <span class='ocrx_word' id='word_1_230' title='bbox 363 1927 521 1963; x_wconf 87' lang='lat' dir='ltr'><strong>reddere</strong></span> <span class='ocrx_word' id='word_1_231' title='bbox 548 1928 685 1962; x_wconf 91' lang='lat' dir='ltr'><strong>iterum</strong></span> <span class='ocrx_word' id='word_1_232' title='bbox 710 1935 750 1972; x_wconf 70' lang='lat' dir='ltr'><strong>V,</strong></span> <span class='ocrx_word' id='word_1_233' title='bbox 778 1929 882 1975; x_wconf 85' lang='lat' dir='ltr'><strong>cogis</strong></span> <span class='ocrx_word' id='word_1_234' title='bbox 909 1929 976 1964; x_wconf 86' lang='lat' dir='ltr'><strong>sed</strong></span> <span class='ocrx_word' id='word_1_235' title='bbox 1001 1940 1114 1974; x_wconf 90' lang='lat' dir='ltr'><strong>quem</strong></span> <span class='ocrx_word' id='word_1_236' title='bbox 1141 1930 1180 1964; x_wconf 90' lang='lat' dir='ltr'><strong>et</strong></span> <span class='ocrx_word' id='word_1_237' title='bbox 1204 1929 1363 1964; x_wconf 84' lang='lat' dir='ltr'><strong>reddere</strong></span> <span class='ocrx_word' id='word_1_238' title='bbox 1388 1928 1528 1963; x_wconf 76' lang='lat' dir='ltr'><strong>iterum</strong></span> 
     </span>
     <span class='ocr_line' id='line_1_31' title="bbox 147 1975 1529 2023; baseline 0.001 -13"><span class='ocrx_word' id='word_1_239' title='bbox 147 1981 253 2019; x_wconf 68' lang='grc' dir='ltr'><strong>Μγσς</strong></span> <span class='ocrx_word' id='word_1_240' title='bbox 286 1975 390 2021; x_wconf 84' lang='lat' dir='ltr'><strong>cogis</strong></span> <span class='ocrx_word' id='word_1_241' title='bbox 417 1975 517 2010; x_wconf 89' lang='lat' dir='ltr'><strong>sedis</strong></span> <span class='ocrx_word' id='word_1_242' title='bbox 544 1987 656 2021; x_wconf 89' lang='lat' dir='ltr'><strong>quem</strong></span> <span class='ocrx_word' id='word_1_243' title='bbox 689 1977 727 2011; x_wconf 88' lang='lat' dir='ltr'><strong>et</strong></span> <span class='ocrx_word' id='word_1_244' title='bbox 752 1976 909 2012; x_wconf 88' lang='lat' dir='ltr'><strong>reddere</strong></span> <span class='ocrx_word' id='word_1_245' title='bbox 935 1977 1074 2013; x_wconf 87' lang='lat' dir='ltr'><strong>iterum</strong></span> <span class='ocrx_word' id='word_1_246' title='bbox 1100 1987 1135 2022; x_wconf 74' lang='grc' dir='ltr'><strong>βς</strong></span> <span class='ocrx_word' id='word_1_247' title='bbox 1169 1977 1236 2013; x_wconf 88' lang='lat' dir='ltr'><strong>sed</strong></span> <span class='ocrx_word' id='word_1_248' title='bbox 1263 1987 1376 2023; x_wconf 90' lang='lat' dir='ltr'><strong>quem</strong></span> <span class='ocrx_word' id='word_1_249' title='bbox 1403 1976 1529 2012; x_wconf 83' lang='lat' dir='ltr'><strong>redire</strong></span> 
     </span>
     <span class='ocr_line' id='line_1_32' title="bbox 146 2022 1529 2072; baseline 0.002 -15"><span class='ocrx_word' id='word_1_250' title='bbox 146 2023 188 2058; x_wconf 90' lang='lat' dir='ltr'><strong>in</strong></span> <span class='ocrx_word' id='word_1_251' title='bbox 206 2022 329 2058; x_wconf 87' lang='lat' dir='ltr'><strong>forum</strong></span> <span class='ocrx_word' id='word_1_252' title='bbox 354 2024 455 2068; x_wconf 81' lang='lat' dir='ltr'><strong>Obr.;</strong></span> <span class='ocrx_word' id='word_1_253' title='bbox 483 2024 650 2070; x_wconf 85' lang='lat' dir='ltr'><strong>sinisque</strong></span> <span class='ocrx_word' id='word_1_254' title='bbox 670 2035 730 2060; x_wconf 89' lang='lat' dir='ltr'><strong>me</strong></span> <span class='ocrx_word' id='word_1_255' title='bbox 750 2024 907 2060; x_wconf 85' lang='lat' dir='ltr'><strong>reddere</strong></span> <span class='ocrx_word' id='word_1_256' title='bbox 926 2025 1065 2060; x_wconf 90' lang='lat' dir='ltr'><strong>iterum</strong></span> <span class='ocrx_word' id='word_1_257' title='bbox 1085 2027 1190 2062; x_wconf 80' lang='lat' dir='ltr'><strong>Dess.</strong></span> <span class='ocrx_word' id='word_1_258' title='bbox 1207 2038 1247 2072; x_wconf 77' lang='lat' dir='ltr'><strong>p.</strong></span> <span class='ocrx_word' id='word_1_259' title='bbox 1263 2028 1330 2070; x_wconf 75' lang='lat'><strong>923</strong></span> <span class='ocrx_word' id='word_1_260' title='bbox 1358 2023 1529 2061; x_wconf 87' lang='lat' dir='ltr'><strong>sceleris-</strong></span> 
     </span>
    </p>
   </div>
   <div class='ocr_carea' id='block_1_6' title="bbox 146 2076 1534 2443">
    <p class='ocr_par' dir='ltr' id='par_1_8' title="bbox 146 2076 1529 2350">
     <span class='ocr_line' id='line_1_33' title="bbox 148 2076 1527 2166; baseline 0.001 -23"><span class='ocrx_word' id='word_1_261' title='bbox 148 2118 222 2152; x_wconf 88' lang='lat' dir='ltr'><strong>que</strong></span> <span class='ocrx_word' id='word_1_262' title='bbox 249 2118 402 2143; x_wconf 86' lang='lat' dir='ltr'><strong>causam</strong></span> <span class='ocrx_word' id='word_1_263' title='bbox 428 2107 586 2144; x_wconf 82' lang='lat' dir='ltr'><strong>reddere</strong></span> <span class='ocrx_word' id='word_1_264' title='bbox 611 2108 750 2144; x_wconf 87' lang='lat' dir='ltr'><strong>iterum</strong></span> <span class='ocrx_word' id='word_1_265' title='bbox 774 2109 828 2145; x_wconf 87' lang='lat' dir='ltr'><strong>H.</strong></span> <span class='ocrx_word' id='word_1_266' title='bbox 921 2113 942 2145; x_wconf 82' lang='lat'>5</span> <span class='ocrx_word' id='word_1_267' title='bbox 968 2076 1132 2166; x_wconf 46' lang='lat' dir='ltr'><strong>lissigare</strong></span> <span class='ocrx_word' id='word_1_268' title='bbox 1157 2116 1195 2145; x_wconf 98' lang='grc' dir='ltr'><strong><em>Β</em></strong></span> <span class='ocrx_word' id='word_1_269' title='bbox 1313 2113 1335 2146; x_wconf 89' lang='grc'>8</span> <span class='ocrx_word' id='word_1_270' title='bbox 1360 2108 1451 2145; x_wconf 89' lang='lat' dir='ltr'><strong>bibe</strong></span> <span class='ocrx_word' id='word_1_271' title='bbox 1477 2108 1527 2144; x_wconf 78' lang='lat' dir='ltr'><strong>si:</strong></span> 
     </span>
     <span class='ocr_line' id='line_1_34' title="bbox 147 2155 1481 2203; baseline 0.001 -12"><span class='ocrx_word' id='word_1_272' title='bbox 147 2155 257 2191; x_wconf 85' lang='lat' dir='ltr'><strong>bibes</strong></span> <span class='ocrx_word' id='word_1_273' title='bbox 276 2162 346 2191; x_wconf 84' lang='lat' dir='ltr'><strong>BV</strong></span> <span class='ocrx_word' id='word_1_274' title='bbox 438 2156 744 2203; x_wconf 88' lang='lat' dir='ltr'><strong>palpitatemque</strong></span> <span class='ocrx_word' id='word_1_275' title='bbox 763 2163 800 2192; x_wconf 89' lang='grc' dir='ltr'><strong><em>Β</em></strong></span> <span class='ocrx_word' id='word_1_276' title='bbox 892 2162 912 2192; x_wconf 89' lang='lat'>9</span> <span class='ocrx_word' id='word_1_277' title='bbox 939 2158 1054 2194; x_wconf 83' lang='lat' dir='ltr'><strong>clusis</strong></span> <span class='ocrx_word' id='word_1_278' title='bbox 1080 2166 1124 2202; x_wconf 70' lang='grc' dir='ltr'><strong>νβ</strong></span> <span class='ocrx_word' id='word_1_279' title='bbox 1223 2161 1268 2194; x_wconf 88' lang='grc'><strong>10</strong></span> <span class='ocrx_word' id='word_1_280' title='bbox 1295 2158 1327 2194; x_wconf 83' lang='lat' dir='ltr'><strong>si</strong></span> <span class='ocrx_word' id='word_1_281' title='bbox 1347 2157 1435 2195; x_wconf 81' lang='lat' dir='ltr'><strong>add.</strong></span> <span class='ocrx_word' id='word_1_282' title='bbox 1459 2165 1481 2192; x_wconf 73' lang='lat' dir='ltr'><strong>e</strong></span> 
     </span>
     <span class='ocr_line' id='line_1_35' title="bbox 149 2203 1529 2252; baseline 0.001 -13"><span class='ocrx_word' id='word_1_283' title='bbox 149 2203 373 2251; x_wconf 86' lang='lat' dir='ltr'><strong>stringerem</strong></span> <span class='ocrx_word' id='word_1_284' title='bbox 400 2210 442 2239; x_wconf 79' lang='lat' dir='ltr'><em>M</em></span> <span class='ocrx_word' id='word_1_285' title='bbox 540 2210 580 2240; x_wconf 87' lang='lat'><strong>11</strong></span> <span class='ocrx_word' id='word_1_286' title='bbox 614 2206 781 2241; x_wconf 81' lang='lat' dir='ltr'><strong>eniceres</strong></span> <span class='ocrx_word' id='word_1_287' title='bbox 806 2212 853 2250; x_wconf 86' lang='lat' dir='ltr'><strong>B,</strong></span> <span class='ocrx_word' id='word_1_288' title='bbox 879 2217 970 2242; x_wconf 81' lang='lat' dir='ltr'><strong>corr.</strong></span> <span class='ocrx_word' id='word_1_289' title='bbox 993 2214 1032 2251; x_wconf 70' lang='lat'><strong>⁶3</strong></span> <span class='ocrx_word' id='word_1_290' title='bbox 1065 2208 1210 2243; x_wconf 84' lang='lat' dir='ltr'><strong>niceres</strong></span> <span class='ocrx_word' id='word_1_291' title='bbox 1242 2213 1271 2242; x_wconf 79' lang='lat' dir='ltr'><em>V</em></span> <span class='ocrx_word' id='word_1_292' title='bbox 1371 2209 1415 2242; x_wconf 85' lang='lat'><strong>12</strong></span> <span class='ocrx_word' id='word_1_293' title='bbox 1440 2216 1529 2252; x_wconf 87' lang='lat' dir='ltr'><strong>pro-</strong></span> 
     </span>
     <span class='ocr_line' id='line_1_36' title="bbox 146 2252 1529 2299; baseline 0.002 -12"><span class='ocrx_word' id='word_1_294' title='bbox 146 2252 296 2298; x_wconf 86' lang='lat' dir='ltr'><strong>perenti</strong></span> <span class='ocrx_word' id='word_1_295' title='bbox 326 2259 355 2287; x_wconf 93' lang='lat' dir='ltr'><em>V</em></span> <span class='ocrx_word' id='word_1_296' title='bbox 488 2257 532 2288; x_wconf 84' lang='lat'><strong>13</strong></span> <span class='ocrx_word' id='word_1_297' title='bbox 566 2253 716 2289; x_wconf 88' lang='lat' dir='ltr'><strong>animae</strong></span> <span class='ocrx_word' id='word_1_298' title='bbox 746 2259 839 2299; x_wconf 83' lang='grc' dir='ltr'><strong>ΒΜ;</strong></span> <span class='ocrx_word' id='word_1_299' title='bbox 879 2254 1007 2289; x_wconf 86' lang='lat' dir='ltr'><strong>anima</strong></span> <span class='ocrx_word' id='word_1_300' title='bbox 1039 2264 1087 2298; x_wconf 62' lang='grc' dir='ltr'><strong>βα</strong></span> <span class='ocrx_word' id='word_1_301' title='bbox 1212 2253 1529 2290; x_wconf 83' lang='lat' dir='ltr'><strong>sollicitudinem-</strong></span> 
     </span>
     <span class='ocr_line' id='line_1_37' title="bbox 148 2301 1435 2350; baseline 0.002 -15"><span class='ocrx_word' id='word_1_302' title='bbox 148 2311 222 2346; x_wconf 90' lang='lat' dir='ltr'><strong>que</strong></span> <span class='ocrx_word' id='word_1_303' title='bbox 248 2302 336 2347; x_wconf 89' lang='lat' dir='ltr'><strong>(que</strong></span> <span class='ocrx_word' id='word_1_304' title='bbox 361 2303 404 2337; x_wconf 76' lang='lat' dir='ltr'><strong>in</strong></span> <span class='ocrx_word' id='word_1_305' title='bbox 428 2303 518 2347; x_wconf 81' lang='lat' dir='ltr'><strong>ras.)</strong></span> <span class='ocrx_word' id='word_1_306' title='bbox 539 2308 583 2337; x_wconf 81' lang='lat' dir='ltr'><em>M</em></span> <span class='ocrx_word' id='word_1_307' title='bbox 678 2305 722 2337; x_wconf 89' lang='lat'><strong>14</strong></span> <span class='ocrx_word' id='word_1_308' title='bbox 748 2301 840 2350; x_wconf 70' lang='lat' dir='ltr'><strong>illsse</strong></span> <span class='ocrx_word' id='word_1_309' title='bbox 865 2309 903 2337; x_wconf 93' lang='grc' dir='ltr'><strong><em>Β</em></strong></span> <span class='ocrx_word' id='word_1_310' title='bbox 1001 2307 1043 2338; x_wconf 82' lang='grc'><strong>15</strong></span> <span class='ocrx_word' id='word_1_311' title='bbox 1078 2305 1116 2339; x_wconf 89' lang='lat' dir='ltr'><strong>et</strong></span> <span class='ocrx_word' id='word_1_312' title='bbox 1140 2304 1185 2338; x_wconf 87' lang='lat' dir='ltr'><strong>ut</strong></span> <span class='ocrx_word' id='word_1_313' title='bbox 1208 2305 1371 2348; x_wconf 87' lang='lat' dir='ltr'><strong>utroque</strong></span> <span class='ocrx_word' id='word_1_314' title='bbox 1396 2308 1435 2338; x_wconf 87' lang='grc' dir='ltr'><strong><em>Β</em></strong></span> 
     </span>
    </p>

    <p class='ocr_par' dir='ltr' id='par_1_9' title="bbox 148 2349 1534 2443">
     <span class='ocr_line' id='line_1_38' title="bbox 149 2349 1534 2395; baseline 0.001 -11"><span class='ocrx_word' id='word_1_315' title='bbox 149 2352 194 2384; x_wconf 88' lang='lat'><strong>16</strong></span> <span class='ocrx_word' id='word_1_316' title='bbox 219 2350 378 2395; x_wconf 84' lang='lat' dir='ltr'><strong>potuero</strong></span> <span class='ocrx_word' id='word_1_317' title='bbox 403 2355 441 2384; x_wconf 85' lang='lat' dir='ltr'><em>B</em></span> <span class='ocrx_word' id='word_1_318' title='bbox 547 2350 686 2385; x_wconf 85' lang='lat' dir='ltr'><strong>vixerit</strong></span> <span class='ocrx_word' id='word_1_319' title='bbox 711 2356 761 2392; x_wconf 84' lang='lat' dir='ltr'><strong>M,</strong></span> <span class='ocrx_word' id='word_1_320' title='bbox 787 2349 847 2385; x_wconf 89' lang='lat' dir='ltr'><strong>vel</strong></span> <span class='ocrx_word' id='word_1_321' title='bbox 872 2350 1027 2387; x_wconf 83' lang='lat' dir='ltr'><strong>iusserit</strong></span> <span class='ocrx_word' id='word_1_322' title='bbox 1051 2366 1093 2386; x_wconf 86' lang='lat' dir='ltr'><strong>m</strong></span> <span class='ocrx_word' id='word_1_323' title='bbox 1206 2355 1250 2387; x_wconf 83' lang='lat'><strong>21</strong></span> <span class='ocrx_word' id='word_1_324' title='bbox 1278 2350 1463 2389; x_wconf 81' lang='lat' dir='ltr'><strong>abiecisse</strong></span> <span class='ocrx_word' id='word_1_325' title='bbox 1490 2355 1534 2385; x_wconf 70' lang='grc' dir='ltr'><em>Μ</em></span> 
     </span>
     <span class='ocr_line' id='line_1_39' title="bbox 148 2397 1476 2443; baseline 0.002 -11"><span class='ocrx_word' id='word_1_326' title='bbox 148 2401 193 2433; x_wconf 91' lang='grc'><strong>22</strong></span> <span class='ocrx_word' id='word_1_327' title='bbox 221 2397 252 2433; x_wconf 83' lang='lat' dir='ltr'><strong>si</strong></span> <span class='ocrx_word' id='word_1_328' title='bbox 277 2404 345 2443; x_wconf 56' lang='grc' dir='ltr'><strong>γη</strong></span> <span class='ocrx_word' id='word_1_329' title='bbox 373 2398 438 2433; x_wconf 89' lang='lat' dir='ltr'><strong>sed</strong></span> <span class='ocrx_word' id='word_1_330' title='bbox 467 2406 488 2432; x_wconf 77' lang='grc' dir='ltr'><strong><em>ς</em></strong></span> <span class='ocrx_word' id='word_1_331' title='bbox 587 2402 631 2434; x_wconf 89' lang='grc'><strong>23</strong></span> <span class='ocrx_word' id='word_1_332' title='bbox 657 2398 777 2434; x_wconf 83' lang='lat' dir='ltr'><strong>nostri</strong></span> <span class='ocrx_word' id='word_1_333' title='bbox 804 2410 870 2434; x_wconf 86' lang='lat' dir='ltr'><strong>om.</strong></span> <span class='ocrx_word' id='word_1_334' title='bbox 898 2406 927 2434; x_wconf 88' lang='lat' dir='ltr'><em>V</em></span> <span class='ocrx_word' id='word_1_335' title='bbox 1474 2400 1476 2403; x_wconf 78' lang='grc'><strong>’</strong></span> 
     </span>
    </p>
   </div>
  </div>
 </body>
</html>
