1638 2560
505 82 823 120 DECLAMATIO
847 81 919 118 ΧΠ
937 85 1093 118 26—28.
1401 80 1491 124 245

110 196 349 238 conderem?
408 211 543 238 meum
581 199 666 238 sine
704 197 950 238 conscientia
991 199 1120 236 urunt
1157 197 1339 235 animum
1381 197 1492 236 intus

109 259 304 299 scelerum
334 259 456 308 faces,
487 261 540 308 et,
571 260 759 310 quotiens
784 259 894 298 facta
919 259 1118 309 reputavi,
1150 257 1314 309 flagella
1344 258 1492 296 mentis

109 321 266 359 sonant.
316 319 481 359 ultrices
506 319 625 359 video
657 319 797 369 furias,
829 322 882 370 et,
913 319 957 358 in
984 331 1278 369 quamcumque
1310 331 1373 356 me
1398 330 1492 368 par-

108 382 192 419 tem
222 380 422 429 converti,
460 383 678 420 occurrunt
708 379 876 419 umbrae
911 392 1103 419 meorum.
1166 379 1328 418 habitat
1357 378 1492 418 nescio

72 457 90 484 5
109 453 214 492 quae
243 441 288 479 in
318 443 481 492 pectore
505 453 596 480 meo
626 453 771 493 poena,
803 442 844 479 et
868 453 918 479 ne
943 442 1074 479 morte
1100 440 1238 479 salum
1262 439 1335 479 hos
1360 442 1492 478 metus

109 500 312 555 effugiam,
342 504 543 552 occupant
573 503 717 554 gravia
749 501 859 552 apud
890 501 1039 540 inferos
1072 500 1285 551 supplicia,
1317 499 1493 540 volucris

106 564 199 601 rota
237 563 279 601 et
315 562 527 614 fugacibus
566 562 664 602 cibis
704 562 837 602 elusus
876 575 1005 602 senex.
1069 561 1168 600 adeo
1201 573 1251 599 ne
1290 560 1402 612 apud
1432 560 1493 599 in-

107 621 215 662 feros
240 622 404 674 quidem
434 623 520 662 ulla
550 635 682 674 poena
708 625 770 663 est
800 623 907 662 fame
939 622 1086 671 mai0r3
1119 625 1160 661 et
1190 622 1260 660 ille
1291 621 1391 660 haec
1421 634 1492 672 pa-

107 683 212 722 titur
248 684 322 734 qui
363 683 566 722 hominem
605 685 797 735 apposuit
834 683 1093 734 epulandum.
1154 682 1271 722 nobis
1311 682 1495 721 imminet

54 759 91 787 ιο
108 756 268 794 saxum,
304 744 421 784 nobis
458 745 637 784 stridunt
669 745 821 783 ferreae
859 747 1008 794 turres,
1046 743 1196 783 nostris
1229 744 1360 782 causis
1391 755 1495 781 urna

107 805 192 843 iam
223 806 351 854 stetit,
381 805 498 845 nobis
524 807 645 844 vivax
675 807 809 856 ipsum
836 806 979 844 crescit
1003 806 1126 854 iecur,
1158 805 1255 854 quia
1282 804 1370 842 illic
1396 815 1494 854 quo-

109 877 189 916 que
219 865 375 905 viscera
412 868 573 905 tantum
612 878 706 906 aves
744 865 914 904 laniant.
977 865 1184 916 excipiunt
1214 877 1288 904 nos
1318 866 1363 903 in
1401 877 1494 915 pro-

107 925 216 964 ximo
254 926 375 966 litore
411 927 647 966 inhumatae
685 929 934 966 nostrorum*
955 927 1125 965 animae.
1188 925 1380 965 miserum
1415 937 1493 974 me,

108 999 255 1026 verane
286 987 386 1026 haee
416 989 522 1036 sunt,
555 1000 606 1026 an
637 1000 750 1026 mens
782 985 959 1037 aspicit?
1020 987 1172 1026 laceros
1204 986 1321 1025 video
1354 998 1493 1025 manes

53 1063 89 1090 15
108 1048 150 1086 et
180 1049 345 1087 trancas
375 1048 560 1098 partibus
593 1049 674 1087 suis
706 1048 881 1087 umbras.
944 1047 1043 1098 quid
1073 1048 1150 1086 hoc
1181 1045 1269 1086 est?
1331 1059 1412 1086 non
1444 1046 1494 1085 de

107 1107 301 1159 sepulcris
332 1109 560 1161 insurgunt,
586 1121 667 1147 non
700 1109 837 1159 aliquo
868 1111 1068 1147 terrarum
1097 1108 1246 1147 haustu
1269 1107 1494 1158 procedunt

107 1168 274 1207 umbrae
298 1170 547 1208 nostrorum:
580 1169 628 1208 de
654 1169 805 1220 populo
831 1171 987 1208 exeunt.
1039 1169 1137 1208 illuc
1163 1168 1231 1214 ite,
1262 1168 1326 1207 illi
1352 1167 1493 1207 taedas

107 1228 320 1279 intendite,
350 1229 470 1268 illum
502 1230 700 1282 anguibus
733 1231 859 1281 petite
892 1231 933 1268 et
964 1232 1050 1268 tam
1082 1229 1228 1281 longae
1259 1241 1395 1268 morae
1428 1241 1491 1267 ex-

107 1289 207 1342 igite
238 1289 450 1330 rationem.
501 1290 615 1330 vobis
648 1290 775 1330 dicat:
809 1288 996 1342 ‘duplum
1023 1286 1173 1329 attulL'
1224 1289 1339 1329 vobis
1365 1289 1492 1328 dicat:

52 1365 90 1392 20
109 1346 179 1389 ‘ad
216 1350 322 1389 diem
359 1348 480 1390 veni?
545 1364 638 1403 ego,
683 1352 718 1390 si
757 1352 878 1390 huius
918 1364 1088 1402 poenam
1128 1350 1285 1400 videro,
1329 1363 1494 1401 possum

107 1410 274 1450 reddere
306 1412 517 1461 rationem,
550 1412 658 1462 quod
690 1413 783 1451 vixi.

208 1580 226 1611 1
254 1586 346 1611 sane
372 1584 394 1610 ς
486 1562 702 1611 urafiimum
726 1582 765 1611 Β
863 1579 883 1611 2
909 1578 1044 1622 reputo
1071 1582 1114 1610 ,11
1204 1579 1225 1610 3
1253 1585 1493 1621 quacumque

107 1630 146 1659 Β
216 1625 367 1670 partem
391 1634 451 1659 me
478 1630 505 1658 V
591 1635 652 1660 me
677 1636 746 1660 mn.
768 1633 788 1667 β
872 1626 1022 1670 patrem
1047 1631 1093 1667 Β,
1120 1635 1212 1660 corr.
1234 1631 1258 1658 ι
1357 1627 1379 1658 4
1406 1634 1494 1658 con·

107 1674 213 1708 verto
238 1679 266 1707 V
361 1676 383 1708 5
409 1683 486 1718 qua
510 1679 580 1707 BV
659 1674 840 1719 {pectore
866 1674 898 1718 (s
923 1677 987 1719 er.)
1008 1679 1051 1708 Μ
1133 1683 1219 1708 mea
1245 1681 1265 1715 β
1357 1671 1494 1707 saltem

108 1750 200 1787 Μβσ·
269 1748 290 1779 6
317 1749 403 1781 ante
429 1744 620 1791 supplicia
645 1757 718 1782 ras.
740 1747 889 1781 12—16
915 1745 983 1780 litt.
1006 1752 1049 1780 ,η
1122 1749 1141 1779 7
1168 1732 1366 1792 ίὶιςὲΐίϋοε
1386 1751 1424 1779 Β

109 1792 236 1829 clusus
263 1800 306 1828 M
401 1804 530 1829 senex:
558 1806 581 1828 x
607 1795 648 1829 in
673 1798 883 1830 correctura
909 1801 932 1828 b
1032 1794 1145 1829 adeo:
1178 1805 1255 1829 non
1280 1794 1403 1829 audeo
1429 1799 1500 1828 BV

109 1844 131 1876 9
158 1841 229 1877 hec
255 1842 421 1877 ominem
440 1848 492 1887 Β;
519 1843 559 1878 et
582 1841 776 1878 hominem
802 1849 830 1877 V
899 1843 1080 1888 apposuit
1098 1842 1172 1877 diis
1186 1841 1428 1888 epulandum
1455 1847 1499 1876 Μ

111 1893 156 1925 10
183 1890 346 1926 strident
371 1897 398 1925 V
502 1890 623 1926 nostri
648 1897 705 1934 Ββ
817 1894 860 1926 12
887 1890 1038 1926 laniant
1063 1902 1151 1928 aves
1177 1897 1205 1925 1·
1310 1901 1377 1926 ave
1404 1896 1450 1935 Β,
1477 1902 1494 1925 s

107 1970 256 2046 ,πμ-,(11)
367 1966 410 1998 13
437 1962 679 1999 inhumatum
706 1972 726 2006 β
831 1967 876 1998 14
902 1951 982 2000 mens
1008 1970 1045 1999 Β
1143 1966 1187 1999 15
1214 1966 1349 1999 tunoas
1375 1970 1402 1997 Γ

107 2018 338 2106 ἒὲἲῑύοθέςυ
347 2072 440 2095 num
458 2015 514 2096 1ch
530 2013 643 2106 ἓξὲξ
668 2018 715 2056 Β,
741 2011 1100 2096 ξὸωέἔέὲιξᾶἰὺξΙῗ-ΫΠ
1127 2021 1148 2047 ς
1181 2015 1420 2107 υῃὲ-ἰῖὶὶεῃῖἷι
1446 2011 1494 2046 de

111 2111 156 2144 19
182 2108 402 2155 duplum—
417 2108 520 2144 dicet
545 2120 612 2145 om.
639 2115 668 2143 V
756 2112 802 2144 20
827 2109 937 2144 video
965 2118 984 2152 β

204 2169 426 2215 subsc-raptio
451 2171 494 2205 m
518 2175 559 2228 ιζ
580 2169 676 2206 deest
710 2221 740 2225 —
757 2162 807 2205 Π.
828 2169 953 2205 FABI.
976 2159 1251 2213 QINTmANI
1277 2167 1494 2223 CADAVE:

108 2227 186 2265 ms
206 2229 357 2266 PASTI.
384 2229 569 2266 EXPLIC.
604 2229 735 2265 Ithp
761 2230 884 2266 APEs
910 2229 1152 2266 PAVPERIS
1180 2236 1207 2264 t*
1318 2227 1492 2264 EXPLIC

110 2288 388 2326 cADAUERIS
419 2290 570 2326 PASTI.
605 2280 700 2326 1’0112
725 2280 829 2327 ABG
861 2291 991 2337 (minio
1017 2292 1136 2337 picta)
1164 2296 1207 2325 n
1327 2288 1495 2335 Explicit

111 2338 306 2374 cadaveris
331 2339 434 2384 pasti
459 2339 602 2385 Incipit
626 2338 820 2386 gladiator
845 2346 882 2374 P
977 2338 1156 2375 Feliciter
1188 2338 1346 2384 explicit
1378 2337 1492 2374 cada-

109 2386 206 2422 veris
231 2387 344 2432 pasti.
384 2387 525 2433 Incipit
549 2387 744 2434 gladiator
770 2394 796 2422 s
