1638 2560
207 112 297 155 380
587 109 847 147 EXCERPTA
871 107 1203 145 MONAOENSIA.

301 226 378 266 Sed
410 239 535 264 unum
572 225 649 264 tibi
689 224 818 264 credis
856 235 1059 275 superesse
1097 235 1351 274 responsum:
1388 223 1443 263 ad
1478 223 1586 264 diem

205 288 311 326 veni.
357 288 461 326 state
486 287 563 336 hic,
595 285 758 335 iudices,
791 285 861 335 qui
891 285 967 324 hoc
991 285 1166 335 imperat
1195 284 1276 323 nisi
1306 297 1378 324 cur
1406 297 1488 324 non
1520 297 1585 324 ex-

208 347 487 398 spectavimus.
551 359 622 386 cur
652 346 802 385 famem
833 358 913 384 non
946 344 998 384 ad
1028 345 1294 384 constitutum
1325 343 1586 385 distulimus?

207 421 278 447 cur
316 407 368 446 ad
407 408 568 446 tantum
605 407 720 446 nefas
752 404 1018 446 accessimus?
1078 405 1122 444 in
1157 404 1234 445 hac
1270 405 1386 446 lance
1421 405 1586 458 publiea

205 464 386 520 (causa)
417 468 576 518 pendet.
640 480 662 506 o
694 467 864 515 iudices,
905 468 977 505 aut
1006 467 1084 506 iste
1115 465 1231 506 tarde
1261 466 1377 517 fecit,
1408 467 1482 506 aut
1511 478 1585 506 nos
1605 478 1624 507 5

207 530 297 568 cito.
331 524 362 580 †
393 528 463 568 sed
494 528 599 567 unde
628 529 681 578 te,
714 527 810 578 quid
835 539 907 566 nos
933 526 1096 578 ingente
1127 527 1234 566 fame
1265 526 1427 567 tardare
1459 527 1586 567 scelus

206 589 474 639 nequivimus,
506 589 592 639 ipse
626 589 760 628 autem
793 587 911 627 citius
936 587 1066 626 redire
1101 587 1247 638 potuit.
1308 587 1476 640 longum
1505 588 1587 628 ter-

207 650 362 688 minum
388 649 570 689 dedimus
596 650 645 699 ei,
676 662 726 688 ne
751 661 918 698 moram,
949 648 984 687 si
1009 648 1135 688 serius
1160 649 1348 699 venisset,
1379 649 1589 688 excusaret

209 711 375 761 propter
414 711 582 749 ventum
625 721 799 749 aversus.
863 722 953 748 cum
994 721 1089 760 ergo
1133 709 1424 760 prosperiorem
1465 721 1588 760 quam

210 770 469 821 sperabamus
495 771 662 810 ventum
680 770 835 819 habuit,
862 769 980 809 citius
999 769 1130 809 redire
1149 768 1298 809 debuit.
1349 769 1588 810 felicitatem
1608 781 1638 810 m

208 831 388 870 nostram
421 833 461 870 et
484 843 632 870 munus
664 830 829 870 deorum
854 829 1078 881 perdidisti.
1139 831 1318 881 imputas
1349 829 1465 870 nobis
1494 843 1589 882 pro-

208 891 331 942 pitios
374 893 516 930 ventos
561 892 601 930 et
650 891 867 930 secundum
911 903 1021 929 mare
1065 892 1106 930 et
1149 890 1328 931 civitatis
1372 890 1588 941 opulentae

208 951 496 991 liberalitatem
549 964 650 1002 quae
700 953 860 990 tantum
910 951 1103 991 frumenti
1159 951 1342 991 vendidit
1392 953 1589 1002 quantum

210 1011 364 1051 duobus
405 1012 566 1063 populis
610 1013 708 1052 satis
750 1014 863 1052 esset.
927 1012 997 1052 sed
1038 1025 1131 1052 cum
1171 1012 1219 1052 de
1259 1012 1475 1052 velocitate
1516 1013 1589 1051 tua

210 1073 413 1124 gloriaris,
444 1072 606 1111 tardum
637 1073 812 1112 reditum
850 1073 901 1112 ad
932 1085 1005 1112 nos
1043 1073 1233 1124 exprimis
1271 1074 1393 1124 atque
1425 1074 1586 1124 sponta-
1608 1084 1638 1113 ιε

209 1146 338 1172 neum.
402 1145 482 1172 non
515 1135 619 1182 erat,
657 1133 825 1183 iudices,
866 1133 1013 1184 ubique
1051 1133 1300 1173 morandum.
1364 1146 1458 1186 ergo
1491 1133 1587 1173 civi-

212 1194 338 1232 tatem
362 1195 542 1232 nostram
574 1194 686 1233 cuius
719 1194 841 1234 solius
875 1196 962 1233 erat
986 1194 1158 1247 legatus,
1189 1194 1297 1234 ultro
1328 1194 1516 1245 perdidit,
1549 1195 1590 1234 et

210 1253 294 1293 sine
327 1266 447 1293 causa
484 1256 709 1293 monstrum
748 1267 820 1294 nos
860 1255 1025 1294 effecisti
1065 1255 1246 1295 saeculis.
1308 1255 1499 1295 videlicet
1529 1266 1588 1294 se-

210 1314 350 1364 pulcra
374 1314 582 1353 hominum
607 1317 870 1365 mortuorum,
902 1316 998 1354 dum
1023 1317 1182 1356 nostros
1208 1315 1386 1355 famelici
1417 1315 1590 1355 comedi-

211 1387 317 1424 mus,
360 1376 400 1413 et
430 1374 549 1414 fidem
587 1375 718 1415 fecisti
756 1375 920 1426 fabulis,
962 1378 1009 1415 ut
1049 1378 1196 1416 cuncta
1237 1389 1339 1427 quae
1370 1375 1589 1429 finguntur,
1608 1387 1638 1416 ει

211 1448 305 1474 vera
347 1447 429 1474 esse
472 1435 658 1474 credatur
697 1449 831 1487 posse,
876 1436 972 1476 dum
1018 1438 1171 1476 sciatur
1213 1438 1300 1476 tam
1341 1436 1589 1477 incredibilis

213 1496 423 1535 calamitas
462 1496 651 1535 evenisse.
714 1497 844 1536 omnis
883 1497 1125 1537 infortunati
1162 1497 1313 1537 solacia
1351 1497 1446 1537 hinc
1476 1497 1589 1548 pote-

211 1558 305 1594 rant
342 1557 382 1594 et
423 1556 588 1595 audient
629 1557 903 1597 calamitatem
944 1558 1313 1609 incomparabilem.
1375 1558 1489 1597 nulla
1528 1559 1591 1598 est

214 1615 312 1654 adeo
343 1616 503 1655 rabiosa
534 1616 653 1655 belua
679 1619 743 1656 cui
767 1631 848 1657 non
873 1619 1008 1671 imago
1034 1631 1107 1659 sua
1133 1620 1274 1659 sancta
1305 1619 1371 1670 sit,
1401 1620 1443 1658 et
1473 1631 1589 1658 omne

213 1676 365 1714 animal
396 1676 532 1728 diligit
570 1677 647 1716 sibi
679 1679 819 1717 simile.
882 1679 1079 1730 pluraque
1117 1679 1242 1719 etiam
1276 1679 1481 1729 animalia,
1513 1678 1590 1718 etsi
1608 1691 1638 1719 25

213 1736 433 1788 mordeant,
459 1739 595 1776 tamen
614 1738 772 1777 laniatu
798 1738 1012 1779 abstinent.
1069 1753 1142 1780 nos
1169 1742 1306 1780 autem
1331 1752 1430 1790 quos
1450 1739 1591 1779 divina

212 1796 467 1847 providentia
491 1811 563 1847 per
587 1800 775 1838 naturam
801 1812 923 1850 supra
947 1801 1097 1840 bestias
1127 1801 1404 1851 constituerat,
1433 1800 1591 1852 redegit

212 1857 318 1895 infra
343 1857 492 1907 beluas,
519 1858 614 1896 dum
641 1860 824 1899 carnibus
844 1861 1111 1900 humanorum
1137 1861 1390 1912 cadaverum,
1414 1860 1591 1900 filiorum

217 1918 340 1956 etiam
365 1918 694 1969 propinquorum,
719 1920 932 1971 pascimur.
988 1924 1106 1972 pater
1132 1921 1261 1961 filium
1287 1921 1471 1972 comedit,
1496 1933 1590 1960 mox

216 1979 358 2016 natum
388 1979 587 2018 infantem
619 1979 786 2019 devorat
823 1984 968 2032 mater,
1008 1984 1048 2021 et
1077 1982 1184 2022 redit
1220 1983 1263 2021 in
1294 1984 1456 2022 uterum
1485 1981 1589 2021 lace·
1609 1993 1638 2021 a<

212 2039 325 2076 ratus
357 2039 502 2078 infans.
566 2039 722 2080 dehisce
754 2038 941 2095 terra[m]
977 2044 1017 2081 et
1042 2043 1146 2083 hanc
1177 2044 1339 2083 noxiam
1370 2042 1591 2092 civitatem,

213 2097 264 2137 ad
305 2097 454 2138 inferos
495 2112 584 2138 eam
624 2101 758 2151 trahe,
799 2102 834 2141 si
874 2103 1072 2153 quomodo
1111 2104 1238 2143 scelus
1279 2104 1355 2143 hoc
1395 2103 1589 2155 expietur,

213 2158 403 2197 caelestes
424 2171 541 2198 auras
563 2162 836 2201 contaminato
863 2164 1009 2213 spiritu
1027 2164 1248 2214 polluimus
1268 2166 1309 2203 et
1327 2163 1523 2203 sideribus
1543 2175 1591 2202 ac

213 2215 356 2271 dei<s>
370 2232 511 2271 graves
525 2221 723 2260 invidiam
737 2223 894 2262 saeculo
909 2224 1089 2263 facimus.
1124 2237 1202 2274 quo
1216 2224 1416 2276 fugiemus
1426 2221 1590 2263 miseri?

212 2280 337 2318 urunt
369 2280 540 2329 animos,
578 2284 754 2333 arguunt
784 2283 893 2322 intus
927 2284 1213 2324 conscientiam
1245 2285 1441 2325 scelerum
1470 2285 1588 2324 faces.
1609 2295 1638 2324 aa

310 2410 330 2442 9
357 2418 409 2444 an
435 2406 664 2443 adversum?
761 2413 806 2445 31
832 2409 1002 2446 noxiam:
1029 2411 1197 2447 noctium
1223 2417 1266 2447 Μ
