1638 2560
432 108 846 146 DECLAMATIONES
871 109 952 145 XII.
978 109 1075 145 xm.
1351 110 1441 152 413

65 239 148 266 non
187 226 309 278 pauci
343 227 509 265 restant.
569 224 611 265 0.
637 224 863 274 considera,
908 224 1058 275 quales.
1115 226 1187 263 aut
1230 226 1443 276 exsanguis

65 289 139 326 aut
169 287 285 326 satur
320 287 392 326 est.
448 298 585 325 omnes
617 286 770 337 gratias
808 287 880 323 aut
916 284 1032 324 nobis
1063 286 1341 336 imprecantur
1372 287 1443 323 aut

65 359 147 387 non
172 346 349 387 credunt.
405 346 551 385 ultima
576 348 665 385 erat
696 346 875 385 defensio
901 358 1022 396 quam
1047 346 1113 385 hic
1139 345 1282 385 aufert.
1332 345 1443 384 vide-

66 407 211 447 bamur
250 408 335 447 eius
376 419 498 458 opera
537 407 714 457 impulsi.
775 407 811 445 si
849 406 915 445 hic
954 408 1146 446 innocens
1188 408 1265 455 est,
1305 408 1445 445 nostra

31 482 48 509 5
66 469 187 519 eulpa
227 470 298 508 est.
354 468 405 507 L.
436 468 585 519 fateor,
626 468 729 506 mori
769 468 910 506 merui.
973 467 1154 507 occidite.
1217 467 1260 507 0.
1287 469 1329 506 at
1369 467 1444 506 hoc

66 529 170 568 mihi
199 529 349 580 optavi.
406 529 455 567 L.
482 528 646 568 laniate.
705 527 747 567 0.
774 530 819 567 at
849 528 924 568 hoc
954 528 1054 567 meis
1091 527 1178 567 feci.
1235 528 1286 566 L.
1313 528 1444 566 maius

66 591 200 640 reperi
236 591 309 628 aut
345 589 519 628 absolve.
579 588 620 628 G.
649 588 747 638 quid
783 601 922 640 agam,
960 588 1130 639 iudices,
1171 589 1316 627 nescio.
1373 601 1444 628 nec

66 651 201 690 vivere
232 649 351 689 debet
380 662 453 689 nec
485 649 537 689 ad
567 652 736 689 mortem
768 650 867 688 satis
898 649 1026 688 bonus
1058 652 1129 689 est.

500 806 611 846 XIII.
649 807 761 846 Apes
793 818 1008 846 PAvaus.

15 907 50 934 10
68 892 220 932 Damni
249 892 400 931 iniuria
424 891 512 931 dati
536 891 591 931 sit
610 893 726 931 actio.
784 904 938 942 pauper
964 893 1004 930 et
1029 890 1140 930 dives
1166 890 1292 930 vicini
1319 893 1444 929 erant.

129 951 251 992 diviti
279 954 323 992 in
353 952 470 992 horto
502 952 637 1002 flores,
674 953 844 1004 pauperi
876 965 982 1003 apes.
1040 953 1204 1002 questus
1241 953 1303 991 est
1333 951 1445 990 dives

129 1014 299 1066 pauperi
334 1013 451 1052 flores
493 1012 662 1063 decerpi.
719 1013 951 1062 denuntiat,
992 1015 1039 1051 ut
1079 1025 1175 1064 apes
1215 1013 1445 1051 transferat.

128 1074 202 1113 1110
233 1087 314 1114 11011
343 1074 628 1123 transferente,
668 1073 785 1113 fiores
817 1086 909 1113 suos
940 1086 1094 1112 veneno
1125 1074 1293 1125 spargit.
1351 1085 1446 1123 apes

130 1136 308 1191 pereunt.
366 1137 578 1174 accusatur
608 1134 719 1174 dives
752 1134 889 1173 damni
920 1134 1068 1172 iniuria
1099 1134 1218 1173 illati.

16 1271 50 1298 15
160 1256 330 1305 Pauper.
386 1255 429 1294 id
459 1257 652 1306 primum,
690 1255 859 1304 iudices,
897 1255 1104 1305 deprecor,
1142 1268 1190 1293 ne
1222 1254 1447 1294 taediosum

71 1316 185 1356 vobis
204 1315 392 1355 videatur
410 1316 519 1366 quod
545 1316 715 1355 divitem
733 1328 888 1366 pauper
914 1328 1001 1367 ago.
1058 1328 1139 1354 non
1159 1316 1266 1354 enim
1285 1315 1449 1354 vivendi

70 1389 235 1417 causam
267 1376 403 1426 video,
435 1376 487 1426 si,
525 1389 616 1416 cum
647 1376 839 1415 habemus
879 1375 1052 1427 aliquid,
1083 1375 1341 1428 migrandum
1376 1378 1448 1425 est,

70 1450 163 1477 cum
181 1436 439 1488 perdidimus,
451 1437 676 1476 tacendum.
728 1436 1060 1487 apesmihidives
1080 1436 1261 1475 abstulit.
1312 1437 1446 1475 Dives.

72 1498 179 1549 quod
217 1510 246 1536 a
279 1511 342 1536 me
384 1498 529 1549 exigis,
570 1498 676 1536 fame
717 1499 847 1548 perire
888 1497 1033 1548 potuit.
1090 1497 1134 1535 P.
1162 1498 1279 1547 atqui
1320 1497 1448 1536 adhuc

18 1573 54 1599 20
72 1558 253 1598 alvearia
277 1559 426 1597 referta
451 1560 556 1597 sunt.
606 1559 658 1597 D.
678 1558 808 1597 hieme
835 1558 1009 1596 afflictae
1035 1557 1209 1596 fuerunt.
1267 1558 1312 1596 P.
1333 1557 1448 1596 sslam

71 1619 156 1658 iam
179 1620 436 1658 transierant.
492 1631 584 1658 vere
603 1618 838 1658 interfectae
858 1621 962 1658 sunt.
1020 1619 1072 1658 D.
1094 1631 1118 1657 a
1143 1618 1282 1657 morbo
1307 1631 1448 1669 repen-

71 1680 160 1719 tino
195 1679 358 1719 invasae
399 1680 503 1718 sunt.
559 1680 604 1717 P.
631 1692 790 1729 nempe,
831 1693 922 1719 cum
959 1679 1066 1718 enim
1104 1691 1224 1718 sanae
1263 1680 1448 1728 exissent,

72 1741 116 1778 in
146 1740 264 1779 horto
295 1742 366 1779 tuo
398 1752 505 1779 mors
537 1739 593 1779 eis
619 1742 764 1790 parata
795 1741 866 1779 est.
924 1741 969 1778 tu
1001 1739 1117 1778 flores
1149 1740 1338 1779 tinxeras.
1395 1740 1447 1778 D.

72 1813 204 1840 nonne
245 1801 363 1840 licuit
402 1800 502 1838 mihi
540 1800 657 1839 flores
698 1812 806 1839 meos
851 1800 900 1839 ad
942 1800 1105 1839 libitum
1144 1799 1347 1840 tractare?
1403 1801 1447 1838 P.

20 1875 54 1902 25
74 1873 188 1911 sane,
236 1861 435 1911 siquidem
476 1860 637 1899 libitum
688 1862 773 1900 sine
813 1862 964 1899 iniuria
1004 1861 1067 1900 sit.
1134 1860 1273 1900 damni
1314 1863 1449 1900 autem

173 2040 193 2072 2
219 2036 364 2084 gratias
390 2037 471 2072 aut:
501 2047 589 2083 ergo
617 2047 639 2072 a
671 2042 732 2072 VB
810 2041 831 2072 3
857 2036 1078 2072 videbamus
1107 2043 1211 2073 RVB
1288 2041 1309 2072 6
1337 2037 1447 2072 meis:

75 2097 176 2121 mors
207 2091 247 2129 ἢ
272 2084 459 2120 mortibus
485 2086 560 2120 Bu.

173 2173 195 2204 9
222 2180 312 2215 apes
338 2170 516 2215 pauperis
542 2143 594 2205 {¹1
618 2169 679 2205 lex
706 2176 742 2205 Ρ
881 2173 924 2205 10
951 2169 1080 2205 damni
1102 2192 1145 2196 —
1165 2170 1266 2205 actio
1292 2181 1359 2206 om.
1393 2176 1453 2204 VB

78 2221 123 2254 16
149 2229 222 2264 ago
249 2228 354 2253 reum
385 2218 598 2254 dubitanter
622 2218 669 2253 H
690 2220 795 2265 (Bu.)
919 2229 989 2265 ego
1015 2218 1117 2254 enim
1148 2225 1223 2262 VB3
1256 2222 1450 2263 utrumque

76 2277 144 2303 om.
173 2272 211 2302 Β
309 2269 353 2301 17
381 2266 479 2301 sicut
509 2273 571 2301 VB
664 2266 901 2302 moriendum
921 2273 959 2302 P
1054 2270 1098 2302 19
1124 2271 1210 2302 ante
1236 2267 1337 2312 quod
1363 2267 1448 2302 add.

80 2320 131 2350 n:
158 2314 229 2350 hac
255 2315 402 2350 ratione
429 2325 450 2349 a
475 2314 582 2350 vobis
609 2315 779 2350 obtinere
805 2315 940 2359 habeo,
965 2327 1001 2361 p.
1023 2327 1066 2360 c.,
1092 2327 1139 2350 ne
1162 2315 1315 2350 miseria
1342 2326 1450 2350 accu-

76 2363 216 2399 satoris
242 2363 387 2399 animos
408 2363 575 2399 iudicum
594 2363 744 2400 flectere
764 2363 915 2406 habeat,
941 2374 1010 2399 nec
1034 2364 1270 2399 fortunarum
1297 2363 1363 2398 fiat
1389 2374 1451 2398 ex-

77 2411 235 2447 cusatio.
280 2422 359 2447 rem
386 2422 461 2447 non
487 2411 678 2447 hominem
703 2414 875 2458 spectare
902 2414 1008 2458 optet
