1638 2560
210 131 299 174 274
739 127 840 163 ODII
864 125 1009 162 POTIO
1034 126 1052 161 1

211 247 341 286 factus
369 257 457 283 cum
482 245 565 282 iam
591 255 678 282 sum
705 243 820 292 alius,
850 241 1004 291 infeliX‚
1034 241 1116 279 alia
1140 238 1329 290 patiens?
1378 239 1586 291 decipiunt

212 319 283 346 vos
314 318 447 344 rerum
478 304 706 353 falluntque
736 303 911 342 nomina.
962 303 1003 340 et
1033 301 1102 340 ille
1135 301 1205 351 qui
1237 300 1336 351 odit,
1368 300 1416 339 de
1448 312 1585 339 amore

213 368 334 406 miser
365 366 435 404 est.
497 357 578 403 non
609 364 734 403 refert
765 363 891 401 animi
923 362 1021 412 quid
1050 362 1222 400 nimium
1253 361 1371 411 velis,
1407 362 1449 400 et
1478 361 1586 400 inter

214 427 429 467 sanitatem
466 425 779 476 languoremque
811 423 914 462 nihil
945 423 1131 472 interest,
1169 422 1204 461 si
1234 422 1450 472 utrumque
1481 421 1586 460 ferre

213 500 293 526 non
318 486 456 537 possis.
507 485 658 523 frustra
682 484 782 522 mihi
803 484 1016 534 quisquam
1042 482 1250 521 blanditur
1270 481 1447 521 remedio
1473 482 1585 522 cuius

213 547 349 598 patior
379 547 592 594 tormenta,
625 545 834 583 cruciatus.
898 543 1011 582 aliud
1049 544 1127 592 est,
1164 544 1211 581 ut
1249 555 1384 582 amare
1416 542 1587 592 desinas,

216 606 338 656 aliud,
375 607 422 645 ut
453 606 593 646 oderis„
656 605 863 644 recessisse
898 616 1003 643 nunc
1040 617 1103 642 me
1140 604 1302 642 tantum
1339 603 1495 654 putatis
1535 601 1586 642 ab

217 680 350 707 amore
387 663 637 705 meretricis?
698 665 857 704 ablatus
896 666 957 704 est
992 664 1095 702 mihi
1131 664 1201 703 isse
1238 663 1413 703 hominis
1444 663 1589 702 melior

216 727 407 776 adfectus,
438 726 596 778 perdidi
627 727 748 765 miser
780 724 972 776 quicquid
1004 726 1076 774 est,
1111 724 1216 763 unde
1247 724 1451 776 gaudium,
1481 723 1588 763 unde

215 789 328 827 venit
357 789 466 826 vitae
498 788 587 826 tota
617 787 787 825 laetitia.
839 798 952 824 amor
982 785 1064 835 ille,
1096 798 1167 836 per
1200 797 1320 835 quem
1350 797 1486 824 rerum
1517 797 1588 823 na-

215 851 331 888 turae
376 860 490 887 sacra
532 847 754 898 primordia
793 847 999 896 totiusque
1036 845 1178 885 mundi
1215 845 1413 885 elementa
1456 857 1587 884 creve-

216 910 328 958 runt,
373 909 443 958 qui
485 910 597 946 tenet
633 920 738 946 nunc
781 906 950 958 figitque
992 907 1170 945 rixantia
1211 907 1253 945 et
1290 906 1339 945 de
1376 906 1589 945 contrariis

218 969 618 1020 depugnantibusque
662 967 878 1007 seminibus
928 967 1075 1006 molem
1123 967 1342 1017 perpetuae
1386 967 1590 1006 societatis

217 1029 426 1078 animavit,
458 1029 621 1080 fugatus
654 1029 893 1078 eiectusque.
943 1041 1025 1066 non
1055 1026 1183 1066 habeo
1215 1026 1356 1066 infeh‘x
1387 1026 1590 1066 adfectum

219 1103 296 1140 quo
329 1089 567 1139 quandoque
598 1090 749 1139 possim
781 1088 923 1127 ducere
955 1101 1132 1137 uxorem,
1165 1100 1300 1127 amare
1330 1087 1489 1137 liberos,
1522 1101 1590 1139 ap-

217 1151 352 1202 petere
385 1150 597 1198 amicitias,
629 1162 788 1200 sperare
820 1150 1037 1188 convictus.
1089 1149 1271 1199 quisquis
1304 1148 1388 1187 odii
1418 1147 1591 1187 medica-

217 1212 397 1250 mentum
422 1210 579 1259 biberit,
605 1223 729 1248 unum
760 1209 942 1249 fortassis
969 1209 1111 1259 oderit,
1136 1208 1206 1249 sed
1232 1221 1367 1248 amare
1391 1209 1592 1247 neminem

219 1272 362 1322 potest.
426 1270 484 1309 dii
514 1270 778 1309 immortales!
812 1270 909 1320 quid
941 1283 1014 1322 ego
1045 1267 1191 1309 hausi?
1224 1270 1341 1319 quale
1373 1267 1592 1309 visceribus

220 1332 330 1370 virus
362 1331 563 1382 ingestum
596 1329 683 1370 est‘?
743 1343 823 1369 non
854 1331 934 1369 fuit
963 1331 1068 1369 illud
1100 1344 1224 1369 unum
1255 1343 1470 1370 venenum:
1507 1329 1593 1368 bibi

220 1393 341 1431 miser
379 1392 640 1430 execrationis
673 1391 864 1442 quicquid
901 1392 1027 1430 totius
1058 1391 1324 1430 mortalitatis
1359 1391 1422 1429 ira
1454 1390 1591 1429 contu-

221 1453 336 1501 lerat‚
361 1451 469 1502 quod
495 1453 581 1490 erat
606 1453 784 1490 omnium
809 1452 997 1501 ferarum,
1023 1452 1202 1490 omnium
1228 1451 1475 1502 serpentium
1500 1463 1592 1490 con-

224 1514 336 1564 gesta
379 1511 520 1551 rabies.
584 1511 667 1550 odii
710 1511 1047 1551 medicamentum
1085 1511 1182 1562 quid
1226 1511 1337 1551 aliud
1375 1513 1435 1551 est
1472 1524 1594 1561 quam

224 1572 412 1612 adsiduus
446 1573 570 1611 animi
600 1572 725 1622 labor,
757 1574 952 1623 perpetua
982 1573 1153 1611 tristitia
1179 1573 1220 1611 et
1243 1573 1363 1611 homo
1390 1571 1440 1611 ab
1467 1572 1594 1610 omni-

222 1632 295 1672 bus
328 1631 485 1684 gaudiis
517 1633 559 1670 in
592 1633 896 1671 contubernium
926 1633 1076 1672 doloris
1109 1631 1335 1672 adductus?
1396 1631 1484 1671 fieri
1514 1644 1593 1671 non

223 1694 373 1743 potest,
410 1695 456 1731 ut
487 1694 596 1731 virus
628 1694 713 1732 tam
750 1694 936 1744 inpotens
975 1694 1097 1733 semel
1128 1695 1171 1732 in
1203 1694 1358 1733 viscera
1388 1694 1594 1744 receptum

323 1871 341 1903 1
369 1867 445 1902 iam
471 1879 537 1904 om.
560 1874 610 1912 Μ,
635 1880 735 1914 supr.
756 1883 798 1903 m
871 1869 1007 1914 patens
1027 1875 1106 1904 ΒΜ
1178 1873 1198 1904 2
1223 1879 1292 1905 nos
1314 1876 1335 1903 ς
1408 1867 1475 1915 qui
1494 1867 1594 1904 odit:

226 1915 328 1962 quod
353 1915 393 1950 id
421 1915 458 1962 (d
484 1927 528 1952 em
553 1918 583 1962 t)
602 1922 639 1951 B
712 1917 758 1952 de
784 1928 851 1953 om.
873 1923 915 1952 M
987 1928 1152 1953 amorem
1170 1923 1208 1952 B
1280 1920 1301 1951 3
1329 1916 1506 1952 misertus
1530 1922 1602 1951 BV

224 1968 247 1999 4
278 1963 420 1999 sermm
445 1970 482 1999 Β
602 1968 621 1999 7
649 1965 798 2000 tantum
824 1976 892 2002 om.
920 1972 947 1999 V
1065 1969 1109 2000 10
1140 1966 1317 2001 naturae:
1347 1976 1440 2001 nare
1464 1971 1503 2000 Β

227 2015 270 2047 12
296 2013 428 2047 tenent
452 2018 521 2047 BV
613 2013 714 2048 hunc
740 2022 793 2047 ασ
888 2014 1067 2049 contariis
1092 2020 1138 2058 Β,
1163 2026 1183 2050 1·
1206 2026 1308 2060 supr.
1329 2021 1352 2048 b
1452 2016 1496 2048 13
1523 2023 1597 2059 que

225 2061 268 2096 in
288 2072 361 2097 ras.
384 2067 425 2095 Μ
510 2065 554 2096 14
582 2061 742 2096 armavit
765 2067 845 2096 ΒΜ
867 2061 940 2108 (vel
965 2062 1149 2098 animavit
1172 2073 1274 2107 supr.
1294 2063 1351 2108 m)
1436 2061 1598 2098 eiectus-

227 2120 300 2154 que
332 2109 390 2144 est
421 2117 442 2143 ς
574 2113 617 2144 15
653 2120 803 2155 quoque
835 2111 1062 2156 quandoque
1094 2117 1132 2146 Β
1253 2113 1297 2146 17
1330 2121 1446 2146 unam
1478 2116 1507 2144 V

228 2161 272 2193 18
300 2157 383 2192 ausi
407 2163 444 2192 Β
536 2160 578 2192 19
604 2157 798 2204 ingustum
823 2164 868 2202 Β,
894 2170 985 2195 corr.
1007 2166 1030 2193 ὁ
1123 2162 1168 2195 20
1195 2158 1480 2195 exsecrationis:
1506 2169 1531 2192 x
1555 2157 1599 2194 im

226 2241 299 2266 ras.
326 2235 366 2274 η
399 2215 603 2265 εκθῗὲᾐίοῃίε
630 2236 671 2264 Μ
815 2230 1083 2266 amortalitatis
1109 2237 1179 2266 BV
1319 2230 1376 2266 ira
1402 2231 1458 2267 bis
1482 2239 1502 2273 β

228 2281 271 2313 21
305 2277 472 2313 omnium
502 2277 667 2313 ferarum
697 2279 845 2324 scripsi3
878 2279 1046 2314 omnium
1071 2279 1236 2315 furorem
1261 2285 1313 2324 B;
1346 2278 1515 2315 omnium
1538 2277 1597 2313 fu-

226 2337 352 2361 rorum
377 2332 477 2370 νΜβς
505 2326 671 2361 omnium
692 2326 916 2362 animalium
935 2327 1099 2363 ferorum
1120 2336 1160 2373 ας
1187 2328 1355 2363 omnium
1375 2325 1599 2362 animalium

228 2374 332 2410 furor
358 2382 395 2418 ςς
425 2374 592 2409 omnium
618 2374 722 2410 furor
747 2375 911 2410 ferarum
937 2375 1041 2412 Dess.
1166 2380 1211 2411 22
1244 2387 1359 2421 quam
1385 2387 1452 2412 om.
1479 2381 1508 2410 V

1607 800 1638 827 10

1610 1102 1638 1129 15

1613 1404 1638 1431 2(

1613 1706 1638 1733 21

229 2426 274 2458 23
299 2422 423 2458 labor:
451 2422 558 2459 dolor
582 2430 615 2458 J
703 2435 786 2459 omo
812 2430 849 2459 Β
946 2427 990 2459 25
1015 2425 1144 2460 tamen
1170 2430 1208 2459 Β
1299 2423 1506 2459 visceribus
1532 2431 1552 2466 β
1615 2432 1636 2442 ··
