1638 2560
188 106 276 149 240
614 104 957 141 CADAVERIBVS
983 104 1126 140 PASTI

188 221 301 260 dacio
343 221 529 259 civitatis.
594 233 672 270 quo
714 220 859 258 damno
900 219 1047 269 probas
1087 218 1401 270 tempestatem?
1463 220 1561 271 quid

189 279 386 320 amisisti?
446 281 692 319 frumentum
730 282 834 319 certe
871 281 1005 319 totum
1041 280 1154 319 venit
1189 280 1233 318 in
1269 282 1450 331 portum,
1487 293 1561 320 nec

188 341 392 380 laborasti.
460 342 655 392 tanquam
704 341 874 379 nimium
918 342 1082 379 onustas
1126 353 1249 380 naves
1294 341 1561 392 simulaveris,

188 402 356 451 duplum
388 401 543 440 adferre
574 402 773 451 poterant.
836 413 917 440 non
948 402 1095 440 vexata
1133 403 1384 441 armamenta
1421 402 1561 441 turba-

187 464 327 512 tosque
364 461 477 500 funes
516 463 587 500 aut
625 462 766 500 scissos
805 462 986 500 velorum
1030 462 1140 500 sinus
1179 463 1375 512 quereris:
1420 462 1559 503 classis
1598 479 1615 506 5

188 522 325 561 statim
345 522 442 560 exiit
462 524 512 570 et,
533 522 640 572 quod
659 535 850 573 magnum
869 522 1049 574 integrae
1070 522 1230 574 signum
1250 524 1321 573 est,
1343 523 1424 562 cito
1443 523 1560 562 redit.

277 582 401 621 Porro
440 583 657 632 tempestas
695 582 738 620 in
769 596 896 621 unum
929 582 1076 634 agebat
1107 583 1318 635 angulum,
1357 583 1459 622 nihil
1489 596 1560 635 po-

186 644 350 681 tuerunt
382 642 592 692 obliquata
622 643 713 681 vela
745 642 962 682 deflectere.
1026 656 1106 682 non
1137 645 1254 694 potes
1284 644 1394 683 ultra
1422 656 1560 696 proce-

187 703 296 741 dere:
330 703 430 741 citra
457 703 628 753 applica.
680 703 807 755 effuge
832 705 1027 754 raptores,
1054 704 1182 756 effuge
1206 717 1289 744 non
1314 704 1559 744 dimissuros.

187 764 222 801 si
247 763 357 801 aliud
388 762 475 802 fieri
500 776 580 802 non
605 765 750 814 potest,
783 777 874 803 cum
899 765 1139 814 tempestate
1166 764 1315 815 decide,
1346 765 1561 818 naufragio
1581 781 1616 809 10

186 824 229 861 in
255 823 455 862 desertum
480 824 577 862 litus
602 825 779 876 inpinge.
832 824 931 875 quid
957 825 1137 864 devitata
1162 825 1339 876 procella
1369 824 1562 877 prodest?
1607 874 1614 881 .

187 883 284 934 quid
321 883 518 922 subducta
558 884 729 923 nubibus
770 885 889 924 nimis
930 884 1097 925 elassis?
1156 887 1199 924 in
1237 889 1359 937 portu
1399 887 1562 926 naufra-

188 943 299 995 gium
330 944 495 983 fecimus
529 946 569 983 et
599 945 847 984 frumentum
880 946 930 984 ad
963 959 1129 986 ancoras
1160 946 1422 998 perdidimus.

279 1000 382 1056 ‘Ego
414 1002 538 1054 vero',
569 1006 714 1056 inquit,
747 1002 897 1056 ‘attuli,
930 1009 970 1045 et
1002 1006 1164 1057 quidem
1195 1004 1390 1059 duplum.'
1435 1020 1458 1047 o
1490 1019 1562 1046 nos

187 1064 334 1114 felices,
365 1078 598 1115 rumpamus
624 1067 838 1105 saturitate
863 1067 1109 1117 praecordia,
1141 1080 1355 1118 pascamur
1378 1069 1422 1107 in
1445 1081 1561 1119 prae·
1582 1082 1616 1111 15

187 1126 355 1163 teritum
390 1127 430 1163 et
466 1126 615 1165 famem
653 1127 851 1166 cruditate
888 1141 1110 1178 pensemus.
1174 1129 1422 1168 frumentum
1454 1129 1562 1168 attu-

187 1185 283 1224 listi.
348 1184 472 1235 quid?
510 1187 617 1237 quod
647 1187 846 1226 medicina
876 1190 1131 1228 mortuorum
1162 1201 1251 1229 sera
1285 1188 1373 1228 est?
1436 1187 1562 1240 quid?

188 1245 295 1295 quod
327 1258 442 1284 nemo
474 1259 599 1297 aquas
636 1248 823 1287 infundet
858 1249 900 1286 in
931 1248 1132 1288 cinerem?
1195 1249 1320 1300 quid?
1359 1250 1467 1300 quod
1498 1262 1562 1289 ex-

189 1307 315 1344 tincto
347 1307 496 1356 populo
529 1308 652 1346 etiam
683 1309 932 1348 novendialis
965 1311 1080 1349 tarde
1105 1309 1246 1350 venit?
1296 1309 1421 1361 quid?
1454 1309 1562 1362 quod

181 1365 270 1404 iam
295 1379 368 1417 ego
399 1367 648 1406 frumentum
678 1382 759 1408 non
785 1369 994 1409 desidero?
1043 1372 1241 1423 naufrago
1265 1371 1448 1411 tabulam
1473 1370 1561 1410 abs·
1581 1387 1617 1415 8⁰

185 1426 337 1475 tulisti,
374 1429 532 1466 mortuo
572 1429 750 1478 adplicas
782 1443 936 1469 navem.
1001 1431 1170 1481 duplum
1201 1434 1279 1471 est:
1320 1431 1488 1471 infunde
1518 1432 1562 1470 in

186 1487 367 1536 sepulcra
400 1489 439 1526 et
471 1489 664 1527 admetire
696 1491 874 1530 tumulis.
925 1491 983 1530 ibi
1015 1494 1109 1531 sunt
1147 1493 1218 1543 qui
1254 1492 1560 1532 mandaverunt.

187 1547 283 1596 quid
328 1547 437 1586 aliud
477 1549 642 1588 effecisti
687 1550 900 1590 adferendo
945 1552 1194 1591 frumentum
1232 1565 1356 1604 quam
1400 1553 1447 1592 ut
1489 1565 1562 1592 nos

187 1607 294 1656 quod
327 1607 455 1647 adhuc
491 1609 675 1659 fecimus,
713 1611 964 1661 paeniteret?
1027 1626 1132 1652 nunc
1162 1627 1226 1652 me
1261 1614 1391 1665 magis
1423 1613 1562 1664 pudet,

116 1664 167 1702 24
186 1680 291 1706 nunc
328 1668 436 1707 cibos
474 1682 582 1709 meos
621 1671 806 1723 obiurgo,
847 1673 966 1722 potui
1002 1674 1089 1712 heri
1126 1687 1207 1712 non
1246 1673 1474 1713 comedisse.
1537 1686 1561 1713 o
1581 1690 1616 1718 25

187 1727 310 1777 nefas,
342 1728 384 1766 in
416 1742 494 1779 quo
526 1743 590 1768 me
622 1732 768 1770 scelere
795 1736 1041 1772 commeatus
1068 1733 1366 1785 deprehendet?
1415 1734 1562 1774 siccine

284 1822 327 1854 12
353 1820 399 1863 cf.
427 1820 554 1856 HIER.
577 1822 659 1857 adv.
681 1822 757 1859 Ioh.
779 1823 923 1859 Hieros.
947 1828 990 1859 37
1013 1826 1061 1871 (p.
1077 1827 1162 1872 447)
1189 1825 1228 1860 in
1253 1827 1378 1872 portu,
1403 1826 1448 1860 ut
1468 1825 1562 1861 dici-

186 1878 281 1910 mus,
307 1867 559 1914 naufragium.

332 1953 496 1988 civitatis

285 1992 302 2022 1
330 1989 500 2033 [QissQ
532 1996 560 2024 V
674 2003 748 2036 quo
775 1992 930 2029 damno:
958 1994 1060 2039 quod
1087 2005 1185 2030 anno
1212 2001 1256 2030 M
1382 1998 1403 2030 3
1430 2005 1561 2040 quam-

187 2047 300 2081 quam
328 2045 348 2071 ς
432 2038 615 2074 honustas
641 2046 669 2073 V
754 2041 779 2086 Ξ
797 2051 911 2076 naves
936 2048 973 2076 B
997 2044 1035 2088 (2
1061 2043 1130 2078 litt.
1151 2044 1214 2089 er.)
1315 2047 1336 2079 5
1363 2043 1507 2079 classus
1526 2049 1565 2079 B

187 2088 207 2119 6
235 2085 310 2120 exii
335 2092 372 2120 P
455 2090 476 2122 8
501 2088 629 2132 potest
653 2094 690 2122 B
764 2091 808 2123 10
836 2089 975 2125 decede
1003 2099 1021 2133 β
1097 2095 1138 2126 11
1166 2091 1277 2128 littus
1303 2098 1340 2127 P
1421 2095 1465 2127 12
1491 2091 1562 2127 mi-

185 2132 244 2167 nis
270 2140 298 2167 V
396 2134 436 2169 in
461 2136 612 2180 portum
637 2143 669 2171 J
784 2141 827 2172 13
856 2138 1039 2174 anchoras
1071 2146 1114 2182 Γβ
1233 2144 1278 2175 14
1304 2152 1398 2176 onus
1424 2146 1474 2185 M,
1501 2139 1562 2176 vel

1145 2189 1170 2213 lli

185 2228 206 2252 o
233 2228 301 2253 nos
317 2247 323 2253 .
341 2247 347 2253 .
366 2247 372 2253 .
393 2233 435 2253 m
522 2223 565 2254 15
594 2219 860 2268 saturssitatem
885 2228 937 2266 B;
965 2211 1170 2260 saturitas&
1195 2231 1239 2259 M
1329 2228 1372 2260 16
1399 2223 1561 2260 crudeli-

184 2266 265 2301 tate
284 2272 389 2301 BMff
485 2271 529 2302 18
556 2268 665 2312 quid:
693 2269 760 2314 qui
784 2269 825 2304 id
852 2276 888 2304 P
992 2272 1119 2319 quod}
1143 2279 1181 2307 B
1286 2273 1470 2309 extincto:
1497 2283 1560 2309 ex-

184 2314 227 2349 in
251 2326 324 2350 ras.
346 2321 383 2350 P
468 2319 511 2350 20
539 2327 608 2362 ego
634 2317 715 2376 iam
738 2324 765 2352 V
845 2317 1076 2355 frumentum
1101 2332 1168 2357 om.
1191 2330 1210 2364 β
1283 2321 1494 2369 ῃᾶιιΐτῆςξο
1521 2327 1566 2358 Μ

185 2401 230 2433 26
258 2398 583 2444 deprehenderent
609 2410 649 2445 σς
677 2374 734 2437 {t
758 2409 786 2437 V
