1638 2560
427 103 747 142 DEGLAMATIO
771 104 842 141 XII
862 108 1015 142 19—21.
1328 105 1416 148 237

34 223 191 274 accipe,
227 222 272 263 et
306 221 382 260 illa
419 220 594 272 pecunia
632 221 884 260 frumentum
923 220 1021 260 licet
1058 221 1204 260 vicinis
1244 219 1418 260 adferas.

35 282 71 323 si
106 276 224 322 nobis
258 281 364 322 nihil
399 281 451 321 de
487 283 715 321 commeatu
751 283 890 321 nostro
928 280 1114 332 partiris,
1152 293 1225 321 nos
1259 282 1419 321 vicinae

34 343 198 383 civitati
221 342 452 382 vendemus.
501 341 624 382 liceat
652 343 812 391 servire,
844 341 916 381 ubi
939 342 1189 381 sturnentum
1215 343 1287 382 est.
1337 355 1419 382 non

34 404 184 456 exigua
211 415 277 444 res
301 405 375 453 est,
405 415 480 454 pro
511 404 611 452 vita,
642 415 716 453 pro
747 402 969 454 sepultura,
999 415 1073 453 pro
1105 403 1339 442 innocentia
1369 403 1418 441 li-

0 477 19 506 ι
36 477 183 504 cemur.
244 476 327 504 non
361 465 500 515 potest
535 463 601 503 hic
632 465 880 503 commeatus
916 465 1004 502 tam
1036 476 1127 503 care
1158 465 1256 513 emi,
1295 476 1420 514 quam

34 537 59 565 e
114 523 251 564 octari.

58 537 112 576 ¹1)
127 581 225 625 ‘Sed
253 585 335 625 nisi
358 580 657 634 vendidissem',
688 585 836 635 inquit,
865 581 989 624 ‘fame
1014 585 1221 624 laboranti
1246 586 1419 635 civitati,

34 645 175 696 timui,
211 659 263 685 ne
298 641 490 697 raperet'
553 647 595 684 et
631 646 691 684 ita
728 645 871 696 utique
913 658 1108 696 occupare
1145 645 1331 696 voluisti,
1371 647 1421 684 ut

36 706 153 746 nobis
175 706 370 746 iniuriam
394 708 442 746 tu
470 706 730 757 potissimum
760 706 924 746 faceres.
974 706 1150 746 multum
1174 706 1420 746 mehercules

0 781 20 809 o
38 780 111 807 vos
141 767 253 807 fallit
283 768 441 818 opinio,
471 767 642 816 iudices,
681 768 717 806 si
746 767 875 806 ullam
906 779 1071 807 causam
1100 768 1162 806 ita
1193 767 1422 806 evidentem

37 828 186 867 deferri
215 840 334 880 posse
361 829 405 867 in
436 828 571 867 forum
600 828 758 878 putatis
783 829 848 866 cui
873 827 999 877 nulla,
1029 842 1081 867 ne
1104 827 1306 867 mendacii
1332 829 1421 879 qui-

37 889 148 938 dem,
180 889 412 928 velamenta
447 889 697 941 confingant
761 889 951 938 opinione
983 901 1057 927 sua
1087 888 1330 938 defenditur,
1367 890 1421 938 et,

38 962 143 1000 quae
172 962 236 989 res
266 949 432 989 minime
464 948 630 1001 coargui
659 950 812 1000 potest,
850 949 983 988 utitur
1013 962 1055 989 se
1085 951 1202 989 teste.
1265 962 1316 989 ne
1346 962 1420 989 nos

35 1009 272 1061 periremus,
303 1021 385 1050 non
414 1010 602 1059 timuisti,
633 1022 684 1049 ne
714 1010 879 1060 repetiti
910 1012 1159 1050 commeatus
1188 1012 1283 1061 post
1313 1010 1422 1049 diem

0 1083 20 1112 ⁵
37 1072 202 1110 nostrae
234 1071 377 1110 mortis
413 1071 728 1121 applicarentur,
765 1083 847 1109 non
883 1071 1071 1111 timuisti
1132 1070 1281 1111 nostris
1314 1073 1420 1110 certe

36 1131 157 1172 malis
182 1143 417 1182 quanquam
447 1131 550 1170 nihil
580 1133 742 1182 poterat
773 1131 954 1171 accidere
978 1132 1251 1182 inopinarum,
1282 1133 1422 1171 tamen

37 1192 144 1231 inter
173 1193 305 1232 metus
335 1193 642 1242 tempestatium
673 1194 715 1231 et
746 1191 941 1243 ancipites
972 1194 1118 1232 incerti
1142 1194 1266 1232 maris
1293 1205 1421 1242 casus,

38 1252 242 1302 confiteor,
278 1266 330 1292 ne
359 1253 608 1292 frumentum
639 1253 754 1292 salva
785 1253 910 1292 classe
942 1253 1217 1304 perderemus,
1256 1266 1338 1292 non
1368 1254 1422 1292 ti-

36 1314 224 1352 muimus.
285 1326 368 1353 non
405 1314 513 1362 dico,
552 1316 598 1352 ut
634 1314 812 1353 maxima
843 1315 907 1352 vis
943 1316 1091 1364 parata
1123 1314 1194 1364 sit,
1233 1316 1279 1353 ut
1310 1327 1421 1353 more

0 1387 21 1414 o
38 1374 214 1414 inmanis
250 1374 458 1414 latrocinii
493 1374 616 1413 turba
655 1376 867 1424 raptorum
903 1374 1002 1414 litus
1038 1377 1215 1426 premat:
1259 1375 1324 1414 vel
1361 1388 1423 1414 re-

38 1447 178 1486 pugna
211 1435 278 1474 vel
302 1435 398 1487 fuge
429 1435 494 1473 vel
523 1447 635 1487 roga.
685 1436 942 1474 incensurum
973 1447 1096 1475 naves
1122 1435 1423 1486 depressurum-

15 1494 20 1500 '
39 1508 119 1546 que
142 1495 332 1535 minitare
358 1497 495 1546 potius
522 1509 644 1546 quam
667 1497 803 1534 totum
830 1495 1079 1535 frumentum
1103 1497 1246 1547 utique
1270 1496 1422 1548 populo

38 1557 190 1606 pereat.
252 1558 406 1607 partire
437 1556 503 1595 vel
535 1557 680 1608 gratis,
718 1556 814 1595 dum
844 1556 961 1596 nobis
996 1556 1153 1607 aliquid
1185 1570 1264 1608 quo
1296 1558 1422 1608 respi-

39 1629 193 1666 remus,
232 1617 403 1656 adferas.
466 1617 569 1655 iUud
601 1630 680 1667 quo
712 1619 819 1656 certe
857 1617 960 1656 nihil
998 1618 1181 1668 asperius
1212 1618 1423 1667 accideret,

0 1689 23 1717 rs
41 1676 132 1728 rapi
163 1677 314 1729 patere.
363 1677 490 1716 faciat
520 1677 685 1717 fortuna
711 1677 819 1728 quod
842 1677 1029 1727 voluerit,
1062 1679 1220 1730 legatus
1252 1692 1277 1718 a
1307 1691 1423 1730 prae-

43 1739 160 1788 cepto
190 1751 272 1777 non
302 1738 473 1777 recedat.
535 1738 641 1777 refer
671 1737 786 1778 nobis
818 1738 964 1778 saltem
999 1739 1193 1778 iniuriam
1229 1742 1424 1789 nostram,
1444 1737 1494 1774 21

41 1798 160 1837 mitte
196 1799 371 1838 nuntios.
434 1799 496 1838 ira
533 1799 684 1838 famem
721 1799 969 1849 differemus,
1007 1801 1211 1851 rapiemus
1242 1800 1424 1840 furentes

139 1930 160 1961 2
186 1925 308 1962 nihilo
333 1932 385 1969 Β;
413 1925 535 1973 nihil}
560 1933 588 1961 ι’
699 1928 873 1962 comeatu
899 1933 937 1962 Β
1050 1931 1072 1962 4
1098 1927 1263 1975 ligemur
1289 1934 1332 1963 ,Η

43 1977 89 2009 10
114 1985 195 2010 voe:
223 1986 309 2010 suos
330 1981 399 2010 ΒΓ
450 1974 572 2010 ullum
597 1981 635 2010 Β
690 1979 733 2011 11
759 1975 936 2011 mendaci
955 1981 993 2010 Β
1049 1980 1094 2011 14
1119 1976 1218 2012 tiisti
1237 1983 1290 2022 Β;
1315 1987 1364 2012 ne
1379 1998 1424 2003 —

40 2022 206 2059 timuisti
233 2023 256 2058 l.
271 2026 319 2059 15
339 2035 406 2059 om.
422 2029 460 2058 Β
521 2027 564 2058 17
591 2025 863 2080 tempestatum
883 2035 1006 2061 omnes
1020 2029 1170 2070 praeter
1188 2031 1227 2060 Β
1289 2029 1334 2060 18
1359 2035 1424 2061 ne:

42 2094 82 2130 in
107 2101 145 2130 Β
231 2099 275 2131 19
301 2096 464 2131 maxime
490 2101 560 2131 ΒΓ
641 2099 687 2132 20
712 2083 868 2132 latrocriii
893 2103 946 2141 Β;
971 2096 1124 2133 lati-ocii
1149 2104 1206 2142 1113
1231 2097 1425 2134 latrocinii

44 2143 102 2180 bis
126 2150 176 2187 P;
202 2143 414 2180 latrociniis
441 2143 634 2180 latrocinii
659 2151 687 2180 s
773 2146 985 2192 raptorum:
1011 2145 1204 2181 latronum
1228 2148 1426 2192 raptorum

44 2197 96 2235 ¹⁵3
121 2191 313 2228 latronum
332 2199 360 2228 S
433 2194 631 2240 repugna}
656 2199 699 2228 Μ
769 2197 815 2229 23
841 2195 974 2237 pereat
993 2194 1135 2240 populo
1157 2201 1200 2230 Μ
1264 2194 1367 2240 quod
1387 2200 1430 2229 Μ

45 2243 92 2275 24
118 2242 218 2276 certe
245 2252 319 2287 quo
348 2247 390 2276 fl
455 2247 463 2254 ·
485 2241 634 2277 accidet
659 2248 687 2276 V
780 2245 825 2277 25
852 2241 970 2277 faciet
995 2251 1049 2277 aer
1143 2243 1294 2278 fortune
1321 2250 1357 2278 P

43 2286 239 2335 faciatque
264 2289 419 2325 fortuna
444 2289 601 2334 quidem
625 2295 653 2325 s
751 2293 797 2326 26
823 2290 995 2326 recedat:
1023 2291 1155 2327 credat
1179 2298 1217 2326 Β
1310 2290 1427 2326 refert

46 2341 90 2371 n
158 2337 295 2374 saltem
320 2337 430 2374 nobie
457 2344 484 2372 Γ
548 2337 709 2374 salutem
736 2345 816 2374 ΒΜ
840 2341 878 2385 <u
905 2339 972 2375 del.
992 2342 1048 2385 m)
1074 2346 1107 2374 J
1179 2344 1223 2375 27
1250 2339 1307 2375 ita
1332 2346 1360 2374 1·

44 2407 281 2445 differremus
307 2417 344 2445 Β
440 2398 604 2447 seientes
630 2417 657 2445 ι’
