1638 2560
495 110 912 148 DECLAMATIONES
937 111 964 146 I.
990 111 1036 146 Π.
1370 111 1457 154 391

75 226 275 267 trahebat.
337 226 381 276 Q.
407 226 478 267 sed
508 238 582 266 nec
612 227 842 266 venientem
869 225 1045 266 videbat.
1108 226 1161 265 N.
1188 239 1386 266 venenum
1418 239 1461 266 se

75 287 223 327 habere
252 287 429 340 negavit.
493 287 536 337 Q.
569 288 606 327 si
637 286 799 338 quidem
824 300 942 327 nemo
973 287 1096 327 habet
1129 287 1236 338 quod
1267 287 1462 327 nescienti

76 348 239 388 illatum
269 349 341 388 est.
403 348 456 387 N.
490 348 671 388 conscius
702 347 870 398 spoliari
909 348 1052 387 noluit.
1118 348 1160 397 Q.
1194 347 1291 398 quia
1321 349 1461 387 imme·

76 410 204 448 ritum
233 420 275 448 se
312 408 442 449 scivit.
505 408 559 448 N.
590 409 773 448 insutum
809 410 1017 459 repertum
1057 410 1129 448 est.
1194 408 1237 458 Q.
1270 408 1460 449 subtilius

39 485 58 512 5
76 481 249 509 noverca
280 482 403 520 quam
433 481 576 509 caecus
614 469 706 509 suit.
768 469 822 508 N.
853 469 1054 509 rationem
1084 470 1222 520 parafi
1252 469 1348 508 dare
1380 481 1460 509 non

76 531 222 582 potuit.
286 530 329 580 Q.
366 531 543 581 peccatis
584 530 882 580 praemeditata
921 530 1027 570 ratio
1068 543 1277 580 nunquam
1319 530 1460 569 defuit.

6 614 9 615 ν
75 591 202 630 miror
230 603 323 630 eum
362 604 443 630 non
485 591 649 631 dixisse:
690 591 821 640 volui,
852 590 1057 641 parricida
1098 603 1198 629 sum.
1262 603 1462 630 venenum

76 651 185 702 quod
227 653 367 703 portat
415 664 575 702 caecuS‚
618 653 748 702 ipsius
799 653 878 702 est,
920 652 955 691 si
1005 654 1180 691 excusat.
1243 651 1313 691 sed
1357 654 1461 701 esto,

75 724 194 752 suum
224 724 321 751 sane
353 713 425 762 sit,
457 711 656 762 quomodo
693 710 903 764 porriget?
965 712 1018 751 N.
1050 713 1151 751 mihi
1182 713 1370 762 promisit
1401 712 1461 751 di-

21 790 57 818 1⁰
74 772 257 823 midium‚
288 774 335 812 ut
365 774 583 826 porrigam.
647 773 690 823 Q.
717 771 846 824 quid?
894 775 1059 823 secreto,
1091 773 1134 811 P.
1163 772 1218 822 G„
1250 773 1298 812 de
1330 774 1460 824 parri-

76 833 182 873 cidio
221 834 433 886 privignus
465 840 507 873 et
542 846 714 874 noverca
745 834 980 884 loquuntur.
1042 835 1104 873 ita
1142 846 1183 873 se
1221 847 1302 872 non
1340 835 1461 885 putat

75 895 247 944 uterque
286 893 508 945 temptari?
569 907 675 934 nunc
711 895 848 934 locum
878 895 1003 934 istum
1039 896 1211 934 transeo.
1276 894 1357 944 sed,
1388 908 1462 945 per

75 954 171 994 deos
201 955 464 1005 immortales,
496 968 598 1006 quae
630 956 829 995 servatori
859 956 988 1006 patris
1014 968 1105 994 cum
1136 967 1290 995 veneno
1322 954 1461 994 ratio?

76 1028 201 1066 quam
229 1015 464 1055 incredibile
496 1017 575 1066 est,
607 1018 653 1054 ut
683 1017 843 1067 patrem
874 1015 1022 1064 oderit,
1054 1029 1254 1055 venenum
1284 1017 1461 1066 tempta-

20 1093 55 1121 1⁶
75 1077 180 1116 verit
212 1077 300 1127 qui,
337 1078 385 1115 ut
420 1077 623 1127 perderet,
663 1077 753 1127 pati
789 1090 871 1116 non
908 1077 1061 1128 potuit!
1125 1076 1223 1127 quid
1264 1089 1365 1127 opus
1398 1078 1460 1116 est

75 1135 256 1176 veneno?
318 1150 496 1177 servasse
523 1139 696 1176 matrem
720 1137 874 1188 potuit:
906 1137 1172 1188 parricidium
1197 1138 1254 1176 sic
1286 1137 1459 1186 fecisset,

75 1198 252 1248 optimus
283 1197 489 1238 videretur
518 1198 639 1238 filius.
701 1198 754 1237 N.
781 1198 897 1248 atqui
928 1211 1035 1237 nunc
1059 1198 1249 1237 infestum
1285 1197 1460 1237 habebat

75 1258 183 1308 quod
200 1258 279 1299 sibi
297 1271 513 1298 novercam
531 1259 704 1308 induxit,
725 1258 832 1309 quod
844 1259 887 1297 in
905 1262 1101 1298 secretam
1119 1261 1279 1309 partem
1299 1258 1459 1298 abstru-

74 1319 139 1358 sit.
203 1319 247 1369 Q.
278 1320 402 1359 immo
434 1320 601 1359 consilio
626 1320 755 1370 ipsius
780 1320 937 1358 iuvenis
971 1321 1106 1358 actum
1135 1322 1207 1369 est,
1239 1321 1286 1358 ut
1317 1319 1459 1359 domus

19 1396 56 1423 20
76 1391 179 1430 quae
211 1392 375 1419 caccum
406 1381 568 1419 tantum
593 1379 770 1419 habebat
801 1382 841 1419 et
866 1392 1014 1430 senem,
1044 1392 1149 1419 novo
1182 1380 1460 1420 consolaretur

74 1440 273 1492 coniugio.
332 1440 430 1491 quid
456 1442 594 1480 autem
622 1440 665 1479 in
690 1440 853 1491 publico
877 1436 1050 1480 caecus?
1100 1453 1301 1491 nusquam
1325 1442 1459 1480 minus

74 1500 293 1540 offenditur
324 1514 449 1551 quam
480 1501 522 1539 in
554 1504 717 1541 secreto.
781 1501 852 1540 sed
889 1501 1015 1551 dono,
1053 1503 1099 1540 ut
1130 1502 1354 1541 commotus
1387 1503 1459 1551 sit,

73 1574 155 1600 non
184 1563 323 1600 tamen
348 1561 460 1602 adeo.
516 1574 725 1612 nunquam
750 1562 1036 1602 infestissimus
1061 1563 1140 1601 erit
1163 1564 1282 1612 pater
1313 1563 1384 1613 qui
1415 1564 1458 1601 in

73 1621 208 1662 locum
239 1624 429 1662 successit
454 1623 672 1662 oculorum.
735 1622 787 1661 N.
822 1623 938 1673 atqui
962 1622 1098 1673 potius
1123 1636 1197 1673 pro
1230 1625 1360 1662 matre
1393 1636 1458 1661 ex-

19 1699 55 1726 25
75 1685 260 1722 caecatus
298 1684 371 1722 est.
441 1683 484 1733 Q.
523 1684 634 1734 patri
677 1684 915 1723 caecitatem
959 1684 1167 1734 praestitit
1211 1684 1282 1734 qui
1321 1684 1457 1723 oculos

173 1887 191 1918 1
219 1894 267 1919 ne
288 1889 324 1918 P
424 1883 639 1923 venientem
665 1886 769 1927 venis
789 1890 826 1918 P
927 1887 948 1918 2
975 1883 1168 1919 nesciente
1194 1889 1232 1918 P
1333 1887 1354 1918 6
1380 1895 1456 1918 11011

74 1930 199 1967 defuit
218 1938 255 1968 Β
333 1935 351 1966 7
378 1931 582 1977 parracida
604 1938 642 1967 Β
722 1935 743 1967 8
769 1931 888 1978 quod:
916 1931 983 1978 qui
1001 1938 1039 1968 Β
1119 1932 1250 1978 portat
1273 1943 1319 1968 ex
1338 1933 1458 1978 ponat

73 1985 111 2015 Β
182 1980 237 2016 sic
262 1986 323 2015 VB
395 1981 550 2015 accusat
569 1986 670 2016 PVB
742 1984 763 2016 9
784 1991 925 2025 quaeso
945 1980 1134 2025 quomodo
1150 1987 1187 2016 Β
1263 1984 1306 2016 11
1327 1979 1455 2015 locun-

73 2065 136 2099 tur
154 2070 183 2099 7
253 2068 297 2100 12
317 2031 435 2110 uffiue
456 2071 493 2099 Β
566 2068 609 2100 15
630 2065 852 2111 perderetur
872 2065 1039 2117 ''1²3aeOE
1059 2071 1096 2100 Β
1170 2069 1213 2101 16
1233 2076 1311 2100 non
1329 2064 1456 2111 potuit

73 2155 111 2184 Β
206 2149 341 2185 fecisse
368 2156 395 2184 V
490 2153 533 2184 17
561 2151 604 2185 ut
629 2154 716 2186 ante
742 2150 908 2196 optimus
934 2150 1021 2186 add.
1048 2156 1149 2186 VRB
1245 2124 1396 2185 vidggur
1422 2156 1459 2184 Β

77 2225 121 2257 18
147 2221 266 2268 quod:
294 2222 360 2268 qui
388 2229 424 2258 Β
523 2222 596 2258 sibi
623 2234 691 2259 om.
718 2229 756 2258 Β
856 2209 1014 2258 ῃονοιᾳτθ,
1038 2228 1077 2257 Β
1187 2226 1230 2258 19
1258 2222 1393 2258 domus
1411 2244 1452 2246 —

75 2280 228 2306 caecam
252 2282 320 2307 om.
348 2272 389 2306 in
416 2272 555 2307 lamma
572 2276 611 2306 Β
706 2274 752 2306 20
778 2271 929 2306 tantum
951 2283 1053 2316 supr.
1075 2277 1111 2305 P
1206 2270 1393 2306 solaretur
1421 2277 1456 2305 Β

76 2322 120 2354 21
147 2318 356 2365 impublico
381 2325 419 2354 Β
499 2323 545 2355 23
571 2320 627 2355 tffi
657 2326 696 2364 νς
723 2322 874 2355 tantum
899 2326 937 2354 Β
1016 2329 1205 2364 nusquam
1236 2325 1297 2354 VB
1372 2321 1453 2353 erat

80 2373 142 2402 VB
236 2368 339 2414 patri
367 2374 403 2403 Β
502 2372 547 2404 24
572 2368 701 2414 potius
726 2379 827 2414 supr.
854 2374 906 2411 B,
932 2379 1001 2414 pro
1027 2369 1149 2403 matre
1175 2368 1303 2413 potius
1336 2373 1397 2402 ΓΒ

75 2416 227 2451 cecatus
255 2422 309 2459 Β;
337 2419 512 2453 coecatus
538 2418 577 2452 Β
672 2420 718 2451 25
745 2417 855 2462 pater
882 2423 918 2452 Β
1017 2416 1082 2462 qui
1109 2416 1144 2451 ei
1171 2415 1299 2451 oculos
1327 2421 1364 2451 Β
