1638 2560
170 126 266 169 '310
611 121 857 159 VENENVM
882 119 1114 157 EFFVSVM

177 240 281 279 unde
313 239 577 288 occasionem,
614 237 718 276 unde
750 235 966 276 fiduciam?
1029 248 1103 288 ego
1136 247 1208 275 nec
1238 234 1342 275 mori
1373 245 1549 286 possum,

109 302 156 338 11
178 301 269 346 nisi
292 302 338 339 ut
373 298 656 351 deprehendar.
719 310 915 337 venenum
953 309 1052 348 paro
1085 296 1157 347 qui
1194 294 1443 344 ministrum,
1478 295 1550 346 qui

178 374 257 401 non
287 361 446 400 invenio
478 357 707 399 conscium?
769 358 967 409 despicior
999 370 1023 396 a
1054 356 1228 406 libertis,
1259 356 1495 396 contemnor
1526 368 1549 395 a

177 421 362 470 servulis,
406 419 561 459 evitant
597 432 819 458 sermonem
855 431 1007 468 meum,
1051 417 1268 468 conloquia
1302 416 1468 469 fugiunt
1508 417 1562 456 et

176 482 384 522 caritatem
415 482 478 519 tui
508 481 699 519 simulant
731 479 821 519 odio
847 478 937 518 mei.
988 491 1040 518 an
1065 477 1255 518 videlicet
1282 489 1400 529 spero
1431 489 1549 528 posse
1587 490 1603 516 5

174 542 271 590 fieri,
302 544 349 580 ut
378 542 464 592 ipse
496 539 729 592 porrigam?
779 541 839 578 est
868 540 975 578 enim
1006 539 1108 578 mihi
1140 538 1192 578 ad
1217 539 1425 579 convictus
1457 539 1549 577 tuos

174 603 303 642 facilis
336 614 525 641 accessus.
575 614 772 640 venenum
802 600 1027 640 mehercule
1060 599 1225 650 putabis
1257 597 1451 650 quicquid
1481 597 1548 637 de-

174 662 305 701 derint
347 662 421 701 hae
464 674 617 700 manus.
681 663 721 700 et
763 660 873 700 virus
918 661 1253 712 praesentaneum
1296 671 1396 711 paro
1440 658 1550 710 quod

174 723 328 772 statim,
373 722 479 772 quod
522 722 654 761 subito
698 719 917 772 corripiat?
981 722 1024 760 at
1065 719 1404 772 quemadmodum
1447 718 1550 759 mihi

172 784 344 834 supersit
380 783 465 822 ulla
503 781 708 822 defensio?
769 795 822 821 an
859 782 1016 821 lentum
1053 783 1094 821 et
1132 780 1241 832 quod
1276 779 1396 820 tarda
1434 780 1548 832 peste
1568 793 1603 820 10

172 845 396 893 consumat,
436 844 587 882 50111001
625 844 671 882 111
707 856 788 882 11011
826 844 963 882 statim
1004 842 1218 893 exclames,
1255 843 1303 881 ut
1338 843 1379 880 te
1414 853 1549 881 meum

171 904 282 943 virus
311 903 458 943 bibisse
490 917 569 942 non
595 902 759 943 credas?
809 917 906 955 rogo
941 905 1005 942 cui
1036 903 1180 954 paravi
1210 915 1409 942 venenum
1441 900 1550 952 quod

172 964 265 1003 dare
296 977 377 1003 non
407 976 570 1015 possum
602 965 682 1003 nisi
712 963 839 1003 mihi?

262 1021 371 1073 Ἱ10,’,
400 1024 544 1075 inquit,
577 1020 799 1075 ‘parricidii
831 1025 1116 1076 argumentum
1147 1025 1209 1063 est
1240 1025 1281 1063 et
1305 1021 1397 1063 hoc‘
1412 1021 1548 1075 ipsum

171 1085 278 1135 quod
307 1085 484 1124 habuisti
509 1081 732 1124 venenum.’
784 1085 979 1134 omnibus,
1011 1085 1176 1135 iudices,
1208 1083 1354 1135 quibus
1381 1082 1434 1123 ad
1465 1095 1548 1124 see·
1568 1096 1603 1123 15

172 1145 297 1184 lerum
328 1147 492 1184 conatus
531 1146 746 1185 adiuvatur
778 1146 1021 1185 deteriorum
1054 1144 1200 1185 cotidie
1238 1143 1410 1184 fecunda
1442 1157 1547 1184 mor-

169 1205 325 1255 talitas,
363 1219 443 1244 non
479 1206 582 1245 hanc
619 1206 747 1245 solam
784 1207 1009 1257 potentiam
1053 1207 1201 1245 natura
1244 1205 1460 1254 concessit,
1503 1205 1548 1244 in

170 1278 291 1315 quam
321 1266 438 1306 malis
470 1266 671 1305 mentibus
698 1269 738 1306 et
769 1268 1000 1306 nocentium
1026 1267 1229 1306 ducuntur
1256 1266 1445 1318 ingeniis,
1477 1264 1548 1305 sed

169 1326 250 1365 illis
282 1339 376 1366 usus
409 1339 455 1365 ex
487 1327 620 1366 animo
653 1329 730 1377 est,
768 1329 980 1378 totumque
1015 1327 1123 1378 quod
1159 1327 1335 1377 faciunt,
1373 1326 1423 1366 de
1454 1338 1546 1365 con-

168 1387 336 1425 scientia
385 1387 626 1438 possidentis
677 1389 891 1439 accipiunt.
968 1388 1065 1439 quid
1110 1387 1218 1426 enim
1261 1387 1297 1427 si
1345 1387 1547 1426 latronem
1567 1398 1603 1425 20

168 1446 303 1498 gladio
342 1449 502 1486 tantum
539 1447 711 1498 probes?
772 1449 829 1488 sic
860 1450 1062 1488 munimus
1095 1450 1136 1488 et
1168 1459 1339 1488 somnos.
1404 1448 1547 1487 excute

168 1508 510 1558 peregrinantium
547 1509 675 1558 sinus,
711 1509 879 1548 haerent
910 1510 993 1548 tela
1032 1508 1230 1549 sollicitis.
1292 1521 1373 1547 non
1405 1508 1548 1547 vetant

168 1568 247 1606 ista
283 1567 389 1619 leges
421 1581 583 1619 parare,
620 1570 865 1620 prospicere,
904 1582 976 1609 nec
1013 1571 1283 1609 instrumenta
1318 1567 1547 1620 prohibent,

169 1627 239 1665 sed
276 1628 490 1667 aestimant
526 1641 633 1668 usuS.
695 1629 818 1682 finge,
856 1644 919 1669 me
951 1631 1065 1669 velut
1103 1632 1146 1669 in
1177 1629 1311 1669 media
1342 1629 1546 1680 prosperi-

168 1688 253 1726 tate
283 1689 391 1727 vitae
423 1689 688 1738 proclamare:
728 1686 941 1729 ‘venenum
973 1691 1133 1742 paravi,
1173 1689 1225 1730 ad
1257 1689 1366 1741 quod
1401 1688 1547 1729 incerti
1566 1699 1602 1727 25

267 1867 287 1898 2
314 1863 380 1908 qui
405 1874 480 1898 non
505 1864 721 1900 ministrum
747 1873 768 1900 ς
842 1870 862 1900 3
889 1866 1036 1902 libertis
1059 1866 1142 1903 Gr.:
1170 1842 1312 1913 lssberis
1333 1870 1387 1909 B;
1412 1863 1546 1900 liberis

168 1935 304 1980 reliqui
383 1946 405 1971 a
425 1940 509 1972 ante
528 1936 682 1972 servalis
703 1949 770 1973 om.
797 1944 826 1971 v
895 1942 916 1973 4
943 1916 1087 1974 etvitant
1112 1944 1150 1974 B
1220 1938 1265 1974 ut
1290 1943 1371 1973 ΒΜ
1447 1939 1468 1972 5
1496 1935 1546 1972 si-

168 2005 339 2053 mulegnt
359 2009 396 2054 (a
420 2010 483 2054 er.)
505 2015 547 2043 Μ
608 2013 650 2064 .6
676 2009 875 2056 porrigant
899 2017 927 2045 V
1016 2011 1158 2047 etenim
1184 2017 1221 2047 P
1292 2014 1313 2046 7
1341 1997 1492 2046 agemus
1511 2014 1551 2045 Β

169 2105 193 2138 8
218 2102 350 2139 110οΡ
464 2108 483 2139 9
511 2069 650 2141 coi-idat
676 2111 731 2150 Μ·
759 2108 976 2153 corrumpat
1002 2117 1021 2150 β
1138 2108 1179 2144 at
1205 2115 1242 2143 e:
1268 2108 1314 2143 ut
1337 2114 1405 2151 ad·-
1430 2106 1470 2142 et
1495 2111 1547 2150 P?

169 2188 228 2222 est
253 2193 280 2222 s
379 2191 422 2223 11
450 2191 647 2225 consumat
673 2190 761 2226 sciri
786 2202 862 2226 non
887 2192 1007 2237 possit
1033 2192 1180 2228 scilicet
1205 2198 1250 2228 Μ
1343 2193 1414 2240 sson
1439 2196 1478 2226 B

171 2239 216 2270 14
241 2235 382 2282 inquit:
410 2237 495 2282 quit
520 2244 571 2282 B;
598 2238 753 2284 quidem
779 2245 829 2283 Μ,
854 2239 915 2274 vel
940 2240 1066 2286 inquit
1091 2241 1132 2276 in
1158 2252 1275 2287 maa-9.
1295 2253 1338 2275 m
1444 2237 1547 2286 pari·

169 2283 261 2319 cidii
286 2285 412 2321 Desa:
440 2285 507 2321 -da
533 2301 579 2330 ως
609 2286 745 2323 -edae
862 2291 906 2323 15
933 2288 1075 2324 abuisti
1101 2295 1139 2324 Β
1252 2287 1407 2324 sceleris
1430 2295 1452 2330 ρ

171 2335 221 2367 16
242 2331 407 2369 deterior
432 2339 476 2368 Μ
572 2338 614 2370 18
642 2335 820 2372 dicuntur
844 2342 873 2370 V
954 2340 998 2372 22
1024 2336 1311 2384 Ρο10811115Ξ17111
1339 2338 1451 2381 (3-4
1475 2335 1546 2372 litt.

167 2417 233 2463 er.)
255 2422 299 2452 Μ
368 2381 527 2454 solicitis
553 2425 590 2454 Β
663 2423 707 2454 23
733 2419 835 2467 ista}
859 2426 888 2454 V
956 2385 1157 2466 prohibent
1182 2428 1219 2457 B
1297 2423 1343 2456 24
1367 2419 1486 2469 husus
1511 2425 1551 2455 Β
