1638 2560
489 116 809 154 DECLAMA'I'IO
835 116 870 152 X
890 119 996 153 6-8,
1344 116 1430 159 195

139 233 198 274 At
228 246 332 284 quae
370 233 572 285 supplicia
610 233 803 273 sustinuit
836 232 978 271 infelix
1009 231 1082 270 illa
1114 231 1254 270 statim
1286 229 1431 271 nocte?

49 295 133 334 iam
162 295 293 334 totam
323 293 487 333 domum
519 306 566 333 ac
597 293 796 333 familiam
829 293 943 344 quies
973 292 1108 342 prima
1139 292 1356 342 sopiverat,
1391 294 1432 331 et

48 354 278 396 tacentibus
321 354 496 395 tenebris
540 356 708 394 venerat
757 355 916 404 tempus
966 352 1246 392 dulcissimum
1294 353 1430 392 matri.

48 415 208 455 iacebat
236 415 336 454 haec
365 414 571 465 insomnis,
602 414 799 466 inquieta,
831 427 923 454 cum
954 413 1121 453 diceret:
1161 410 1258 452 ‘iam
1289 413 1430 454 statim

14 489 31 517 5
50 476 281 528 apparebit,
323 476 407 515 iam
450 476 589 515 statim
633 477 785 515 veniet:
830 487 1051 525 numquam
1094 475 1232 513 tamen
1275 474 1430 513 tardius

49 538 173 576 venit.
222 537 412 576 miseram
438 549 513 586 me,
543 536 614 586 fili,
645 537 831 587 proxima
856 535 972 575 nocte
1003 535 1087 574 iam
1111 547 1291 574 veneras.
1343 547 1430 574 ecce

50 598 133 637 iam
170 596 323 637 medios
362 597 495 636 sidera
531 598 674 636 tenent
714 609 871 646 cursus3
915 595 1115 648 indignor,
1158 596 1326 634 irascor:
1370 597 1431 634 ita

50 657 212 697 demum
241 657 343 697 mihi
373 657 615 707 satisfacies,
653 659 687 696 si
720 657 830 708 apud
860 659 1019 707 patrem
1053 657 1180 695 fuisti.
1242 656 1430 695 miseram

49 731 132 769 me,
162 718 247 759 iam
275 718 458 770 maligna
488 718 662 758 mundus
692 718 782 757 luce
818 718 1012 757 clarescit.
1076 716 1236 767 quando
1268 715 1431 756 venies?

0 792 32 820 ιο
49 780 131 819 iam
174 778 325 818 redire>
350 776 549 818 debebas?
614 780 657 818 at
699 781 916 829 postquam
966 778 1136 817 alteram
1184 777 1428 828 tertiamque
1454 777 1479 813 8

50 841 211 879 noctem
242 839 401 880 deserta
431 839 548 879 vanis
576 839 785 890 questibus
812 839 939 889 duxit,
969 840 1059 877 tum
1086 839 1281 888 tristiora,
1312 838 1431 890 lugu-

50 900 158 950 bria,
195 902 284 940 tum
322 900 531 952 squalidae
562 900 694 952 magis
725 900 912 951 placuere
943 901 1092 948 vestes,
1126 900 1217 938 tum
1247 899 1432 950 repetitis

50 961 343 1013 sanguinavere
379 961 610 1011 planctibus
641 961 724 1000 iam
757 961 1080 1000 convalescentes
1114 960 1266 999 lacerti.
1329 959 1431 998 nihil

50 1023 112 1061 est
147 1021 349 1061 infelicius
387 1023 517 1061 matre
556 1034 660 1072 quae
697 1021 876 1072 perdidit
914 1020 1069 1071 aliquid
1106 1021 1149 1059 in
1179 1019 1284 1070 filio,
1321 1022 1431 1071 post-

0 1095 31 1124 15
51 1094 173 1133 quam
205 1082 362 1121 extulit.
399 1094 403 1099 ·
426 1095 516 1121 cum
547 1094 643 1121 vero
675 1083 871 1133 comperit
901 1083 1038 1120 noctes
1070 1093 1163 1121 suas
1194 1081 1333 1120 iuveni
1363 1094 1430 1119 ne-

2 1180 6 1185 ,
50 1142 305 1183 cessitatibus
342 1143 511 1195 magicis
543 1156 591 1182 ex
629 1144 792 1182 cantato
829 1143 980 1193 perisse
1018 1142 1142 1192 ferro,
1181 1155 1303 1192 quam
1343 1144 1431 1181 tum

49 1203 123 1242 illa
147 1203 371 1254 praefixum
396 1204 657 1254 clausumque
681 1204 883 1242 tumulum
903 1202 1022 1242 nudis
1049 1203 1193 1242 cecidit
1214 1202 1432 1242 uberibus?

50 1277 130 1315 quo
154 1263 252 1303 fletu
272 1265 456 1315 sepulcra
480 1262 687 1315 perfudit?
719 1277 798 1315 quo
825 1265 979 1315 gemitu
1005 1263 1234 1302 audientem
1260 1263 1430 1302 forsitan

51 1326 92 1364 et
136 1325 242 1364 exire
287 1326 516 1376 cupientem
559 1325 712 1364 frustra
750 1324 914 1364 vocavit
957 1322 1163 1362 animam?
1224 1337 1246 1363 o
1284 1326 1431 1363 natura

0 1398 31 1426 ιο
49 1385 239 1434 crudelis,
287 1385 380 1436 plus
428 1398 594 1437 magum
635 1398 752 1436 posse
800 1397 921 1435 quam
970 1385 1159 1426 matrem!
1222 1384 1292 1424 ubi
1338 1386 1432 1424 sunt

51 1445 120 1496 qui
159 1445 323 1485 acerbas
360 1446 553 1485 mortium
590 1446 849 1485 necessitates
883 1447 923 1484 et
959 1446 1089 1484 ferrea
1123 1445 1214 1483 iura
1250 1445 1430 1484 fatorum

50 1508 92 1545 et
135 1505 308 1546 invictas
358 1518 431 1545 nec
472 1507 557 1545 ullo
601 1518 779 1545 maerore
823 1505 1038 1545 mutabiles
1088 1505 1273 1544 inanium
1322 1506 1430 1557 leges

51 1566 322 1617 querebantur
358 1565 620 1606 umbrarum?
675 1566 805 1605 filium
842 1568 959 1605 tuum
996 1566 1142 1605 mulier
1177 1566 1319 1605 infelix
1349 1579 1429 1605 non

50 1627 263 1678 impositae
313 1627 452 1666 inferis
510 1628 662 1666 clusere
718 1629 848 1666 terrae
899 1639 971 1666 nec
1026 1628 1156 1678 spissa
1210 1629 1430 1677 perpetuae

0 1699 31 1728 25
50 1688 180 1727 noctis
230 1687 361 1739 caligo
418 1689 663 1738 compescuit
716 1700 797 1727 non
853 1687 1038 1727 fabulosa
1093 1687 1256 1726 vatibus
1311 1688 1429 1738 palus

49 1748 304 1798 multumque
354 1748 545 1787 celebrati
589 1750 755 1788 curvato
799 1749 892 1799 igne
935 1750 1154 1787 torrentes:
1198 1748 1297 1787 haec
1340 1761 1429 1799 per-

49 1808 230 1858 meabat,
267 1808 364 1848 haec
396 1809 530 1848 omnia
561 1811 678 1848 nocte
715 1809 918 1848 transibat
950 1809 1221 1859 levioremque
1258 1812 1429 1848 mortem

49 1881 165 1909 suam
214 1869 364 1908 fecerat
414 1882 537 1920 quam
594 1871 628 1908 si
676 1871 1000 1921 peregrinaretur
1050 1871 1091 1908 et
1146 1870 1314 1909 abesset.
1390 1871 1430 1908 et

148 2049 165 2080 1
193 2045 270 2081 ista
295 2045 430 2081 statIm
454 2052 486 2080 J
558 2050 578 2081 2
606 2045 656 2081 ad
680 2045 869 2081 familiam
895 2054 916 2089 β
996 2049 1016 2080 6
1042 2046 1129 2101 iam.
1146 2050 1232 2082 ante
1256 2045 1429 2091 proxima

47 2119 174 2164 posuit
202 2124 231 2152 V
299 2121 321 2153 8
347 2119 496 2164 patrem
522 2129 590 2154 om.
612 2124 662 2162 M,
688 2130 789 2164 supr.
810 2133 853 2153 m
927 2123 947 2154 9
976 2106 1158 2162 clarescet
1183 2125 1220 2153 B
1293 2121 1338 2153 10
1365 2117 1429 2153 de-

50 2165 140 2201 beas
167 2172 216 2211 Μ,
243 2177 335 2202 corr.
356 2181 399 2201 m
482 2177 527 2202 ac
554 2181 577 2201 α
678 2170 719 2202 11
749 2166 1011 2222 questionibus
1036 2173 1147 2202 ΒΜ]
1231 2170 1274 2202 15
1301 2166 1428 2202 iuveni

50 2226 173 2262 Desa:
207 2226 355 2262 iuvenis
382 2241 411 2261 ω
512 2230 556 2262 16
589 2228 628 2262 et
659 2229 812 2263 cantato
839 2228 963 2271 Dess.;
996 2227 1036 2262 in
1070 2228 1223 2263 cantato
1249 2227 1329 2264 Sch.

49 2273 166 2310 ferro:
193 2274 332 2310 feretro
360 2284 380 2310 ς
491 2286 606 2321 quam
631 2277 713 2311 tum
742 2276 825 2312 Gr.:
854 2276 1038 2322 quantum
1066 2291 1096 2310 ω
1214 2279 1258 2310 17
1284 2275 1429 2310 nudum

51 2328 93 2357 11
162 2323 316 2359 uberius
335 2330 382 2367 B,
408 2323 432 2358 b
458 2336 560 2370 supr.
582 2331 605 2358 b
694 2327 737 2359 19
764 2326 803 2360 et
822 2335 889 2360 om.
907 2339 931 2359 α
956 2322 981 2333 “’
1018 2327 1061 2359 21
1090 2324 1278 2360 factorum
1310 2330 1338 2358 V

50 2374 95 2406 22
122 2370 260 2407 invitos
291 2378 319 2406 V
413 2376 459 2408 24
490 2372 638 2408 inferis:
665 2372 799 2409 infelix
826 2381 853 2408 tr
954 2372 1123 2408 clausere
1150 2381 1169 2415 β
1268 2376 1313 2407 26
1345 2382 1428 2417 per-

49 2419 231 2455 manebat
256 2426 300 2455 M
394 2424 439 2457 28
467 2432 581 2467 quam
607 2432 674 2458 om.
696 2428 734 2456 Ρ

1139 2481 1209 2515 13*
