1638 2560
159 134 244 178 188
703 127 986 165 GLADIATOR

158 249 372 289 sceleratus
416 260 487 286 nec
530 246 680 291 infelix.
745 242 968 293 ecquando,
1011 240 1183 290 iudices,
1219 239 1295 294 1100
1330 235 1528 278 audistis?

157 310 340 349 bonitate
372 320 443 347 sua
475 306 677 359 gladiator
707 305 837 343 factus
870 304 940 342 est.

87 369 139 406 23
248 369 426 416 Utinam,
457 367 621 412 iudices,
651 366 749 404 haec
777 376 877 414 quae
908 362 972 401 illi
998 361 1176 412 speciosa
1206 360 1311 409 sunt,
1342 360 1425 398 tam
1458 359 1530 397 ho-

158 431 272 469 nesta
304 430 434 468 essent
465 429 504 466 et
535 427 645 465 mihi.
710 425 894 475 quotiens
928 422 979 462 ad
1014 420 1336 460 infelicissimum
1372 419 1529 470 respexi

159 503 291 529 senem
323 489 433 527 cuius
464 487 636 526 orbitate
662 487 768 534 vivo,
800 497 890 523 cum
916 482 1142 522 confectum
1168 480 1348 520 cladibus
1375 480 1415 519 et
1438 481 1529 518 tan·
1568 492 1584 519 5

158 552 244 588 tum
275 561 426 600 poenae
452 561 547 587 suae
572 546 776 586 residuum
802 543 1020 592 considero,
1052 555 1192 581 verum
1217 541 1427 580 fatendum
1452 541 1531 580 est:

158 610 282 661 pudet
306 622 368 647 me
399 609 522 659 pretii
546 608 635 646 mei.
686 606 802 644 video
835 617 969 643 senem
994 603 1158 642 meliore
1185 602 1247 641 sui
1274 602 1392 652 parte
1416 613 1531 652 prae-

159 670 371 720 sepultum,
397 669 525 708 omnis
552 668 675 706 etiam
701 667 786 717 spei
812 665 1080 716 superstitem,
1107 663 1260 712 orbum,
1281 662 1530 702 destitutum.

158 730 261 768 illud
291 731 427 768 tamen
453 729 646 768 solacium
673 729 732 766 est
759 726 877 776 quod,
909 725 989 764 11131
1013 724 1138 762 1616111
1164 722 1338 762 61111611111
1368 721 1531 761 habuis-

160 803 254 839 sem,
284 790 382 828 haec
414 789 460 827 de
489 790 528 827 16
556 788 790 827 dicerentur.
842 786 935 824 huic
960 785 1070 835 patri
1094 783 1296 822 invidiosa
1322 782 1532 833 quaedam,
1554 795 1589 822 ιο

160 852 312 900 opinor,
345 851 385 888 et
412 862 513 899 quae
544 847 726 887 beneficii
750 848 879 885 morte
907 847 1109 896 pensetur,
1142 845 1358 883 criminosa
1389 842 1533 882 libera—

159 911 255 948 litas
300 910 513 961 contigerit
557 910 700 960 egenti.
771 907 953 956 alioquin
997 906 1075 944 duo
1122 905 1300 956 egentes,
1345 905 1385 942 61
1429 904 1534 942 circa

161 972 350 1019 omnium,
382 970 445 1008 vel
476 971 724 1021 ignotorum,
757 968 897 1006 domus
930 967 1075 1016 stipem
1106 964 1338 1016 rogabimus
1369 964 1532 1015 pariter.
1599 975 1601 978 ·

161 1031 194 1070 si
227 1031 315 1080 quis
348 1029 510 1080 grandis
542 1031 641 1068 natu
672 1041 816 1079 parens
850 1028 921 1076 631,
953 1026 1208 1066 miserebitur
1236 1026 1351 1075 senis,
1384 1025 1418 1064 si
1444 1025 1534 1074 quis

160 1090 315 1129 iuvenis
350 1090 474 1139 filius,
517 1089 769 1129 miserebitur
808 1088 1083 1127 adulescentis.
1146 1086 1316 1125 fortasse
1355 1084 1535 1136 proderit
1555 1097 1590 1124 15

161 1150 434 1188 mendicaturo
466 1150 566 1188 mihi
599 1149 705 1199 quod
735 1150 821 1199 ipse
854 1147 1071 1198 aliquando
1102 1147 1285 1198 egentem
1315 1158 1535 1196 pauperem

164 1211 256 1248 alui.
322 1211 455 1260 accipe
494 1210 826 1259 satisfactionem,
870 1209 913 1246 in
959 1219 1197 1258 quacunque
1241 1207 1358 1256 parte
1401 1218 1535 1245 rerum

162 1272 330 1309 naturae
363 1283 414 1319 63,
448 1271 573 1309 amice
600 1270 814 1309 carissime.
866 1282 946 1307 non
979 1267 1157 1306 excidere
1188 1266 1288 1305 mihi
1319 1268 1392 1304 tua
1422 1278 1535 1305 man-

163 1331 276 1380 data,
314 1331 477 1369 fortuna
509 1331 670 1380 defecit,
702 1343 796 1382 opes
829 1330 1075 1368 auferuntur.
1140 1327 1247 1378 quod
1278 1340 1404 1365 unum
1434 1326 1536 1365 mihi

161 1391 347 1429 relictum
380 1393 449 1439 est,
482 1404 530 1429 en
561 1391 753 1441 polliceor
783 1390 893 1440 patri
923 1391 994 1428 tuo
1027 1389 1199 1428 vicarias
1230 1400 1384 1426 manus.
1437 1386 1534 1437 quid
1555 1399 1592 1425 2⁰

162 1452 223 1490 vis
254 1464 374 1501 porro
406 1450 579 1489 faciam?
630 1451 804 1502 agrestia
837 1448 986 1501 opera?
1018 1449 1240 1499 delicatior,
1273 1447 1381 1498 quod
1406 1459 1430 1486 a
1455 1447 1535 1486 for-

161 1512 262 1550 tuna
293 1524 372 1549 non
398 1511 530 1560 didici,
563 1512 603 1550 et
635 1510 827 1550 cotidiani
855 1511 1044 1560 quaestus
1071 1510 1202 1560 operis
1230 1507 1384 1547 duobus
1417 1520 1535 1560 egen-

161 1571 270 1610 tibus
308 1584 387 1609 non
426 1571 583 1611 sufficit.
646 1572 835 1610 miserum
872 1571 952 1609 me!
995 1571 1029 1609 si
1067 1570 1267 1609 exsolvere
1310 1568 1429 1607 fidem
1468 1581 1534 1607 vo-

162 1631 287 1681 luero,
318 1632 487 1671 fortasse
519 1631 617 1670 mihi
649 1633 691 1669 in
723 1631 862 1670 ludum
893 1630 1175 1669 revertendum
1208 1631 1278 1669 est.

262 1738 279 1768 1
308 1734 503 1778 ecquando
532 1742 567 1769 ς;
601 1734 824 1779 necquando
850 1740 931 1777 Βῆ
958 1734 997 1768 61
1023 1733 1175 1778 quando
1202 1738 1291 1775 Μβιν
1361 1735 1382 1767 3
1407 1730 1486 1766 illis
1513 1745 1538 1767 a

165 1786 185 1816 5
214 1792 341 1816 36116111
365 1782 514 1828 respexi
541 1791 560 1824 β
648 1786 666 1817 7
694 1784 804 1828 putet
830 1788 878 1825 Μ,
906 1793 1059 1836 corvum
1161 1785 1203 1816 11
1229 1779 1412 1816 beneficio
1438 1790 1538 1814 mor-

162 1865 213 1902 tis
242 1873 262 1900 ς
385 1870 428 1900 12
456 1866 599 1910 alloqui
631 1873 658 1900 V
776 1867 947 1912 egentes:
971 1831 1020 1912 4ng
1047 1872 1104 1910 M,
1132 1876 1151 1900 6
1177 1867 1220 1901 in
1244 1875 1360 1911 marg).
1387 1863 1475 1900 add.
1494 1877 1540 1898 m

165 1917 209 1949 13
237 1914 368 1948 domus
395 1923 477 1956 αβγι
512 1926 570 1949 -03
597 1923 623 1948 «s
741 1914 956 1960 rogavimus
988 1921 1015 1948 V
1134 1918 1178 1949 14
1205 1924 1341 1959 parens
1367 1913 1441 1948 est:
1467 1921 1536 1957 pa-

162 1973 289 1997 renses
315 1968 360 2006 B,
387 1964 563 2007 parentes
590 1970 613 1996 11
719 1967 762 1998 15
796 1962 1073 1998 adholescentis
1105 1969 1132 1996 V
1234 1965 1278 1996 18
1303 1960 1544 2008 ΚΞ6113311116

163 2016 220 2054 M3
245 2010 451 2045 Karissime
478 2020 497 2053 β
588 2011 767 2046 excedere
791 2017 828 2045 B
918 2014 963 2046 20
989 2010 1091 2056 patri
1116 2011 1198 2045 tuo:
1226 2009 1299 2044 tibi
1325 2015 1353 2043 V
1435 2007 1538 2053 quod

162 2064 242 2093 ΒΜ
336 2062 382 2093 24
407 2059 629 2093 vertendum
654 2065 700 2103 B,
729 2069 769 2093 re
794 2070 894 2104 supr.
917 2066 939 2093 b

258 2110 298 2153 1-1
323 2118 455 2153 FABH
479 2118 814 2161 QVINTILLIANI
841 2119 1124 2154 GLADIATOR
1149 2105 1323 2153 EXPLIc
1356 2115 1532 2152 ΙΝΟΙΡΙΊ

163 2170 451 2214 sEPVLcHRV
477 2168 763 2214 INCANTATYI
794 2180 910 2214 mimo
932 2180 1034 2224 picta
1058 2185 1096 2214 B
1167 2171 1216 2213 Π.
1243 2176 1368 2212 FABI.
1397 2175 1535 2219 011111-

162 2237 367 2273 ’1111111111-
385 2237 668 2274 GLADIATOR
694 2238 916 2274 EXPLICIT
943 2240 1175 2286 (atramento)
1207 2229 1338 2274 INCI'P
1365 2235 1536 2272 SEPVL-

163 2290 259 2334 GRV
283 2289 570 2334 INCANTATV
597 2301 740 2345 (mimo)
766 2305 794 2333 v
862 2299 910 2334 M.
932 2299 1074 2334 FABJJ
1094 2296 1402 2342 QVINTILIANI
1421 2295 1535 2332 GLA-

160 2357 348 2394 DIATOR
372 2352 548 2394 EXPLIC‘
571 2361 802 2406 (atramento)
833 2351 975 2394 ῑοΙΡΙΤ
1001 2358 1357 2395 ARGVMENTVM
1391 2357 1535 2404 (minio)
1573 2350 1575 2352 ’

162 2425 205 2454 Μ
299 2418 347 2453 M.
376 2419 484 2465 Fabij
521 2411 715 2463 quitiliani
741 2419 933 2465 gladiator
965 2419 1124 2465 explicit
1154 2419 1296 2464 Incipit
1323 2417 1537 2453 Mathema-
