1638 2560
171 108 258 151 330
570 104 772 141 INFAMIS
798 104 851 140 IN
875 103 1090 139 MATREM
1114 103 1133 140 I

170 225 216 262 ut
240 224 439 273 torqueas.
492 222 534 259 at
558 222 622 270 tu,
653 233 725 270 pro
751 219 882 258 nefas!
914 218 1165 268 verberibus,
1196 217 1358 270 ignibus
1390 219 1431 258 et
1454 219 1544 258 tota

171 282 419 322 crudelitatis
452 283 537 320 arte
570 281 760 320 scrutaris
791 293 887 329 rem,
920 279 968 318 de
1001 292 1080 329 qua
1112 291 1193 318 non
1225 275 1388 318 deberes
1419 270 1542 319 inter-

170 356 310 395 rogare
342 355 486 392 servos,
519 341 566 380 de
599 355 679 392 qua
704 341 918 380 vernilium
950 352 1107 390 quoque
1140 352 1354 390 corporum
1384 339 1543 391 patien-

169 405 270 443 tiam
294 403 522 454 petulanter
548 403 760 441 excuteres.
811 401 983 439 laminas
1010 400 1205 450 accendis,
1226 399 1382 440 eculeos
1407 411 1543 440 moves

170 466 209 503 et
246 463 461 514 parricidio
500 462 713 513 suspicaris
750 462 958 501 incestum.
1021 462 1150 501 nescis
1190 460 1297 511 quod
1339 473 1543 512 praeceps,
1581 473 1597 501 ⁶

169 524 275 575 quod
313 523 529 574 abruptum
567 525 652 562 tam
689 522 886 561 nefandae
925 521 1161 573 diligentiae
1199 521 1336 560 furore
1371 534 1543 562 commo-

168 583 290 623 veas?
349 585 465 634 pater
502 585 574 634 qui
612 583 660 622 de
697 584 849 622 incesto
881 582 1011 620 filium
1047 583 1228 632 torquet,
1266 595 1347 622 non
1385 584 1446 622 est
1475 594 1544 621 ne-

168 645 282 696 ganti
325 644 559 683 crediturus.
634 643 812 682 omnium
858 642 1037 693 quidem,
1081 642 1255 693 iudices,
1298 643 1544 683 incertorum

169 705 413 756 suspiciones
456 705 626 754 pessime
672 716 829 753 semper
866 716 889 741 a
931 704 1165 754 corporibus
1208 703 1428 754 incipiunt,
1471 715 1544 743 nec

167 765 265 804 bene
298 765 346 804 de
378 765 613 815 cuiusquam
650 765 827 804 moribus
867 764 981 802 illam
1019 765 1177 814 partem
1207 763 1381 803 hominis
1418 765 1544 804 inter-
1563 775 1599 804 10

166 838 280 877 roges
321 838 422 875 quae
460 838 540 864 non
582 825 736 874 animo,
781 825 849 863 sed
894 824 1030 863 dolore
1073 824 1299 876 respondet.
1362 824 1544 864 nondum

167 886 255 925 dico
288 899 407 936 quem
438 888 644 936 torqueas,
676 886 766 936 quis
798 886 904 924 inter
937 885 1093 925 eculeos
1124 886 1318 936 ignesque
1354 881 1543 936 ponatur,

168 947 278 985 euius
322 948 466 997 arguta
503 947 614 997 prius
645 946 796 985 indicia
827 946 1088 996 praecedant3
1126 947 1391 986 novissimum
1425 940 1544 986 debet

166 1020 269 1056 esse,
308 1006 500 1057 quicquid
538 1007 668 1046 obiter
705 1008 917 1056 torquetur
948 1008 989 1045 et
1021 1006 1200 1057 punitur.
1263 1006 1384 1046 fidem
1414 1007 1544 1046 homi-

165 1081 262 1105 num
294 1067 552 1118 deorumque!
589 1080 638 1105 ne
671 1068 914 1119 gravitatem
945 1068 1097 1117 putetis
1131 1080 1155 1106 a
1185 1067 1414 1107 novissimis
1446 1067 1541 1106 ulti·
1561 1080 1596 1107 15

165 1127 319 1177 misque
351 1129 535 1177 coepisse.
598 1141 678 1166 non
709 1127 831 1166 habet
861 1128 1142 1178 probationem
1173 1128 1348 1178 facinus,
1379 1128 1428 1167 de
1461 1137 1540 1179 quo

164 1190 279 1238 pater
310 1201 391 1227 non
422 1190 556 1238 potest
588 1188 713 1226 alium
744 1190 931 1238 torquere
964 1202 1087 1239 quam
1121 1188 1260 1227 filium.

93 1245 144 1282 12
254 1248 399 1298 Video,
433 1262 512 1299 qua
549 1249 677 1299 possis
708 1249 866 1287 ratione
899 1249 1078 1299 defendi,
1117 1250 1152 1289 si
1184 1250 1320 1288 omnia
1358 1250 1452 1288 ante
1483 1249 1539 1288 fe-

164 1309 271 1358 cisti,
309 1310 355 1347 ut
385 1310 581 1349 incestum
614 1310 731 1348 aliter
763 1322 930 1350 eruereS.
995 1310 1092 1359 quid
1125 1308 1216 1349 ais?
1276 1306 1540 1361 interrogasti

164 1369 353 1418 servulos,
385 1382 464 1407 non
496 1371 631 1420 potuit
663 1370 843 1409 conscius
875 1370 1059 1409 inveniri.
1118 1370 1327 1420 exquisisti
1359 1370 1539 1421 ancillas,
1559 1383 1595 1410 πο

163 1442 242 1468 non
286 1431 475 1480 apparuit
517 1430 702 1470 ministra
747 1430 904 1482 fiagitii.
968 1443 1047 1469 non
1093 1431 1264 1470 obscena
1307 1431 1540 1470 litterarum

164 1492 416 1539 commercia,
455 1504 535 1529 non
571 1491 738 1530 fatentis
775 1491 1068 1541 reprehendisti
1098 1491 1270 1531 nefande
1307 1491 1538 1531 blanditias.

164 1551 264 1588 nihil
289 1551 445 1590 invenis
471 1551 652 1600 maritus,
678 1551 874 1601 dominus,
900 1554 1027 1602 pater.
1078 1553 1094 1590 i
1119 1565 1236 1602 nunc,
1264 1554 1305 1591 et
1330 1551 1394 1591 dic
1419 1553 1539 1592 scisse

163 1623 373 1648 rumorem.
437 1611 517 1660 sed,
549 1613 596 1650 ut
626 1614 833 1662 torqueas,
873 1612 1043 1651 ducatur
1082 1614 1220 1652 tamen
1253 1612 1435 1663 quaestio
1466 1625 1540 1663 per

164 1671 344 1721 coniugis
370 1671 605 1721 ministeria,
637 1685 709 1722 per
733 1672 809 1710 filii
834 1673 1026 1723 servulos,
1051 1674 1094 1711 in
1119 1673 1192 1712 illa
1216 1674 1352 1724 potius
1378 1672 1539 1712 vilitate
1558 1685 1593 1712 25

165 1730 378 1769 desaeviat.
429 1733 541 1781 prius
568 1733 639 1782 est,
665 1733 711 1771 ut
735 1732 969 1782 repudietur
994 1746 1104 1783 uxor,
1130 1736 1177 1772 ut
1200 1733 1374 1773 divortio
1399 1733 1473 1772 fiat
1496 1733 1539 1772 in

164 1790 280 1829 domo
301 1791 450 1842 grande
471 1795 676 1831 secretum.
728 1793 882 1832 excedit
908 1807 1066 1833 omnem
1088 1795 1384 1844 inmanitatem,
1409 1793 1540 1833 filium

260 1898 280 1928 2
308 1894 510 1941 εοτιιξῂειτὶε
538 1901 587 1939 M,
615 1895 776 1930 scrutari
801 1903 833 1930 .1
928 1900 949 1931 4
982 1897 1058 1932 iam
1084 1897 1207 1933 minas
1234 1905 1288 1932 ao*
1381 1900 1403 1932 5
1429 1907 1540 1943 prae<

164 1977 224 2001 ces
251 1972 294 2001 M
389 1970 409 2001 6
435 1966 600 2002 furorem
627 1973 669 2002 M
765 1973 783 2003 7
811 1957 943 2014 negati
968 1976 1006 2004 Β
1088 1973 1108 2005 9
1135 1970 1412 2016 suspicationes
1437 1975 1471 2004 J

164 2042 206 2073 11
235 2038 318 2073 sed:
341 2038 409 2074 sub
428 2045 508 2074 ΒΜ
578 2039 664 2075 (1010
686 2046 730 2075 Μ
801 2044 845 2075 14
866 2041 989 2077 obiter
1006 2043 1155 2087 scripsi:
1180 2029 1326 2078 obissret
1343 2048 1396 2087 Β;
1417 2041 1540 2077 obiret

167 2093 206 2130 V3
234 2086 378 2122 obieret
397 2094 452 2131 113
479 2087 646 2123 obiceret
665 2094 887 2133 .1;οφη.Μβ
971 2091 1084 2135 punit
1106 2106 1153 2135 ω,
1180 2102 1271 2127 corr.
1293 2091 1345 2127 H.
1434 2090 1539 2135 quic-

162 2134 254 2180 quid
286 2137 439 2181 torquet
469 2135 547 2171 urit
577 2136 688 2181 punit
720 2137 825 2172 Dess.
848 2149 887 2183 Ρ.
916 2140 980 2182 93,
1014 2120 1174 2187 <qu0d⁷>
1202 2138 1385 2185 quicquid
1416 2138 1540 2174 obiter

160 2185 359 2230 torquetur
397 2185 435 2219 et
471 2184 583 2230 punit
620 2185 733 2221 Klotz
866 2189 909 2221 15
944 2186 1097 2222 deorum
1135 2187 1406 2234 hominumque
1438 2195 1458 2230 β

162 2258 206 2291 18
232 2256 298 2291 nte
325 2262 374 2299 M,
403 2267 424 2291 a
450 2267 550 2301 supr.
571 2271 613 2291 m
701 2260 744 2292 19
773 2244 897 2292 eruers
924 2265 959 2292 Β
1041 2260 1107 2304 qui
1134 2260 1190 2296 ais
1216 2266 1268 2304 Β;
1295 2258 1387 2305 quia
1411 2258 1472 2294 his
1497 2265 1538 2303 V3

161 2303 252 2348 quia
278 2304 310 2339 si
335 2311 378 2339 M
466 2305 687 2351 interrgasti
713 2312 741 2339 V
847 2310 891 2341 20
918 2317 988 2341 nec
1014 2322 1060 2350 ως
1087 2319 1179 2344 corr.
1203 2317 1224 2343 ς
1322 2311 1367 2343 22
1393 2318 1470 2342 non
1494 2318 1539 2343 ea:

159 2363 228 2388 nos
248 2358 286 2388 Β
356 2352 512 2388 ferentis
534 2359 570 2388 Ρ
647 2353 932 2399 deprehendisti
960 2364 981 2389 ς
1055 2360 1100 2391 23
1127 2357 1156 2391 i:
1177 2369 1203 2391 u
1229 2363 1257 2391 Γ
1324 2355 1442 2391 fuisse
1471 2356 1538 2393 Gr.

160 2404 205 2436 26
233 2399 422 2449 deserviat
446 2407 484 2436 Β
