1638 2560
480 112 799 150 DECLAMATIO
824 110 948 148 xvm
967 115 1071 148 1-2.
1378 110 1465 152 321

87 231 214 282 aierit,
242 229 343 281 quid
372 230 504 268 morte
529 228 780 280 compererit.
830 226 1074 278 respondeat
1104 225 1241 266 saltim
1273 239 1376 275 reus,
1407 225 1467 263 fa-

85 293 225 332 teatur
257 291 388 330 iratus
418 302 491 329 cur
525 289 569 328 in
605 290 770 340 peracta
801 287 1040 327 crudelitate
1076 287 1298 326 modestiae
1335 286 1469 325 fronte

87 351 281 393 substitit.
342 363 416 390 nec
452 351 569 390 uxori
606 351 741 401 potest
776 349 908 388 videri
944 361 1127 400 parcere,
1163 347 1213 386 de
1252 360 1334 398 qua
1367 346 1468 386 scire

88 412 222 453 voluit
256 423 311 451 an
346 413 453 451 esset
487 413 660 460 incesta,
696 423 769 449 nec
805 409 891 448 filio
930 422 1051 460 quem
1086 410 1299 459 tamquam
1336 408 1469 457 sciret,

52 487 70 515 ι
90 472 246 514 occidit.
308 474 402 512 ante
446 472 582 511 omnia
621 471 761 523 igitur,
803 470 974 520 iudices,
1018 469 1165 508 mulier
1202 468 1470 507 infelicissimi

89 533 255 586 pudoris
277 533 357 573 hoc
385 532 436 572 ab
467 531 691 572 adfectibus
716 531 889 583 publicis
921 531 1036 582 petit,
1067 543 1117 569 ne
1143 529 1257 569 vobis
1283 541 1470 569 accusare

90 594 285 634 videatur.
340 606 453 632 ream
484 606 526 633 se
556 594 712 642 incesti,
742 604 855 630 ream
885 591 1094 642 parricidii
1123 591 1253 642 putat.
1311 589 1472 629 exhibet

89 655 241 707 populo
280 654 568 694 conscientiam
609 666 724 692 suam
762 655 803 691 et
840 652 1031 692 adversus
1073 663 1350 701 quemcunque
1390 663 1471 690 ser-

89 728 268 766 monem,
305 714 573 767 quodcunque
618 716 815 753 secretum
851 714 999 752 marito
1037 712 1250 762 famaeque
1290 712 1472 762 praestat

36 791 73 818 ιο
90 775 371 828 interrogandi
402 777 657 826 potestatem.
720 774 845 813 vellet
874 774 1150 812 innocentiam
1187 773 1269 811 suis
1301 772 1472 823 probare

90 836 323 887 visceribus,
354 837 479 876 vellet
508 837 551 874 in
584 835 752 884 eculeos,
782 835 828 873 in
858 835 972 887 ignes
1004 834 1108 873 hanc
1136 834 1326 872 miseram
1356 845 1472 883 prae-

92 897 262 949 cipitare
310 897 517 948 pietatem.
579 897 792 948 ignoscite,
841 895 1010 944 iudices,
1054 894 1321 945 inpatientiae
1367 906 1469 944 quae
1496 893 1520 929 2

92 960 235 998 contra
265 957 570 998 callidissimam
605 956 969 996 dissimulationem
1006 954 1194 994 libertate
1226 954 1375 993 doloris
1409 966 1472 992 ex·
1515 971 1519 977 ·

94 1020 266 1058 aestuat.
314 1019 513 1057 incestum
544 1017 784 1068 probaretur
814 1017 979 1055 silentio
1009 1016 1150 1067 patris,
1183 1015 1219 1053 si
1250 1015 1403 1054 taceret
1433 1016 1475 1053 et

40 1088 75 1121 18
92 1081 235 1119 mater.
296 1078 499 1128 equidem,
543 1078 712 1127 iudices,
755 1079 842 1116 tam
880 1075 1102 1116 contrarios
1147 1075 1327 1114 adfectus
1368 1075 1474 1114 senis

93 1141 194 1180 satis
225 1139 430 1190 admirari,
463 1140 562 1178 satis
594 1140 755 1189 stupere
785 1150 867 1176 non
896 1149 1072 1188 possum.
1122 1136 1166 1174 in
1196 1149 1356 1174 rumore
1388 1138 1474 1174 tam

94 1200 294 1252 suspicax,
318 1202 412 1252 post
436 1202 638 1238 tormenta
662 1199 834 1250 patiens,
859 1198 979 1237 modo
1005 1197 1057 1236 ad
1082 1197 1244 1236 fabulas
1268 1197 1475 1247 vulgares-

95 1275 174 1312 que
204 1273 406 1301 sermones
436 1272 588 1311 pronus
620 1273 666 1299 ac
697 1259 848 1309 facilis,
878 1260 923 1297 in
955 1258 1141 1308 orbitate,
1176 1257 1220 1295 in
1245 1257 1474 1308 parricidio,

94 1323 229 1362 reatus
273 1334 433 1372 quoque
477 1321 614 1359 dolore
658 1321 864 1359 conticuit.
927 1332 1007 1369 quo
1050 1320 1215 1368 repente
1259 1329 1474 1356 conversus

41 1391 77 1424 ze
96 1381 184 1422 est?
213 1383 259 1421 in
289 1395 411 1433 quam
442 1382 683 1421 modestiam
714 1380 1114 1431 desperationemque
1146 1377 1318 1417 defecit?
1356 1379 1477 1417 torsit

96 1445 306 1494 tamquam
338 1443 559 1491 dicturum,
596 1443 706 1481 tacet
736 1443 947 1492 tamquam
979 1439 1135 1478 dixerit.
1198 1438 1319 1477 fidem
1349 1439 1478 1490 igitur

97 1506 285 1554 vestram,
316 1503 481 1552 iudices,
512 1516 562 1540 ne
595 1502 659 1540 cui
685 1503 864 1553 praestet
888 1513 1059 1552 magnae
1085 1500 1313 1538 severitatis
1340 1500 1476 1538 aueto-

97 1565 262 1604 ritatem
304 1577 384 1603 non
422 1575 538 1614 posse
582 1562 761 1612 defendi,
804 1575 903 1600 neve
940 1561 1030 1600 ideo
1068 1561 1266 1611 suspicari
1303 1559 1478 1598 nefanda

98 1625 269 1674 malitis,
303 1624 399 1674 quia
430 1636 472 1663 se
503 1623 665 1662 silentio
697 1622 899 1674 parricida
930 1623 1112 1660 miratur.
1175 1633 1340 1672 parcere
1370 1632 1477 1659 1111110

43 1699 80 1726 25
98 1685 216 1724 illum
259 1686 448 1735 cuiquam
491 1683 660 1722 tacendo
704 1681 896 1723 creditis?
939 1682 1053 1733 loqui
1090 1694 1131 1721 se
1170 1694 1262 1720 cum
1304 1682 1478 1720 maxime

198 1877 216 1908 1
245 1872 432 1918 comperit
457 1886 481 1906 α
554 1871 741 1917 responde
768 1871 810 1906 at
834 1878 862 1905 «r
932 1870 1068 1906 saltem
1096 1875 1156 1912 Μβ
1236 1873 1258 1904 2
1284 1869 1326 1904 in
1343 1870 1479 1915 perata

101 1928 181 1957 ΒΜ
201 1922 258 1968 (in
279 1933 396 1968 mary.
422 1920 601 1966 inparata
625 1921 698 1966 m);
724 1919 913 1965 imperata
938 1925 966 1954 V
1058 1918 1223 1954 frontem
1247 1924 1280 1953 J
1375 1922 1398 1954 4
1423 1917 1480 1953 in-

100 1972 206 2006 certa
230 1976 258 2005 V
350 1980 420 2005 nec
439 1981 506 2006 om.
528 1974 608 2003 ΒΜ
699 1979 814 2014 quem
838 1979 884 2004 ex
901 1971 1111 2004 cor-rectura
1130 1973 1175 2002 Μ
1268 1970 1290 2002 6
1316 1966 1388 2001 hec
1412 1975 1433 2009 β

31 2034 41 2051 ’
101 2041 301 2078 effectibus
327 2050 355 2077 ό·
423 2028 531 2077 vobis
556 2046 595 2075 Β
696 2043 717 2076 7
742 2039 878 2075 incerti
903 2046 955 2085 Β;
981 2039 1136 2075 incertis
1161 2045 1190 2074 V
1259 2038 1387 2074 exibet
1406 2044 1486 2073 ΒΜ

102 2089 392 2184 ‘³1‘P010⁰¹3>⁸¹¹⁰
410 2099 452 2174 1⁶⁵
480 2140 520 2174 2ss
538 2088 880 2173 &affirm
899 2095 943 2173 ἕξ
970 2087 1488 2172 amssrffifitifflrffioss

102 2149 276 2232 ἓαξῖθΡΥΒ,
295 2199 388 2224 corr.
409 2194 433 2222 ι
509 2150 570 2222 17(1
580 2186 781 2232 suspica&
800 2192 844 2221 Μ
886 2234 893 2241 .
912 2185 1161 2231 vulgereeque
1181 2190 1219 2219 Β
1291 2187 1336 2219 18
1362 2163 1483 2230 pan-12

105 2272 190 2308 cido
214 2278 251 2307 Ρ
321 2275 365 2307 21
393 2271 594 2308 docturum
618 2277 648 2306 V
721 2275 767 2306 22
793 2246 896 2317 nec}l
914 2275 957 2305 Μ
979 2270 1094 2315 (supr.
1114 2270 1169 2315 m)
1244 2269 1416 2314 praestat
1440 2273 1484 2310 Vs

105 2325 151 2355 23
178 2332 270 2356 non:
296 2331 397 2356 nunc
423 2329 443 2364 β
516 2331 670 2366 possum
692 2326 722 2354 V
790 2318 957 2355 nefanda
973 2339 1015 2344 ——
1031 2317 1183 2353 silentio
1210 2317 1296 2352 l.24
1319 2327 1387 2352 om.
1409 2322 1435 2350 S

106 2367 273 2404 nefanda
291 2368 436 2405 malitis
458 2369 582 2404 Paris.
598 2370 699 2404 7800
717 2379 816 2404 man.
830 2371 872 2404 2:
895 2365 1102 2402 nefandam
1123 2365 1222 2401 alius
1242 2380 1290 2409 ως
1317 2363 1485 2399 nefanda

107 2416 258 2452 malitia
282 2424 306 2452 e
401 2421 448 2452 24
473 2417 650 2452 miratur:
681 2418 831 2452 tutatur
855 2415 935 2452 Sch.

181 2484 397 2517 Qum-mum
416 2490 691 2511 nxcnmnoxns
711 2483 757 2509 ed.
777 2483 802 2508 L
811 2490 826 2509 e
834 2482 853 2508 h
862 2490 883 2508 n
891 2490 906 2509 e
915 2490 930 2508 r
938 2484 959 2508 t.
1223 2477 1267 2508 21
