1638 2560
739 499 775 550 Ι.

440 607 672 658 PARIES
709 608 1074 658 PALMATVS.

71 741 243 794 Quidam
283 744 348 783 cui
388 745 473 783 erat
510 744 621 792 filius
661 754 798 783 caecus
838 755 950 793 quem
989 745 1166 784 heredem
1205 746 1441 792 instituerat,

128 803 288 843 induxit
317 803 379 842 illi
409 815 616 843 novercam
646 806 899 853 iuvenemque
926 805 971 844 in
994 807 1141 845 secreta
1166 805 1304 846 domus
1322 810 1441 856 parte

33 877 50 905 s
127 865 310 913 seposuit.
372 865 407 904 is
437 867 570 910 noctu,
608 865 704 904 dum
734 866 778 904 in
809 865 985 904 cubiculo
1016 878 1105 905 cum
1135 877 1256 906 uxore
1286 868 1439 914 iaceret,

128 925 278 963 occisus
316 925 372 963 est
406 925 661 974 inventusque
689 927 848 974 postero
882 926 945 965 die
975 926 1122 966 habens
1150 927 1331 976 yladiwm
1361 928 1440 976 filii

128 983 302 1032 defixum
337 985 382 1024 in
415 985 575 1025 vulnere
582 985 753 1046 [pariete
784 987 834 1025 ab
865 986 993 1035 ipsius
1025 987 1079 1026 ad
1108 987 1187 1036 lilii
1217 988 1440 1027 cubiculum

127 1046 300 1095 vestiqi'is
329 1046 495 1094 palmae
531 1048 749 1108 cruentatos
805 1049 992 1086 accusant
1027 1059 1067 1087 se
1103 1048 1270 1088 invicem
1300 1061 1439 1090 caecus

127 1107 164 1144 et
191 1116 371 1146 noverca.

12 1240 48 1268 10
158 1225 202 1264 Si
231 1225 388 1266 iuvenis
419 1225 786 1277 innocentissimus,
823 1226 992 1278 iudices,
1029 1227 1090 1268 uti
1127 1228 1250 1268 vellet
1281 1229 1435 1269 ambitu
1462 1231 1482 1267 1

66 1285 321 1326 tristissimae
366 1286 627 1338 calamitatis,
672 1288 833 1338 poterat
875 1288 1050 1339 allegare
1093 1289 1207 1329 vobis
1249 1291 1437 1330 amissam

65 1358 156 1386 cum
193 1347 318 1386 oculis
357 1347 649 1399 cogitationum
687 1349 865 1387 omnium
902 1349 1190 1389 temeritatem:
1233 1350 1302 1390 sed
1347 1363 1437 1390 cum

66 1406 273 1447 ostendere
304 1407 577 1447 innocentiam
607 1420 722 1447 suam
751 1408 928 1448 moribus
957 1410 1075 1448 malit
1100 1422 1221 1460 quam
1246 1410 1436 1461 adversis,

64 1480 193 1518 neque
231 1468 397 1519 pietatis
428 1481 556 1518 neque
589 1469 855 1508 conscientiae
887 1482 982 1508 suae
1014 1482 1177 1521 gravem
1207 1470 1312 1510 ferre
1344 1484 1435 1511 con-

12 1542 46 1569 15
65 1528 275 1567 tumeliam
305 1530 452 1579 potest,
482 1530 529 1567 ut
552 1529 814 1579 parricidium
839 1542 919 1568 non
944 1530 1082 1569 fecisse
1108 1530 1294 1570 videatur
1317 1531 1435 1572 bene-

63 1587 154 1627 ficio
187 1588 403 1628 caecitatis.
461 1602 583 1639 quare
614 1590 742 1641 igitur
772 1603 851 1629 non
882 1589 996 1641 petit,
1028 1592 1075 1629 ut
1105 1591 1221 1631 illum
1245 1594 1435 1632 miserum

159 1715 220 1752 De
246 1716 353 1752 titulo
378 1716 599 1753 collectionis
625 1715 932 1754 declamationum
956 1717 1083 1762 confer
1102 1719 1383 1764 praefationem.

161 1767 181 1798 2
208 1763 344 1800 titulus
369 1764 466 1800 deest
492 1765 534 1800 in
551 1771 589 1799 B
607 1764 748 1811 (Paries
767 1765 963 1801 Palm3.tus
984 1765 1212 1802 declamatio
1231 1767 1249 1802 I
1267 1772 1300 1804 et
1321 1779 1431 1815 arqu-

62 1816 223 1848 mentum
254 1811 340 1848 add.
368 1824 466 1848 man.
491 1814 630 1849 saeculi
655 1813 779 1860 XIX)
882 1813 1003 1849 ITEM
1033 1813 1098 1849 DE
1132 1814 1252 1851 CECO
1284 1816 1338 1851 IN
1369 1816 1432 1852 LI-

63 1871 188 1908 ΜΙΝΕ
213 1862 337 1908 ALff.
364 1871 544 1908 ΙΝΟΠἾΤ
569 1872 742 1909 PARIEs
769 1865 997 1909 PALMAT⁹
1021 1876 1136 1912 minio
1159 1876 1299 1921 pictum
1318 1882 1362 1911 Μ

160 1924 181 1955 3
213 1921 482 1967 Arywmentum
513 1923 715 1967 composuit
738 1922 969 1959 Laurentius
1000 1923 1111 1959 Valla
1117 1937 1131 1969 ;
1168 1924 1251 1961 vide
1279 1924 1322 1960 in
1354 1924 1429 1962 cod.

63 1967 228 2006 Seldensi
250 1971 302 2005 22
326 1970 435 2014 finem
460 1969 738 2006 declamationis
762 1971 828 2007 II:

158 2017 361 2054 moriturus
389 2017 533 2053 absolvi
558 2017 665 2053 LAU.
693 2018 802 2054 VAL.

159 2064 213 2101 sic
239 2077 308 2112 ego
334 2065 537 2102 formarem
562 2066 691 2102 thema
717 2067 908 2112 sequentis
936 2067 1234 2104 declamationis.
1274 2067 1430 2114 quidam

158 2114 220 2149 cui
246 2115 328 2150 erat
352 2114 451 2150 filius
479 2125 587 2150 cecus
613 2119 675 2151 ect.
715 2116 761 2160 cf.
788 2115 893 2152 Dess.
915 2127 954 2161 p.
977 2119 1035 2152 55.

62 2161 158 2198 deest
194 2166 449 2209 aryumentum
486 2163 528 2198 in
572 2177 597 2198 α
628 2163 785 2210 (Thema
823 2164 925 2209 quod
957 2164 1127 2210 superius
1160 2166 1218 2211 M)
1249 2173 1326 2209 βγό.
1387 2165 1430 2201 de

62 2210 150 2246 aliis
180 2212 406 2257 aryumentis
436 2212 478 2246 in
502 2210 604 2248 codd.
636 2212 898 2248 recentioribus
928 2213 1189 2250 declamationi
1214 2214 1429 2260 praemissis

62 2258 108 2302 cf.
128 2258 234 2295 Dess.
251 2270 290 2304 p.
311 2261 369 2295 49.
392 2261 450 2295 50.
473 2262 529 2296 51.
552 2262 609 2295 54.
636 2259 688 2295 H.
705 2272 744 2306 p.
764 2263 824 2297 24.

160 2309 204 2342 10
225 2306 256 2342 si
269 2328 316 2333 —-—
329 2307 444 2343 vellet
462 2318 529 2343 om.
544 2313 590 2351 Β,
611 2307 698 2344 add.
718 2320 816 2345 man.
830 2309 968 2344 saeculi
981 2309 1090 2346 XIX
1150 2313 1191 2346 11
1215 2309 1375 2356 alligare
1393 2316 1430 2344 B

64 2357 108 2388 14
139 2354 294 2400 pietatis
321 2370 367 2391 m:
400 2355 538 2401 pietati
567 2355 649 2392 Obr.
751 2360 795 2392 16
827 2356 945 2403 igitur
969 2369 1036 2394 om.
1062 2367 1105 2401 βγ
1202 2359 1246 2394 ut
1269 2359 1294 2405 Ξ
1318 2357 1428 2393 inum

62 2403 101 2448 (6
119 2402 174 2439 vel
194 2405 217 2438 7
237 2404 304 2439 litt.
325 2405 388 2450 er.)
414 2410 456 2439 Μ

1165 2466 1211 2501 1*
