1638 2560
470 107 790 146 DECLAMATIO
816 108 904 144 vm
923 112 1056 148 9—11.
1369 107 1455 151 155

73 227 162 265 tam
191 225 314 277 longa
352 237 475 275 quam
511 225 599 263 vita
636 224 700 263 sit.
763 223 870 263 unde
906 224 1061 275 putatis
1098 224 1285 262 inventos
1316 222 1455 262 tardos

74 286 263 325 funerum
301 286 539 336 apparatus,
576 284 682 324 unde
715 284 824 335 quod
854 286 1042 335 exequias
1080 283 1310 335 planctibus
1346 283 1454 322 clan-

75 359 172 399 gore
207 358 436 398 magnoque
474 357 631 396 semper
666 346 940 395 inquietamus
978 345 1157 394 ululatu,
1193 357 1317 395 quam
1348 343 1457 394 quod

75 407 232 447 facinus
262 405 469 446 videretur
500 406 658 445 credere
689 407 776 445 tam
814 405 933 445 facile
964 406 1029 445 vel
1066 404 1217 444 morti?
1279 405 1455 444 vidimus

37 482 57 509 5
74 469 204 520 igitur
231 467 466 518 fiequenter
497 466 549 506 ad
580 468 709 506 vitam
739 468 833 517 post
865 467 1117 506 conclamata
1148 478 1336 517 suprema
1366 464 1455 504 red-

75 529 225 568 euntes.
275 527 457 578 plerique
483 527 775 567 convaluerunt
799 527 1079 579 neglegentiae
1110 526 1228 576 bono,
1261 526 1457 576 quosdam

75 589 270 640 explicuit
300 588 494 640 quicquid
532 589 633 628 alios
670 588 856 627 fortassis
887 588 1104 637 occideret,
1139 588 1212 627 hos
1244 587 1455 639 indulgen-

75 651 158 690 tiae
187 650 413 699 temeritas,
450 649 544 688 illos
575 648 735 688 adiuvit
765 648 1057 699 desperationis
1093 648 1274 687 audacia.
1338 647 1457 687 detur
1477 648 1526 685 11

74 710 258 750 fortassis
289 710 382 749 huic
414 710 494 748 arti
525 710 751 760 perspicere
782 709 961 759 morbos,
1000 710 1217 760 profutura
1247 708 1455 748 meditari:

20 786 57 813 ιο
74 771 145 811 sed
174 770 281 810 unde
306 771 428 810 sciret
453 772 651 820 quantum
681 770 789 809 inter
812 771 967 809 viscera
997 770 1251 820 latentesque
1278 770 1456 820 pectoris

74 832 187 871 sinus
217 832 434 882 unicuique
466 832 625 870 animae
656 832 803 870 natura
836 831 1087 880 concesserit,
1120 843 1243 881 quam
1274 830 1455 881 proprie-

73 893 203 932 tatem
240 893 424 943 spiritus,
458 904 581 942 quam
612 904 755 942 corpus
794 890 1025 942 acceperit?
1086 904 1168 930 non
1199 893 1286 930 tam
1317 892 1455 930 variae

74 953 313 992 mortalibus
345 953 509 999 formae,
541 965 614 992 nec
644 953 687 990 in
713 952 894 991 vultibus
924 952 1071 991 nostris
1104 952 1216 992 sedet
1246 953 1365 990 tanta
1397 951 1454 990 di-

73 1013 245 1053 versitas
278 1014 432 1064 quanta
462 1013 566 1052 latet
596 1013 639 1051 in
671 1013 770 1063 ipsis
803 1012 1091 1052 dissimilitudo
1124 1012 1330 1052 vitalibus.
1394 1012 1455 1050 in-

20 1088 55 1116 15
74 1073 317 1126 enarrabile,
348 1073 712 1124 indeprehensibile
745 1074 805 1113 est
837 1073 1029 1124 quicquid
1060 1086 1132 1113 nos
1165 1073 1456 1112 elementorum

73 1135 190 1174 varia
227 1147 422 1187 compago
459 1134 662 1174 formavit.
726 1136 767 1174 et
797 1136 920 1185 prout
950 1136 994 1173 in
1025 1147 1098 1173 nos
1137 1135 1258 1184 plura
1290 1146 1360 1173 seu
1391 1146 1454 1172 ra-

72 1196 183 1235 riora
207 1195 256 1235 de
280 1197 451 1235 terrenis
483 1195 701 1235 seminibus
729 1195 1047 1246 caelestibusque
1080 1196 1273 1245 coierunt,
1305 1196 1365 1233 ita
1390 1195 1455 1233 vel

74 1256 267 1295 duramur
309 1256 436 1296 tacita
478 1256 636 1295 ratione
681 1256 746 1295 vel
786 1256 990 1295 solvimur.
1054 1268 1107 1294 an
1148 1255 1453 1306 desperantibus

74 1316 183 1356 credi
202 1316 396 1366 debuerit,
421 1329 493 1356 vos
520 1317 797 1356 aestimabitis.
850 1316 919 1367 qui
945 1318 1145 1368 negarunt
1170 1328 1312 1368 aegros
1337 1327 1454 1366 posse

19 1392 55 1418 πο
74 1377 228 1427 sanari,
271 1391 344 1417 nec
380 1379 424 1416 in
460 1378 536 1417 hoc
577 1377 852 1428 probaverunt
890 1377 959 1427 qui
998 1378 1144 1426 evasit,
1185 1389 1258 1415 nec
1298 1377 1342 1414 in
1382 1376 1453 1415 illo

73 1451 194 1489 quem
242 1451 323 1478 non
373 1439 544 1490 languor
587 1438 744 1477 occidit.
812 1438 942 1476 iustas
992 1438 1238 1476 mehercules
1287 1436 1454 1475 haberet

73 1499 219 1538 mulier
258 1511 398 1538 causas
437 1499 709 1549 querelarum,
753 1499 788 1537 si
825 1511 931 1538 nova
970 1499 1258 1551 incognitaque
1295 1497 1453 1536 ratione

74 1559 139 1598 vel
169 1561 386 1610 utrumque
413 1571 622 1598 servasses.
672 1572 880 1609 nunquam
912 1572 960 1597 ex
990 1571 1138 1610 magno
1164 1559 1277 1598 venit
1308 1558 1454 1598 affectu

74 1619 326 1659 incredibilia
357 1621 424 1659 vel
460 1620 675 1671 profutura
710 1621 951 1670 temptasse,
989 1621 1030 1658 et
1060 1620 1104 1658 in
1140 1633 1184 1658 re
1221 1632 1323 1670 quae
1361 1619 1453 1670 plus

20 1695 55 1721 25
75 1680 123 1719 de
154 1682 308 1720 incerto
339 1680 480 1729 habet,
514 1681 721 1720 temeritas
754 1681 1017 1731 experimenti
1048 1681 1178 1720 solam
1208 1679 1355 1731 probat
1386 1679 1453 1719 de-

74 1741 315 1792 sperationis
361 1740 584 1780 audaciam.
647 1741 745 1791 quid
788 1741 912 1780 refert
956 1740 1070 1780 cuius
1115 1741 1169 1780 sit
1209 1740 1452 1780 condicionis

74 1814 206 1854 aeger,
244 1803 441 1852 quantum
479 1801 610 1841 adhuc
641 1802 744 1852 spei,
777 1803 974 1852 quantum
1006 1802 1193 1841 videatur
1225 1801 1372 1840 habere
1404 1801 1452 1840 de

73 1861 188 1902 vita?
250 1863 495 1902 sacrosancti
526 1862 610 1902 sint
646 1864 861 1913 parentum
898 1864 1039 1902 metus.
1103 1862 1160 1901 dii
1191 1875 1273 1901 non
1304 1862 1453 1910 sinant,

172 2006 191 2038 1
223 2002 367 2049 longua
392 2004 428 2048 (o
455 2004 498 2038 in
522 2004 611 2048 ras.)
635 2009 679 2037 Μ
779 2006 799 2038 2
832 2002 1029 2038 faenerum
1060 2009 1088 2037 Γ
1189 2002 1366 2048 clangore
1393 2010 1450 2044 βγε

74 2074 259 2122 plangore
285 2083 352 2120 ασς
385 2075 539 2121 ploratu
566 2083 587 2110 ς
685 2079 706 2111 5
738 2075 932 2111 redeuntis
958 2082 996 2110 B
1093 2079 1112 2111 7
1140 2062 1308 2111 ossideret
1333 2081 1361 2109 Γ

76 2127 98 2159 8
124 2123 238 2159 datur
263 2132 311 2166 βσ
407 2128 449 2159 11
479 2125 716 2159 concesserat
746 2130 775 2158 Γ
869 2127 912 2159 13
939 2124 1094 2160 nostris:
1121 2124 1198 2159 fitis
1230 2130 1259 2158 Γ
1327 2122 1450 2158 sedet:

74 2171 144 2208 sed
167 2179 201 2207 .1
277 2176 322 2208 14
347 2171 527 2208 vitalibus
553 2172 692 2208 nostris
718 2172 933 2208 enarrabile
958 2179 1004 2217 B,
1031 2173 1171 2208 nostris
1191 2172 1258 2208 del.
1286 2175 1321 2208 et
1344 2172 1384 2206 in
1411 2173 1452 2207 in

74 2256 190 2291 mary.
216 2244 303 2281 add.
324 2252 348 2279 ῠ
467 2248 510 2280 15
542 2220 884 2291 inileprehensibile
917 2251 945 2279 Γ
1061 2245 1102 2280 in
1136 2256 1204 2280 nos
1239 2244 1453 2280 dubitanter

75 2317 181 2353 Dese.
259 2320 301 2353 17
329 2328 402 2363 que
421 2323 542 2353 om.B
608 2321 654 2353 23
681 2319 866 2354 servasset
890 2324 930 2362 V,
957 2305 1143 2353 servasse13
1170 2324 1206 2352 P
1228 2319 1259 2363 (s
1288 2327 1390 2362 supr.
1410 2318 1451 2362 p)

75 2368 122 2400 24
147 2365 188 2400 in
211 2376 253 2401 re
278 2366 319 2401 in
344 2366 483 2402 lacuna
507 2369 530 2401 4
556 2366 611 2401 vel
635 2368 659 2402 5
684 2367 753 2402 litt.
781 2379 848 2403 om.
872 2373 908 2401 P
1004 2370 1048 2402 25
1083 2367 1227 2402 incerto
1254 2372 1298 2409 P,
1331 2364 1398 2399 del.
1424 2379 1452 2405 p

74 2417 109 2449 et
131 2425 233 2459 supr.
261 2414 395 2450 merito
495 2417 538 2450 27
566 2414 716 2450 videtur
746 2421 775 2449 Γ
868 2418 913 2450 28
941 2414 1071 2450 sinunt
1096 2426 1141 2450 ex
1166 2414 1294 2449 sinant
1318 2419 1356 2448 Β
