1638 2560
235 100 322 136 XVI
782 93 1072 131 PRAEFATIO.

628 228 653 251 α
1348 207 1375 259 β

236 301 274 338 p.
303 287 401 336 300,
431 287 486 324 20
520 283 774 336 appendebat
1109 280 1280 332 apponit

248 378 270 398 „
305 348 404 396 322,
433 348 455 385 7
491 346 696 385 erubuerit
1109 341 1304 381 debuerit.

493 466 672 505 Contra
704 465 729 517 β
762 466 974 516 genuina
1007 464 1227 503 servavit
1259 475 1291 501 e.
1319 476 1355 515 g.

625 563 650 615 β
1347 575 1373 599 α

235 651 274 688 p.
304 638 372 686 10,
400 637 454 675 27
490 636 691 675 obiectum
1107 633 1254 672 obiecit

247 728 269 747 „
304 699 370 747 11,
400 698 453 737 27
488 697 616 735 videri
1104 693 1240 733 videre

247 788 268 807 „
303 759 370 807 31,
400 759 455 796 10
487 770 684 796 venenum
717 769 796 794 non
829 755 935 795 dices
1105 754 1205 793 bene
1238 767 1385 794 nomen
1417 754 1568 794 diceres

247 848 268 868 „
301 819 372 867 40,
400 819 424 856 3
458 819 588 856 mater
1105 828 1205 854 uxor

249 909 271 928 „
304 879 372 927 49,
402 879 426 916 3
459 880 626 928 reponet
1105 878 1280 926 neponet

247 969 270 990 „
307 939 404 988 116,
433 940 488 977 20
522 951 643 977 curva
675 938 796 976 litora
1106 939 1348 976 curvantora

249 1030 271 1049 „
307 1000 404 1048 123,
434 1000 488 1038 10
521 999 683 1049 quinius
1107 997 1176 1047 qui
1209 998 1358 1037 nimius

248 1089 268 1109 „
306 1061 403 1109 142,
432 1061 455 1097 2
489 1059 647 1097 credere
1106 1057 1214 1096 credi
1234 1058 1474 1108 quaerereB
1493 1071 1615 1109 quae-

1227 1131 1314 1158 rere
1346 1118 1383 1156 V

247 1209 270 1229 „
306 1180 404 1229 176,
433 1181 488 1217 14
520 1181 629 1218 10000
1105 1179 1214 1217 locos
1324 1182 1326 1185 '

249 1270 270 1290 „
307 1240 404 1288 186,
434 1242 486 1279 16
521 1242 674 1279 victum
1105 1241 1265 1278 nectum

247 1330 268 1350 „
303 1301 402 1349 325,
431 1301 484 1338 28
518 1301 730 1339 materiam
761 1300 922 1339 miraris
1105 1299 1275 1339 materia
1307 1301 1450 1339 mirari

248 1390 270 1410 „
305 1362 404 1410 350,
433 1362 486 1399 22
521 1361 682 1399 adnisus
1106 1360 1316 1399 admissus.

324 1468 433 1514 Quae
466 1482 555 1508 cum
586 1471 646 1508 ita
672 1471 765 1519 sint,
797 1471 968 1519 utraque
999 1469 1157 1508 familia
1183 1469 1386 1518 praesidia
1415 1469 1467 1509 ad
1498 1483 1611 1509 recu-

234 1529 451 1579 perandam
472 1531 686 1580 pristinam
705 1531 839 1569 textus
865 1531 1038 1569 formam
1058 1532 1265 1580 parantur,
1291 1543 1421 1580 neque
1441 1531 1612 1571 alteram

234 1602 370 1628 earum
413 1603 596 1639 spernere
634 1593 754 1641 atque
795 1591 1006 1641 neglegere
1046 1591 1151 1630 licet.
1209 1591 1434 1641 principem
1474 1593 1613 1631 tamen

233 1650 363 1688 locum
396 1651 506 1688 tenet
537 1666 573 1700 α,
606 1664 685 1690 11011
717 1650 836 1690 111οᾶ0
875 1651 982 1700 quod
1019 1652 1061 1689 in
1097 1652 1328 1690 universum
1366 1651 1456 1702 ipsa
1488 1652 1612 1703 scrip-

231 1711 332 1748 toris
365 1710 486 1749 verba
513 1713 737 1749 accuratius
764 1713 951 1762 servavit,
985 1712 1053 1750 sed
1078 1713 1202 1750 etiam
1232 1704 1340 1762 quod
1367 1712 1449 1751 1001
1478 1713 1611 1764 magis

232 1770 414 1809 minusve
455 1771 636 1809 mendosi
680 1771 912 1823 diligentius
958 1771 1149 1822 descripti
1189 1774 1303 1822 sunt,
1345 1785 1436 1812 cum
1476 1774 1611 1812 textus

232 1831 411 1868 familiae
444 1831 470 1882 β
503 1831 551 1869 ab
589 1832 749 1870 homine
787 1833 948 1883 linguae
986 1832 1138 1871 latinae
1177 1846 1258 1872 non
1295 1833 1437 1884 ignaro
1475 1845 1611 1872 recen-

233 1890 333 1929 situs
366 1892 437 1939 sit,
474 1891 578 1929 unde
610 1892 762 1930 factum
801 1894 877 1942 est,
915 1895 961 1931 ut
991 1893 1129 1932 multis
1169 1893 1332 1943 quidem
1369 1893 1468 1933 locis
1507 1906 1610 1944 quae

231 1950 389 1990 librarii
408 1954 684 2002 peccaverant,
712 1952 950 1991 tollerentur
970 1955 1010 1991 et
1029 1953 1348 2004 emendarentur,
1374 1954 1453 1993 loci
1473 1956 1611 1994 autom

233 2012 411 2062 corrupti
437 2014 545 2050 certa
578 2012 750 2061 quadam
776 2013 932 2052 ratione
958 2016 1081 2063 atque
1107 2014 1262 2053 sollerti
1285 2027 1409 2053 manu
1435 2027 1482 2054 ex
1505 2015 1611 2054 arbi-

232 2073 311 2110 trio
337 2071 648 2110 immutarentur
679 2073 743 2111 vel
768 2075 901 2123 potius
927 2075 1102 2124 propriis
1127 2075 1303 2114 inventis
1333 2074 1608 2115 obruerentur.

326 2131 488 2171 Codices
520 2135 555 2171 P
588 2134 628 2170 et
661 2136 702 2182 S,
733 2135 779 2171 ut
803 2133 886 2171 iam
911 2134 1173 2183 procedamus
1200 2134 1252 2173 ad
1283 2136 1463 2187 singulos
1489 2135 1608 2174 fami-

231 2192 378 2231 liarum
404 2192 570 2242 codices,
596 2192 715 2243 plane
743 2206 826 2232 esse
853 2195 1043 2245 gemellos
1070 2196 1288 2245 paucisque
1313 2198 1476 2235 tantum
1502 2196 1609 2236 inter

232 2264 272 2291 se
305 2252 461 2291 differre
493 2253 591 2292 locis
619 2253 808 2302 exemplis
841 2254 1048 2294 ostendere
1080 2268 1160 2293 non
1187 2268 1286 2306 opus
1320 2258 1390 2295 est.
1448 2259 1606 2296 utrum-

233 2325 310 2363 que
351 2325 444 2352 vero
478 2326 524 2352 ex
566 2315 767 2352 communi
808 2315 1027 2364 exemplari
1067 2328 1269 2365 manasse,
1310 2329 1391 2356 non
1430 2321 1460 2357 S
1493 2330 1540 2356 ex
1571 2320 1608 2356 P

233 2386 316 2412 esse
350 2373 595 2424 descriptum
634 2386 679 2413 00
721 2374 917 2424 probatur
958 2375 1067 2425 quod
1104 2389 1196 2415 raro
1236 2376 1374 2415 eadem
1411 2379 1456 2416 in
1492 2377 1609 2417 libris
