1638 2560
471 88 795 126 DEGLAMATIO
821 72 908 124 xix
929 92 1083 124 14-16.
1384 87 1471 131 351

83 205 223 248 occidi.
278 218 361 245 non
384 204 545 257 perdidi
568 206 718 254 tamen,
749 217 830 244 non
857 203 1016 255 perdidi
1041 204 1153 243 unici
1176 205 1360 254 mortem,
1392 204 1474 242 for-

0 295 4 299 >
82 269 198 317 tuna,
229 279 311 306 non
333 265 507 317 perdidi.
564 266 648 304 iam
672 278 737 304 me
762 278 843 304 non
866 265 1095 316 interrogat
1119 264 1199 303 nisi
1219 264 1306 304 sola
1330 265 1473 303 mater.

89 329 274 378 consiste,
306 327 481 379 agedum
511 327 670 376 mulier,
703 326 793 365 loco
825 338 915 365 meo
948 326 989 364 et
1019 326 1063 364 in
1094 325 1281 364 habitum
1311 326 1475 376 paterni

84 389 234 428 furoris
259 388 441 427 accincta
467 387 636 426 admove
663 387 833 436 eculeos,
858 385 1034 438 flagella,
1058 387 1245 436 laminas,
1270 386 1475 436 praedico,

49 462 66 490 5
84 451 231 499 testor,
275 448 395 488 aliter
424 461 507 487 non
544 461 708 498 possum
746 448 879 498 loqui,
922 447 1042 486 aliter
1081 447 1184 486 1111111
1220 460 1302 486 11011
1339 449 1476 498 potest

87 509 207 550 credi.

179 569 447 621 Quamquam,
471 569 695 608 miserrime
720 569 878 608 iuvenis
898 590 959 596 —
977 568 1040 607 fas
1066 570 1128 608 est
1146 568 1254 607 enim
1273 570 1358 607 iam
1382 570 1475 608 tuos
1497 572 1548 609 16

87 631 245 682 alloqui
261 643 400 670 manes
419 652 480 656 —
494 631 716 681 exprimere
735 629 838 668 mihi
857 641 996 668 vocem
1015 629 1151 669 nullus
1171 630 1324 680 poterit
1343 629 1475 668 dolor:

89 693 288 743 quantum
318 692 448 741 volet,
479 690 630 730 Iaceret
668 690 734 730 vel
766 690 940 739 occidat,
979 691 1140 729 vincere
1176 703 1241 729 me
1273 691 1476 729 tormenta

33 767 70 794 10
88 753 273 792 docuisti.
330 753 367 792 si
395 754 535 791 tamen
566 752 628 791 fas
662 753 740 801 est,
782 751 1040 803 cogitationis
1072 751 1267 790 memoria
1298 752 1476 790 tractare

88 813 212 853 verba
252 812 423 853 miserae
461 813 728 863 quaestionis,
759 822 842 851 'cur
880 825 945 851 me
986 824 1123 850 cora-m
1161 812 1313 862 populo
1345 812 1477 863 magis

87 872 343 926 interrogas?
400 887 555 923 eamus,
587 886 703 923 uxor,
735 873 779 911 111
809 872 925 911 illam
957 872 1181 912 desolatam
1212 872 1396 923 domum,
1433 874 1477 911 in

88 935 193 974 illud
223 935 306 974 iam
346 936 475 985 patris
513 934 669 984 filiique
701 935 916 983 secretum,
957 933 1015 972 ibi
1046 947 1110 972 me
1141 934 1365 986 interroga,
1406 933 1477 982 ibi,

89 995 160 1035 ubi
189 996 303 1046 torsi,
334 995 406 1034 ubi
431 994 572 1044 occidi,
603 994 674 1033 ubi
705 994 836 1033 adhuc
866 994 1039 1034 forsitan
1066 994 1141 1033 filii
1172 995 1236 1033 tui
1267 1007 1374 1046 vaga
1404 1007 1479 1045 per

34 1069 70 1097 1⁵
89 1058 265 1096 maestos
304 1057 471 1107 penates
513 1056 650 1094 anima
690 1055 891 1095 discurrit.
960 1056 1144 1107 porrigat
1185 1055 1334 1105 aliquis
1375 1056 1477 1094 ima-

89 1117 226 1170 ginem
264 1118 422 1156 iuvenis
465 1117 604 1166 occisi,
644 1118 772 1167 ponat
812 1116 855 1154 in
896 1117 988 1155 sinu
1027 1117 1170 1155 matris
1209 1116 1304 1156 illas
1346 1118 1478 1155 vestes

91 1177 237 1229 quibus
268 1177 359 1229 ipsa
382 1179 571 1216 iuvenem
594 1178 743 1216 misera
768 1177 962 1216 comebat.
1020 1189 1157 1216 eamus
1184 1176 1237 1215 ad
1261 1178 1478 1226 tumulum⁷

89 1238 330 1278 misceamus
368 1251 492 1289 supra
529 1238 651 1278 busta
688 1238 888 1277 lacrimas.
945 1236 1003 1276 ibi
1041 1239 1114 1276 aut
1150 1237 1375 1277 tacebimus
1406 1250 1478 1288 pa-

90 1300 210 1349 riter,
260 1300 333 1339 aut
381 1299 557 1338 invicem
613 1298 904 1338 confitebimur.
979 1298 1147 1337 iamiam
1203 1298 1324 1338 miser
1373 1298 1479 1337 mori

37 1374 74 1400 20
91 1372 275 1411 possum3
301 1360 496 1411 explicuit
520 1361 560 1398 te
580 1359 824 1409 sollicitudo,
849 1359 992 1410 pietas.
1043 1372 1124 1398 non
1150 1359 1280 1398 scribo
1304 1360 1479 1408 tabulas,

91 1422 336 1460 testamento
380 1433 568 1471 suprema
610 1420 734 1459 verba
777 1433 858 1458 non
897 1419 1013 1458 credo
1055 1421 1095 1458 et
1136 1433 1209 1471 ego
1247 1421 1399 1459 moriar
1435 1421 1480 1458 in

92 1483 305 1521 tormentis
348 1482 460 1520 meis.
525 1481 628 1519 illud
668 1483 829 1519 tantum
870 1481 1099 1520 novissimis
1137 1480 1322 1531 precibus
1364 1494 1388 1520 a
1425 1482 1480 1530 te,

94 1541 251 1591 civitas,
282 1555 355 1593 per
385 1542 546 1591 liberos,
577 1555 650 1592 per
681 1542 884 1593 coniuges,
914 1554 988 1591 per
1012 1543 1191 1591 penates,
1224 1554 1248 1580 3
1279 1543 1333 1591 te,
1364 1554 1479 1591 uxor,

93 1615 167 1654 per
191 1603 311 1642 occisi
341 1602 499 1642 iuvenis
523 1603 710 1641 umbram
740 1604 849 1653 peto,
881 1614 906 1640 a
931 1604 984 1651 te,
1015 1604 1157 1652 mater,
1189 1615 1239 1641 ne
1267 1602 1364 1653 quid
1396 1615 1478 1641 am-

41 1677 76 1704 25
96 1663 203 1715 plius
236 1675 421 1714 quaeras,
452 1665 512 1712 tu,
544 1663 666 1712 fama,
697 1676 748 1702 ne
780 1663 901 1702 dicas.

195 1794 216 1826 3
243 1790 392 1826 abitum
417 1797 456 1825 Β
526 1795 548 1825 4
574 1790 730 1826 furoris:
765 1789 907 1826 doloris
932 1796 966 1825 J
1035 1766 1180 1838 fagella
1206 1797 1244 1825 Β
1315 1791 1481 1827 laffiinas

97 1845 172 1874 BP
269 1842 288 1873 7
314 1838 393 1874 iam
412 1851 480 1875 om.
503 1853 527 1874 α
621 1843 642 1875 8
668 1838 811 1874 nullius
831 1846 864 1874 J
962 1842 1004 1874 11
1031 1850 1115 1875 meo
1135 1845 1174 1874 Β
1272 1844 1316 1875 13
1343 1840 1399 1875 1111
1418 1852 1480 1876 me

96 1886 192 1923 torsi
218 1893 263 1931 P,
289 1898 381 1924 corr.
406 1902 435 1928 p
524 1891 567 1923 15
593 1888 774 1923 maiestos
801 1893 839 1922 Β
924 1891 968 1923 16
995 1890 1122 1924 vectes
1148 1894 1186 1923 P
1271 1892 1314 1924 17
1341 1889 1482 1924 misera

97 1947 166 1972 om.
194 1942 245 1980 Μ,
270 1947 372 1982 supr.
397 1950 441 1971 u·
514 1947 629 1982 super
653 1945 673 1979 β
746 1940 790 1972 21
819 1947 994 1982 supremo
1019 1943 1118 1979 3363
1144 1936 1205 1972 vel
1230 1949 1292 1973 mo
1317 1949 1420 1983 supr.
1439 1952 1482 1972 m

98 1988 145 2020 23
171 1983 270 2020 ferre
290 1985 471 2031 coniuges
496 1987 614 2031 patfie
639 1991 692 2029 Β;
717 1996 785 2031 per
806 1986 916 2020 natos
942 1996 1011 2032 per
1030 1986 1211 2032 coniuges
1237 1997 1284 2021 ne
1311 1996 1333 2021 a
1359 1988 1398 2022 te
1425 1992 1482 2030 11;

97 2033 208 2069 natos
229 2041 290 2077 μσς
311 2045 402 2069 corr.
420 2034 527 2070 Dess.
601 2044 757 2069 uxorem
777 2033 979 2069 dissentire
998 2034 1199 2080 permittas
1218 2045 1287 2080 per
1306 2034 1423 2070 occisi
1443 2041 1487 2070 ,n

99 2121 146 2153 24
172 2081 264 2165 qui}
282 2124 319 2153 Β
415 2121 461 2152 25
487 2117 630 2174 famam
650 2132 698 2162 ως
723 2118 924 2154 infamiam
946 2127 984 2162 ςς
1015 2130 1108 2155 corr.
1134 2120 1482 2156 Meermaomianus.

195 2168 418 2212 subscriptio
449 2167 547 2202 deest
576 2178 619 2202 m
649 2173 688 2201 Β
830 2166 976 2202 MARH
1007 2167 1139 2202 FABH
1173 2166 1484 2210 QV1NT1L1AN1

99 2226 557 2274 DFEGLAMATIONVM
583 2226 691 2263 SIVE
712 2227 982 2263 CAVSARVM
1002 2227 1095 2264 SEV
1113 2227 1383 2264 ACVMINVM
1402 2220 1483 2263 Lu}

101 2279 291 2323 FELICIT
316 2287 541 2324 EXPLICIT
566 2290 683 2325 minio
702 2290 809 2335 picta
835 2295 878 2324 M
996 2288 1166 2335 Explicit
1196 2288 1371 2324 feliciter.
1423 2288 1484 2323 In-

102 2335 199 2382 cipit
224 2336 304 2372 odii
323 2336 430 2382 potio
454 2337 571 2372 minio
591 2343 628 2372 P
722 2336 892 2383 Explicit
916 2337 1021 2373 item.
1062 2337 1141 2373 odii
1160 2338 1266 2383 potio
1293 2337 1431 2383 incipit
1456 2343 1484 2371 S
