<?xml version="1.0" encoding="UTF-8"?>
<!DOCTYPE html PUBLIC "-//W3C//DTD XHTML 1.0 Transitional//EN"
    "http://www.w3.org/TR/xhtml1/DTD/xhtml1-transitional.dtd">
<html xmlns="http://www.w3.org/1999/xhtml" xml:lang="en" lang="en">
 <head>
  <title>
</title>
<meta http-equiv="Content-Type" content="text/html;charset=utf-8" />
  <meta name='ocr-system' content='tesseract 3.04.00' />
  <meta name='ocr-capabilities' content='ocr_page ocr_carea ocr_par ocr_line ocrx_word'/>
</head>
<body>
  <div class='ocr_page' id='page_1' title='image "./quintilianiquaef00lehnuoft_0139.png"; bbox 0 0 1638 2560; ppageno 0'>
   <div class='ocr_carea' id='block_1_1' title="bbox 531 85 1497 129">
    <p class='ocr_par' dir='ltr' id='par_1_1' title="bbox 531 85 1497 129">
     <span class='ocr_line' id='line_1_1' title="bbox 531 85 1497 129; baseline 0.007 -7"><span class='ocrx_word' id='word_1_1' title='bbox 531 85 850 125; x_wconf 79' lang='lat' dir='ltr'>DECLAMATIO</span> <span class='ocrx_word' id='word_1_2' title='bbox 877 85 912 122; x_wconf 87' lang='lat' dir='ltr'><strong>V</strong></span> <span class='ocrx_word' id='word_1_3' title='bbox 930 89 1084 127; x_wconf 78' lang='lat'>15-16.</span> <span class='ocrx_word' id='word_1_4' title='bbox 1411 85 1497 129; x_wconf 83' lang='lat'>103</span> 
     </span>
    </p>
   </div>
   <div class='ocr_carea' id='block_1_2' title="bbox 85 199 1497 617">
    <p class='ocr_par' dir='ltr' id='par_1_2' title="bbox 85 199 1497 617">
     <span class='ocr_line' id='line_1_2' title="bbox 121 199 1497 252; baseline -0.004 -7"><span class='ocrx_word' id='word_1_5' title='bbox 121 202 165 245; x_wconf 83' lang='lat' dir='ltr'>in</span> <span class='ocrx_word' id='word_1_6' title='bbox 200 199 400 246; x_wconf 61' lang='lat' dir='ltr'>montem?</span> <span class='ocrx_word' id='word_1_7' title='bbox 442 213 535 243; x_wconf 89' lang='lat' dir='ltr'>cum</span> <span class='ocrx_word' id='word_1_8' title='bbox 579 200 706 252; x_wconf 89' lang='lat' dir='ltr'>cibos,</span> <span class='ocrx_word' id='word_1_9' title='bbox 748 201 919 240; x_wconf 87' lang='lat' dir='ltr'>haustus</span> <span class='ocrx_word' id='word_1_10' title='bbox 964 203 1005 239; x_wconf 89' lang='lat' dir='ltr'>et</span> <span class='ocrx_word' id='word_1_11' title='bbox 1042 200 1178 240; x_wconf 88' lang='lat' dir='ltr'>omnia</span> <span class='ocrx_word' id='word_1_12' title='bbox 1221 200 1497 241; x_wconf 86' lang='lat' dir='ltr'>blandimenta</span> 
     </span>
     <span class='ocr_line' id='line_1_3' title="bbox 121 260 1497 312; baseline -0.002 -8"><span class='ocrx_word' id='word_1_13' title='bbox 121 263 231 312; x_wconf 70' lang='lat' dir='ltr'>vitae</span> <span class='ocrx_word' id='word_1_14' title='bbox 260 262 388 304; x_wconf 73' lang='lat' dir='ltr'>fames</span> <span class='ocrx_word' id='word_1_15' title='bbox 418 261 579 303; x_wconf 80' lang='lat' dir='ltr'>fastidit</span> <span class='ocrx_word' id='word_1_16' title='bbox 610 263 651 301; x_wconf 90' lang='lat' dir='ltr'>et</span> <span class='ocrx_word' id='word_1_17' title='bbox 682 260 841 312; x_wconf 78' lang='lat' dir='ltr'>poscit?</span> <span class='ocrx_word' id='word_1_18' title='bbox 879 261 1103 301; x_wconf 84' lang='lat' dir='ltr'>desiderare</span> <span class='ocrx_word' id='word_1_19' title='bbox 1136 261 1408 303; x_wconf 72' lang='lat' dir='ltr'>adsidentium</span> <span class='ocrx_word' id='word_1_20' title='bbox 1439 261 1497 301; x_wconf 84' lang='lat' dir='ltr'>of—</span> 
     </span>
     <span class='ocr_line' id='line_1_4' title="bbox 120 321 1496 374; baseline -0.001 -10"><span class='ocrx_word' id='word_1_21' title='bbox 120 322 232 374; x_wconf 73' lang='lat' dir='ltr'>ficia,</span> <span class='ocrx_word' id='word_1_22' title='bbox 275 322 418 365; x_wconf 86' lang='lat' dir='ltr'>dehinc</span> <span class='ocrx_word' id='word_1_23' title='bbox 461 323 566 362; x_wconf 88' lang='lat' dir='ltr'>ferre</span> <span class='ocrx_word' id='word_1_24' title='bbox 605 335 687 362; x_wconf 90' lang='lat' dir='ltr'>non</span> <span class='ocrx_word' id='word_1_25' title='bbox 723 321 868 373; x_wconf 79' lang='lat' dir='ltr'>posse?</span> <span class='ocrx_word' id='word_1_26' title='bbox 912 322 1076 374; x_wconf 88' lang='lat' dir='ltr'>gravari</span> <span class='ocrx_word' id='word_1_27' title='bbox 1120 335 1220 374; x_wconf 89' lang='lat' dir='ltr'>quos</span> <span class='ocrx_word' id='word_1_28' title='bbox 1265 323 1496 374; x_wconf 88' lang='lat' dir='ltr'>appetieris,</span> 
     </span>
     <span class='ocr_line' id='line_1_5' title="bbox 117 382 1497 434; baseline -0.004 -7"><span class='ocrx_word' id='word_1_29' title='bbox 117 382 327 427; x_wconf 64' lang='lat' dir='ltr'>attactus?</span> <span class='ocrx_word' id='word_1_30' title='bbox 367 397 439 434; x_wconf 90' lang='lat' dir='ltr'>per</span> <span class='ocrx_word' id='word_1_31' title='bbox 475 385 610 423; x_wconf 89' lang='lat' dir='ltr'>totum</span> <span class='ocrx_word' id='word_1_32' title='bbox 647 382 777 423; x_wconf 80' lang='lat' dir='ltr'>cubile</span> <span class='ocrx_word' id='word_1_33' title='bbox 814 395 959 433; x_wconf 89' lang='lat' dir='ltr'>corpus</span> <span class='ocrx_word' id='word_1_34' title='bbox 996 383 1110 422; x_wconf 86' lang='lat' dir='ltr'>velut</span> <span class='ocrx_word' id='word_1_35' title='bbox 1150 396 1271 434; x_wconf 90' lang='lat' dir='ltr'>super</span> <span class='ocrx_word' id='word_1_36' title='bbox 1310 383 1497 423; x_wconf 75' lang='lat' dir='ltr'>ardentes</span> 
     </span>
     <span class='ocr_line' id='line_1_6' title="bbox 85 442 1497 497; baseline -0.001 -11"><span class='ocrx_word' id='word_1_37' title='bbox 85 458 104 486; x_wconf 88' lang='lat'><strong>5</strong></span> <span class='ocrx_word' id='word_1_38' title='bbox 121 445 328 497; x_wconf 72' lang='lat' dir='ltr'>exagitare</span> <span class='ocrx_word' id='word_1_39' title='bbox 362 442 575 487; x_wconf 77' lang='lat' dir='ltr'>flammas?</span> <span class='ocrx_word' id='word_1_40' title='bbox 637 444 709 483; x_wconf 87' lang='lat' dir='ltr'>lux</span> <span class='ocrx_word' id='word_1_41' title='bbox 746 443 932 495; x_wconf 84' lang='lat' dir='ltr'>fatigatis</span> <span class='ocrx_word' id='word_1_42' title='bbox 970 443 1190 483; x_wconf 80' lang='lat' dir='ltr'><strong>luminibus</strong></span> <span class='ocrx_word' id='word_1_43' title='bbox 1228 444 1381 496; x_wconf 83' lang='lat' dir='ltr'>gravis,</span> <span class='ocrx_word' id='word_1_44' title='bbox 1419 457 1497 484; x_wconf 80' lang='lat' dir='ltr'>vox</span> 
     </span>
     <span class='ocr_line' id='line_1_7' title="bbox 120 504 1497 557; baseline 0 -12"><span class='ocrx_word' id='word_1_45' title='bbox 120 505 208 549; x_wconf 79' lang='lat' dir='ltr'>sola</span> <span class='ocrx_word' id='word_1_46' title='bbox 243 504 292 544; x_wconf 89' lang='lat' dir='ltr'>de</span> <span class='ocrx_word' id='word_1_47' title='bbox 329 506 496 557; x_wconf 84' lang='lat' dir='ltr'>gemitu.</span> <span class='ocrx_word' id='word_1_48' title='bbox 559 517 650 544; x_wconf 91' lang='lat' dir='ltr'>cum</span> <span class='ocrx_word' id='word_1_49' title='bbox 687 517 735 544; x_wconf 86' lang='lat' dir='ltr'>ex</span> <span class='ocrx_word' id='word_1_50' title='bbox 772 504 929 543; x_wconf 90' lang='lat' dir='ltr'>duobus</span> <span class='ocrx_word' id='word_1_51' title='bbox 967 504 1139 555; x_wconf 85' lang='lat' dir='ltr'>captivis</span> <span class='ocrx_word' id='word_1_52' title='bbox 1177 505 1345 556; x_wconf 87' lang='lat' dir='ltr'>languet</span> <span class='ocrx_word' id='word_1_53' title='bbox 1382 505 1497 555; x_wconf 88' lang='lat' dir='ltr'>alter,</span> 
     </span>
     <span class='ocr_line' id='line_1_8' title="bbox 119 565 1126 617; baseline -0.001 -13"><span class='ocrx_word' id='word_1_54' title='bbox 119 578 204 608; x_wconf 75' lang='lat' dir='ltr'>una.</span> <span class='ocrx_word' id='word_1_55' title='bbox 234 567 296 605; x_wconf 89' lang='lat' dir='ltr'>est</span> <span class='ocrx_word' id='word_1_56' title='bbox 325 565 598 616; x_wconf 85' lang='lat' dir='ltr'>inaequalitas</span> <span class='ocrx_word' id='word_1_57' title='bbox 629 565 758 616; x_wconf 83' lang='lat' dir='ltr'>patris</span> <span class='ocrx_word' id='word_1_58' title='bbox 791 566 938 617; x_wconf 81' lang='lat' dir='ltr'>eligere</span> <span class='ocrx_word' id='word_1_59' title='bbox 971 577 1126 604; x_wconf 90' lang='lat' dir='ltr'>sanum.</span> 
     </span>
    </p>
   </div>
   <div class='ocr_carea' id='block_1_3' title="bbox 209 625 1569 677">
    <p class='ocr_par' dir='ltr' id='par_1_3' title="bbox 209 625 1569 677">
     <span class='ocr_line' id='line_1_9' title="bbox 209 625 1569 677; baseline -0.003 -11"><span class='ocrx_word' id='word_1_60' title='bbox 209 626 366 676; x_wconf 83' lang='lat' dir='ltr'>Retuli,</span> <span class='ocrx_word' id='word_1_61' title='bbox 394 625 568 676; x_wconf 84' lang='lat' dir='ltr'>iudices,</span> <span class='ocrx_word' id='word_1_62' title='bbox 599 638 728 676; x_wconf 90' lang='lat' dir='ltr'>usque</span> <span class='ocrx_word' id='word_1_63' title='bbox 760 626 893 665; x_wconf 85' lang='lat' dir='ltr'>adhuc</span> <span class='ocrx_word' id='word_1_64' title='bbox 922 626 966 665; x_wconf 91' lang='lat' dir='ltr'>in</span> <span class='ocrx_word' id='word_1_65' title='bbox 996 625 1210 677; x_wconf 90' lang='lat' dir='ltr'>penatibus</span> <span class='ocrx_word' id='word_1_66' title='bbox 1242 627 1345 676; x_wconf 88' lang='lat' dir='ltr'>suis,</span> <span class='ocrx_word' id='word_1_67' title='bbox 1382 627 1496 666; x_wconf 86' lang='lat' dir='ltr'>iuxta</span> <span class='ocrx_word' id='word_1_68' title='bbox 1517 626 1569 663; x_wconf 77' lang='lat'>16</span> 
     </span>
    </p>
   </div>
   <div class='ocr_carea' id='block_1_4' title="bbox 62 687 1497 1952">
    <p class='ocr_par' dir='ltr' id='par_1_4' title="bbox 62 687 1497 1952">
     <span class='ocr_line' id='line_1_10' title="bbox 118 687 1496 738; baseline 0 -12"><span class='ocrx_word' id='word_1_69' title='bbox 118 688 307 737; x_wconf 82' lang='lat' dir='ltr'>parentes</span> <span class='ocrx_word' id='word_1_70' title='bbox 344 687 675 738; x_wconf 85' lang='lat' dir='ltr'>propinquosque</span> <span class='ocrx_word' id='word_1_71' title='bbox 718 687 988 738; x_wconf 76' lang='lat' dir='ltr'>languentem.</span> <span class='ocrx_word' id='word_1_72' title='bbox 1052 699 1074 726; x_wconf 94' lang='lat' dir='ltr'>o</span> <span class='ocrx_word' id='word_1_73' title='bbox 1107 700 1258 736; x_wconf 89' lang='lat' dir='ltr'>carcer,</span> <span class='ocrx_word' id='word_1_74' title='bbox 1293 700 1317 726; x_wconf 94' lang='lat' dir='ltr'>o</span> <span class='ocrx_word' id='word_1_75' title='bbox 1354 687 1496 737; x_wconf 87' lang='lat' dir='ltr'>morbi,</span> 
     </span>
     <span class='ocr_line' id='line_1_11' title="bbox 66 745 1497 799; baseline -0.001 -11"><span class='ocrx_word' id='word_1_76' title='bbox 66 761 102 788; x_wconf 85' lang='lat'>10</span> <span class='ocrx_word' id='word_1_77' title='bbox 121 760 240 798; x_wconf 89' lang='lat' dir='ltr'>quem</span> <span class='ocrx_word' id='word_1_78' title='bbox 271 760 343 788; x_wconf 87' lang='lat' dir='ltr'>vos</span> <span class='ocrx_word' id='word_1_79' title='bbox 380 761 462 787; x_wconf 90' lang='lat' dir='ltr'>non</span> <span class='ocrx_word' id='word_1_80' title='bbox 498 747 633 787; x_wconf 87' lang='lat' dir='ltr'>facitis</span> <span class='ocrx_word' id='word_1_81' title='bbox 672 745 866 799; x_wconf 75' lang='lat' dir='ltr'>aegrum?</span> <span class='ocrx_word' id='word_1_82' title='bbox 928 749 968 786; x_wconf 87' lang='lat' dir='ltr'>et</span> <span class='ocrx_word' id='word_1_83' title='bbox 998 761 1079 787; x_wconf 85' lang='lat' dir='ltr'>non</span> <span class='ocrx_word' id='word_1_84' title='bbox 1110 747 1179 788; x_wconf 89' lang='lat' dir='ltr'>ille</span> <span class='ocrx_word' id='word_1_85' title='bbox 1212 760 1347 787; x_wconf 90' lang='lat' dir='ltr'>carcer</span> <span class='ocrx_word' id='word_1_86' title='bbox 1378 761 1497 798; x_wconf 91' lang='lat' dir='ltr'>quem</span> 
     </span>
     <span class='ocr_line' id='line_1_12' title="bbox 119 808 1495 860; baseline 0 -13"><span class='ocrx_word' id='word_1_87' title='bbox 119 808 313 848; x_wconf 87' lang='lat' dir='ltr'>severitas</span> <span class='ocrx_word' id='word_1_88' title='bbox 344 809 498 860; x_wconf 86' lang='lat' dir='ltr'>legum,</span> <span class='ocrx_word' id='word_1_89' title='bbox 537 821 656 859; x_wconf 90' lang='lat' dir='ltr'>quem</span> <span class='ocrx_word' id='word_1_90' title='bbox 691 809 941 858; x_wconf 86' lang='lat' dir='ltr'>potestatum</span> <span class='ocrx_word' id='word_1_91' title='bbox 977 808 1137 848; x_wconf 86' lang='lat' dir='ltr'>iustitia</span> <span class='ocrx_word' id='word_1_92' title='bbox 1167 810 1391 848; x_wconf 88' lang='lat' dir='ltr'>commenta</span> <span class='ocrx_word' id='word_1_93' title='bbox 1423 810 1495 848; x_wconf 89' lang='lat' dir='ltr'>est.</span> 
     </span>
     <span class='ocr_line' id='line_1_13' title="bbox 119 868 1495 921; baseline -0.001 -12"><span class='ocrx_word' id='word_1_94' title='bbox 119 882 200 909; x_wconf 86' lang='lat' dir='ltr'>non</span> <span class='ocrx_word' id='word_1_95' title='bbox 230 871 402 921; x_wconf 85' lang='lat' dir='ltr'>possunt</span> <span class='ocrx_word' id='word_1_96' title='bbox 431 868 598 908; x_wconf 88' lang='lat' dir='ltr'>humani</span> <span class='ocrx_word' id='word_1_97' title='bbox 628 870 777 918; x_wconf 75' lang='lat' dir='ltr'>metus,</span> <span class='ocrx_word' id='word_1_98' title='bbox 810 869 1079 908; x_wconf 87' lang='lat' dir='ltr'>humanarum</span> <span class='ocrx_word' id='word_1_99' title='bbox 1111 870 1404 921; x_wconf 79' lang='lat' dir='ltr'>cogitationum</span> <span class='ocrx_word' id='word_1_100' title='bbox 1434 870 1495 908; x_wconf 90' lang='lat' dir='ltr'>in-</span> 
     </span>
     <span class='ocr_line' id='line_1_14' title="bbox 118 929 1495 998; baseline 0.001 -30"><span class='ocrx_word' id='word_1_101' title='bbox 118 929 239 998; x_wconf 78' lang='lat' dir='ltr'>genia</span> <span class='ocrx_word' id='word_1_102' title='bbox 282 929 380 970; x_wconf 85' lang='lat' dir='ltr'>satis</span> <span class='ocrx_word' id='word_1_103' title='bbox 421 929 688 980; x_wconf 85' lang='lat' dir='ltr'>habundeque</span> <span class='ocrx_word' id='word_1_104' title='bbox 731 930 939 980; x_wconf 83' lang='lat' dir='ltr'>concipere</span> <span class='ocrx_word' id='word_1_105' title='bbox 979 941 1081 980; x_wconf 84' lang='lat' dir='ltr'>quae</span> <span class='ocrx_word' id='word_1_106' title='bbox 1120 930 1215 969; x_wconf 66' lang='lat' dir='ltr'>vidi„</span> <span class='ocrx_word' id='word_1_107' title='bbox 1277 930 1382 969; x_wconf 90' lang='lat' dir='ltr'>iacet</span> <span class='ocrx_word' id='word_1_108' title='bbox 1419 929 1495 969; x_wconf 89' lang='lat' dir='ltr'>sub</span> 
     </span>
     <span class='ocr_line' id='line_1_15' title="bbox 117 990 1495 1041; baseline 0.001 -12"><span class='ocrx_word' id='word_1_109' title='bbox 117 991 337 1031; x_wconf 81' lang='lat' dir='ltr'>immensae</span> <span class='ocrx_word' id='word_1_110' title='bbox 373 991 486 1041; x_wconf 84' lang='lat' dir='ltr'>rupis</span> <span class='ocrx_word' id='word_1_111' title='bbox 531 990 702 1040; x_wconf 89' lang='lat' dir='ltr'>abrupto</span> <span class='ocrx_word' id='word_1_112' title='bbox 745 990 875 1029; x_wconf 85' lang='lat' dir='ltr'>tristis</span> <span class='ocrx_word' id='word_1_113' title='bbox 913 992 954 1029; x_wconf 87' lang='lat' dir='ltr'>et</span> <span class='ocrx_word' id='word_1_114' title='bbox 989 990 1100 1029; x_wconf 89' lang='lat' dir='ltr'>ultra</span> <span class='ocrx_word' id='word_1_115' title='bbox 1139 991 1368 1030; x_wconf 76' lang='lat' dir='ltr'>naturalem</span> <span class='ocrx_word' id='word_1_116' title='bbox 1404 1004 1495 1041; x_wconf 89' lang='lat' dir='ltr'>pro-</span> 
     </span>
     <span class='ocr_line' id='line_1_16' title="bbox 64 1050 1494 1102; baseline -0.001 -11"><span class='ocrx_word' id='word_1_117' title='bbox 64 1064 99 1092; x_wconf 83' lang='lat'>15</span> <span class='ocrx_word' id='word_1_118' title='bbox 118 1050 268 1090; x_wconf 85' lang='lat' dir='ltr'>fundae</span> <span class='ocrx_word' id='word_1_119' title='bbox 311 1051 496 1102; x_wconf 88' lang='lat' dir='ltr'>caliginis</span> <span class='ocrx_word' id='word_1_120' title='bbox 540 1053 700 1090; x_wconf 86' lang='lat' dir='ltr'>noctem</span> <span class='ocrx_word' id='word_1_121' title='bbox 739 1063 892 1090; x_wconf 86' lang='lat' dir='ltr'>mersus</span> <span class='ocrx_word' id='word_1_122' title='bbox 936 1051 1121 1102; x_wconf 79' lang='lat' dir='ltr'>piraticis</span> <span class='ocrx_word' id='word_1_123' title='bbox 1161 1051 1315 1091; x_wconf 86' lang='lat' dir='ltr'>artibus</span> <span class='ocrx_word' id='word_1_124' title='bbox 1354 1063 1494 1102; x_wconf 87' lang='lat' dir='ltr'>specus</span> 
     </span>
     <span class='ocr_line' id='line_1_17' title="bbox 119 1111 1494 1162; baseline 0.001 -12"><span class='ocrx_word' id='word_1_125' title='bbox 119 1124 239 1162; x_wconf 86' lang='lat' dir='ltr'>quem</span> <span class='ocrx_word' id='word_1_126' title='bbox 263 1113 352 1152; x_wconf 82' lang='lat' dir='ltr'>tota</span> <span class='ocrx_word' id='word_1_127' title='bbox 377 1111 610 1151; x_wconf 73' lang='lat' dir='ltr'>circumfusi</span> <span class='ocrx_word' id='word_1_128' title='bbox 632 1112 805 1151; x_wconf 84' lang='lat' dir='ltr'>vastitas</span> <span class='ocrx_word' id='word_1_129' title='bbox 830 1111 952 1151; x_wconf 87' lang='lat' dir='ltr'>maris</span> <span class='ocrx_word' id='word_1_130' title='bbox 978 1113 1020 1151; x_wconf 92' lang='lat' dir='ltr'>et</span> <span class='ocrx_word' id='word_1_131' title='bbox 1045 1111 1222 1162; x_wconf 84' lang='lat' dir='ltr'>undique</span> <span class='ocrx_word' id='word_1_132' title='bbox 1248 1112 1494 1152; x_wconf 86' lang='lat' dir='ltr'>minantibus</span> 
     </span>
     <span class='ocr_line' id='line_1_18' title="bbox 117 1172 1494 1223; baseline 0.001 -12"><span class='ocrx_word' id='word_1_133' title='bbox 117 1172 292 1222; x_wconf 88' lang='lat' dir='ltr'>scopulis</span> <span class='ocrx_word' id='word_1_134' title='bbox 330 1172 439 1212; x_wconf 84' lang='lat' dir='ltr'>illisa</span> <span class='ocrx_word' id='word_1_135' title='bbox 468 1173 688 1223; x_wconf 86' lang='lat' dir='ltr'>tempestas</span> <span class='ocrx_word' id='word_1_136' title='bbox 719 1174 872 1212; x_wconf 87' lang='lat' dir='ltr'>terrore</span> <span class='ocrx_word' id='word_1_137' title='bbox 903 1173 1087 1212; x_wconf 84' lang='lat' dir='ltr'>ruiturae</span> <span class='ocrx_word' id='word_1_138' title='bbox 1125 1172 1242 1212; x_wconf 91' lang='lat' dir='ltr'>molis</span> <span class='ocrx_word' id='word_1_139' title='bbox 1274 1173 1494 1212; x_wconf 85' lang='lat' dir='ltr'>everberat.</span> 
     </span>
     <span class='ocr_line' id='line_1_19' title="bbox 116 1232 1494 1285; baseline 0 -13"><span class='ocrx_word' id='word_1_140' title='bbox 116 1232 283 1275; x_wconf 84' lang='lat' dir='ltr'>horrent</span> <span class='ocrx_word' id='word_1_141' title='bbox 321 1235 465 1272; x_wconf 91' lang='lat' dir='ltr'>cuncta</span> <span class='ocrx_word' id='word_1_142' title='bbox 501 1232 702 1283; x_wconf 85' lang='lat' dir='ltr'>crucibus,</span> <span class='ocrx_word' id='word_1_143' title='bbox 741 1233 928 1284; x_wconf 87' lang='lat' dir='ltr'>squalent</span> <span class='ocrx_word' id='word_1_144' title='bbox 965 1234 1221 1272; x_wconf 88' lang='lat' dir='ltr'>circumiecta</span> <span class='ocrx_word' id='word_1_145' title='bbox 1258 1233 1494 1285; x_wconf 85' lang='lat' dir='ltr'>naufragiis,</span> 
     </span>
     <span class='ocr_line' id='line_1_20' title="bbox 117 1293 1494 1345; baseline 0 -12"><span class='ocrx_word' id='word_1_146' title='bbox 117 1293 254 1333; x_wconf 86' lang='lat' dir='ltr'>nullus</span> <span class='ocrx_word' id='word_1_147' title='bbox 290 1294 370 1334; x_wconf 87' lang='lat' dir='ltr'>nisi</span> <span class='ocrx_word' id='word_1_148' title='bbox 399 1294 442 1332; x_wconf 92' lang='lat' dir='ltr'>in</span> <span class='ocrx_word' id='word_1_149' title='bbox 481 1293 681 1345; x_wconf 86' lang='lat' dir='ltr'>supplicia</span> <span class='ocrx_word' id='word_1_150' title='bbox 718 1296 946 1344; x_wconf 89' lang='lat' dir='ltr'>mortesque</span> <span class='ocrx_word' id='word_1_151' title='bbox 983 1296 1238 1345; x_wconf 86' lang='lat' dir='ltr'>prospectus,</span> <span class='ocrx_word' id='word_1_152' title='bbox 1278 1296 1319 1333; x_wconf 91' lang='lat' dir='ltr'>et</span> <span class='ocrx_word' id='word_1_153' title='bbox 1350 1294 1403 1334; x_wconf 89' lang='lat' dir='ltr'>ad</span> <span class='ocrx_word' id='word_1_154' title='bbox 1433 1295 1494 1333; x_wconf 90' lang='lat' dir='ltr'>in-</span> 
     </span>
     <span class='ocr_line' id='line_1_21' title="bbox 62 1353 1494 1405; baseline -0.001 -11"><span class='ocrx_word' id='word_1_155' title='bbox 62 1367 99 1394; x_wconf 80' lang='lat'>20</span> <span class='ocrx_word' id='word_1_156' title='bbox 118 1354 297 1394; x_wconf 84' lang='lat' dir='ltr'>felicium</span> <span class='ocrx_word' id='word_1_157' title='bbox 341 1353 593 1405; x_wconf 86' lang='lat' dir='ltr'>captivorum</span> <span class='ocrx_word' id='word_1_158' title='bbox 635 1356 787 1393; x_wconf 88' lang='lat' dir='ltr'>metum</span> <span class='ocrx_word' id='word_1_159' title='bbox 836 1354 1079 1404; x_wconf 87' lang='lat' dir='ltr'>praemissus</span> <span class='ocrx_word' id='word_1_160' title='bbox 1124 1354 1172 1393; x_wconf 91' lang='lat' dir='ltr'>de</span> <span class='ocrx_word' id='word_1_161' title='bbox 1218 1355 1341 1393; x_wconf 86' lang='lat' dir='ltr'>simili</span> <span class='ocrx_word' id='word_1_162' title='bbox 1385 1356 1494 1393; x_wconf 83' lang='lat' dir='ltr'>exitu</span> 
     </span>
     <span class='ocr_line' id='line_1_22' title="bbox 117 1414 1494 1466; baseline 0.001 -13"><span class='ocrx_word' id='word_1_163' title='bbox 117 1414 242 1455; x_wconf 89' lang='lat' dir='ltr'>dolor.</span> <span class='ocrx_word' id='word_1_164' title='bbox 305 1416 474 1466; x_wconf 88' lang='lat' dir='ltr'>spiritus</span> <span class='ocrx_word' id='word_1_165' title='bbox 506 1415 614 1455; x_wconf 90' lang='lat' dir='ltr'>solus</span> <span class='ocrx_word' id='word_1_166' title='bbox 652 1415 764 1453; x_wconf 89' lang='lat' dir='ltr'>intus</span> <span class='ocrx_word' id='word_1_167' title='bbox 796 1428 916 1465; x_wconf 90' lang='lat' dir='ltr'>quem</span> <span class='ocrx_word' id='word_1_168' title='bbox 947 1414 1174 1454; x_wconf 87' lang='lat' dir='ltr'>vinctorum</span> <span class='ocrx_word' id='word_1_169' title='bbox 1208 1415 1376 1454; x_wconf 87' lang='lat' dir='ltr'>trahunt</span> <span class='ocrx_word' id='word_1_170' title='bbox 1406 1415 1494 1455; x_wconf 89' lang='lat' dir='ltr'>red-</span> 
     </span>
     <span class='ocr_line' id='line_1_23' title="bbox 118 1474 1493 1527; baseline 0.001 -13"><span class='ocrx_word' id='word_1_171' title='bbox 118 1474 297 1526; x_wconf 89' lang='lat' dir='ltr'>duntque</span> <span class='ocrx_word' id='word_1_172' title='bbox 323 1475 508 1527; x_wconf 82' lang='lat' dir='ltr'>gemitus,</span> <span class='ocrx_word' id='word_1_173' title='bbox 541 1488 660 1526; x_wconf 90' lang='lat' dir='ltr'>quem</span> <span class='ocrx_word' id='word_1_174' title='bbox 684 1477 747 1514; x_wconf 90' lang='lat' dir='ltr'>tot</span> <span class='ocrx_word' id='word_1_175' title='bbox 773 1476 975 1514; x_wconf 86' lang='lat' dir='ltr'>contulere</span> <span class='ocrx_word' id='word_1_176' title='bbox 1001 1476 1249 1527; x_wconf 84' lang='lat' dir='ltr'>languentes.</span> <span class='ocrx_word' id='word_1_177' title='bbox 1293 1476 1369 1515; x_wconf 89' lang='lat' dir='ltr'>hoc</span> <span class='ocrx_word' id='word_1_178' title='bbox 1395 1477 1493 1525; x_wconf 83' lang='lat' dir='ltr'>erat,</span> 
     </span>
     <span class='ocr_line' id='line_1_24' title="bbox 117 1535 1493 1588; baseline 0.001 -14"><span class='ocrx_word' id='word_1_179' title='bbox 117 1535 188 1574; x_wconf 88' lang='lat' dir='ltr'>ubi</span> <span class='ocrx_word' id='word_1_180' title='bbox 217 1535 376 1577; x_wconf 89' lang='lat' dir='ltr'>iacebat</span> <span class='ocrx_word' id='word_1_181' title='bbox 401 1548 532 1588; x_wconf 83' lang='lat' dir='ltr'>aeger,</span> <span class='ocrx_word' id='word_1_182' title='bbox 563 1536 666 1574; x_wconf 88' lang='lat' dir='ltr'>illud</span> <span class='ocrx_word' id='word_1_183' title='bbox 696 1537 759 1574; x_wconf 89' lang='lat' dir='ltr'>tot</span> <span class='ocrx_word' id='word_1_184' title='bbox 783 1549 992 1586; x_wconf 87' lang='lat' dir='ltr'>annorum,</span> <span class='ocrx_word' id='word_1_185' title='bbox 1024 1550 1072 1575; x_wconf 86' lang='lat' dir='ltr'>ex</span> <span class='ocrx_word' id='word_1_186' title='bbox 1097 1549 1176 1586; x_wconf 91' lang='lat' dir='ltr'>quo</span> <span class='ocrx_word' id='word_1_187' title='bbox 1204 1536 1334 1587; x_wconf 88' lang='lat' dir='ltr'>coepit</span> <span class='ocrx_word' id='word_1_188' title='bbox 1358 1537 1493 1587; x_wconf 87' lang='lat' dir='ltr'>pirata</span> 
     </span>
     <span class='ocr_line' id='line_1_25' title="bbox 118 1596 1493 1648; baseline 0 -12"><span class='ocrx_word' id='word_1_189' title='bbox 118 1597 312 1648; x_wconf 78' lang='lat' dir='ltr'>grassari,</span> <span class='ocrx_word' id='word_1_190' title='bbox 351 1596 460 1636; x_wconf 89' lang='lat' dir='ltr'>idem</span> <span class='ocrx_word' id='word_1_191' title='bbox 496 1597 639 1636; x_wconf 90' lang='lat' dir='ltr'>cubile.</span> <span class='ocrx_word' id='word_1_192' title='bbox 703 1609 847 1647; x_wconf 88' lang='lat' dir='ltr'>corpus</span> <span class='ocrx_word' id='word_1_193' title='bbox 889 1597 995 1647; x_wconf 91' lang='lat' dir='ltr'>quod</span> <span class='ocrx_word' id='word_1_194' title='bbox 1037 1599 1276 1648; x_wconf 83' lang='lat' dir='ltr'>gravaretur</span> <span class='ocrx_word' id='word_1_195' title='bbox 1316 1597 1493 1636; x_wconf 89' lang='lat' dir='ltr'>assiden-</span> 
     </span>
     <span class='ocr_line' id='line_1_26' title="bbox 63 1656 1494 1708; baseline 0.001 -12"><span class='ocrx_word' id='word_1_196' title='bbox 63 1670 98 1696; x_wconf 75' lang='lat'>25</span> <span class='ocrx_word' id='word_1_197' title='bbox 118 1657 222 1696; x_wconf 89' lang='lat' dir='ltr'>tium</span> <span class='ocrx_word' id='word_1_198' title='bbox 247 1656 406 1697; x_wconf 88' lang='lat' dir='ltr'>sedulas</span> <span class='ocrx_word' id='word_1_199' title='bbox 431 1670 589 1707; x_wconf 89' lang='lat' dir='ltr'>manus,</span> <span class='ocrx_word' id='word_1_200' title='bbox 614 1657 720 1696; x_wconf 80' lang='lat' dir='ltr'>iacet</span> <span class='ocrx_word' id='word_1_201' title='bbox 744 1658 850 1697; x_wconf 87' lang='lat' dir='ltr'>inter</span> <span class='ocrx_word' id='word_1_202' title='bbox 874 1658 1036 1697; x_wconf 84' lang='lat' dir='ltr'>vincula</span> <span class='ocrx_word' id='word_1_203' title='bbox 1062 1658 1206 1708; x_wconf 90' lang='lat' dir='ltr'>quibus</span> <span class='ocrx_word' id='word_1_204' title='bbox 1231 1657 1494 1697; x_wconf 85' lang='lat' dir='ltr'>instrinxerat</span> 
     </span>
     <span class='ocr_line' id='line_1_27' title="bbox 118 1717 1492 1769; baseline 0.001 -12"><span class='ocrx_word' id='word_1_205' title='bbox 118 1717 250 1758; x_wconf 87' lang='lat' dir='ltr'>adhuc</span> <span class='ocrx_word' id='word_1_206' title='bbox 287 1719 489 1757; x_wconf 87' lang='lat' dir='ltr'>recentem</span> <span class='ocrx_word' id='word_1_207' title='bbox 525 1719 661 1768; x_wconf 87' lang='lat' dir='ltr'>pirata</span> <span class='ocrx_word' id='word_1_208' title='bbox 691 1719 915 1769; x_wconf 86' lang='lat' dir='ltr'>captivum,</span> <span class='ocrx_word' id='word_1_209' title='bbox 955 1720 996 1757; x_wconf 91' lang='lat' dir='ltr'>et</span> <span class='ocrx_word' id='word_1_210' title='bbox 1028 1719 1212 1769; x_wconf 81' lang='lat' dir='ltr'>quamvis</span> <span class='ocrx_word' id='word_1_211' title='bbox 1247 1720 1414 1758; x_wconf 83' lang='lat' dir='ltr'>tenuata</span> <span class='ocrx_word' id='word_1_212' title='bbox 1444 1718 1492 1759; x_wconf 84' lang='lat' dir='ltr'>de</span> 
     </span>
     <span class='ocr_line' id='line_1_28' title="bbox 117 1777 1493 1831; baseline 0.001 -14"><span class='ocrx_word' id='word_1_213' title='bbox 117 1777 284 1818; x_wconf 78' lang='lat' dir='ltr'>nexibus</span> <span class='ocrx_word' id='word_1_214' title='bbox 315 1778 495 1818; x_wconf 87' lang='lat' dir='ltr'>membra</span> <span class='ocrx_word' id='word_1_215' title='bbox 524 1778 726 1828; x_wconf 81' lang='lat' dir='ltr'>labantur,</span> <span class='ocrx_word' id='word_1_216' title='bbox 762 1791 900 1818; x_wconf 88' lang='lat' dir='ltr'>rursus</span> <span class='ocrx_word' id='word_1_217' title='bbox 931 1780 975 1818; x_wconf 91' lang='lat' dir='ltr'>in</span> <span class='ocrx_word' id='word_1_218' title='bbox 1006 1779 1170 1818; x_wconf 89' lang='lat' dir='ltr'>modum</span> <span class='ocrx_word' id='word_1_219' title='bbox 1206 1779 1493 1831; x_wconf 85' lang='lat' dir='ltr'>stringentium</span> 
     </span>
     <span class='ocr_line' id='line_1_29' title="bbox 117 1839 1492 1890; baseline 0.001 -12"><span class='ocrx_word' id='word_1_220' title='bbox 117 1840 257 1878; x_wconf 83' lang='lat' dir='ltr'>tenent</span> <span class='ocrx_word' id='word_1_221' title='bbox 288 1851 391 1889; x_wconf 86' lang='lat' dir='ltr'>quae</span> <span class='ocrx_word' id='word_1_222' title='bbox 422 1839 536 1879; x_wconf 91' lang='lat' dir='ltr'>nullo</span> <span class='ocrx_word' id='word_1_223' title='bbox 569 1852 761 1890; x_wconf 89' lang='lat' dir='ltr'>suspensa</span> <span class='ocrx_word' id='word_1_224' title='bbox 791 1839 883 1879; x_wconf 87' lang='lat' dir='ltr'>nisu</span> <span class='ocrx_word' id='word_1_225' title='bbox 907 1840 1020 1880; x_wconf 84' lang='lat' dir='ltr'>velut</span> <span class='ocrx_word' id='word_1_226' title='bbox 1050 1840 1158 1879; x_wconf 87' lang='lat' dir='ltr'>victo</span> <span class='ocrx_word' id='word_1_227' title='bbox 1190 1839 1350 1879; x_wconf 82' lang='lat' dir='ltr'>homine</span> <span class='ocrx_word' id='word_1_228' title='bbox 1382 1840 1492 1879; x_wconf 88' lang='lat' dir='ltr'>sede-</span> 
     </span>
     <span class='ocr_line' id='line_1_30' title="bbox 116 1900 1492 1952; baseline 0 -14"><span class='ocrx_word' id='word_1_229' title='bbox 116 1901 222 1938; x_wconf 86' lang='lat' dir='ltr'>runt.</span> <span class='ocrx_word' id='word_1_230' title='bbox 275 1900 405 1950; x_wconf 86' lang='lat' dir='ltr'>qualis</span> <span class='ocrx_word' id='word_1_231' title='bbox 432 1901 518 1939; x_wconf 88' lang='lat' dir='ltr'>erat</span> <span class='ocrx_word' id='word_1_232' title='bbox 548 1900 617 1938; x_wconf 89' lang='lat' dir='ltr'>ille</span> <span class='ocrx_word' id='word_1_233' title='bbox 644 1900 716 1939; x_wconf 93' lang='lat' dir='ltr'>sub</span> <span class='ocrx_word' id='word_1_234' title='bbox 747 1900 853 1939; x_wconf 86' lang='lat' dir='ltr'>ferro</span> <span class='ocrx_word' id='word_1_235' title='bbox 880 1901 992 1939; x_wconf 89' lang='lat' dir='ltr'>cuius</span> <span class='ocrx_word' id='word_1_236' title='bbox 1018 1901 1231 1952; x_wconf 87' lang='lat' dir='ltr'>exsanguis</span> <span class='ocrx_word' id='word_1_237' title='bbox 1257 1913 1399 1940; x_wconf 88' lang='lat' dir='ltr'>manus</span> <span class='ocrx_word' id='word_1_238' title='bbox 1425 1901 1492 1940; x_wconf 84' lang='lat' dir='ltr'>vix</span> 
     </span>
    </p>
   </div>
   <div class='ocr_carea' id='block_1_5' title="bbox 119 1975 406 1981">
    <p class='ocr_par' dir='ltr' id='par_1_5' title="bbox 119 1975 406 1981">
     <span class='ocr_line' id='line_1_31' title="bbox 119 1975 406 1981; baseline 0 0"><span class='ocrx_word' id='word_1_239' title='bbox 119 1975 406 1981; x_wconf 95' lang='lat' dir='ltr'> </span> 
     </span>
    </p>
   </div>
   <div class='ocr_carea' id='block_1_6' title="bbox 114 2014 1499 2351">
    <p class='ocr_par' dir='ltr' id='par_1_6' title="bbox 114 2014 1499 2351">
     <span class='ocr_line' id='line_1_32' title="bbox 214 2014 1499 2052; baseline 0 -2"><span class='ocrx_word' id='word_1_240' title='bbox 214 2019 234 2050; x_wconf 84' lang='lat'>2</span> <span class='ocrx_word' id='word_1_241' title='bbox 261 2014 373 2051; x_wconf 85' lang='lat' dir='ltr'>famis</span> <span class='ocrx_word' id='word_1_242' title='bbox 399 2021 427 2050; x_wconf 81' lang='lat' dir='ltr'><strong><em>V</em></strong></span> <span class='ocrx_word' id='word_1_243' title='bbox 518 2019 541 2051; x_wconf 82' lang='lat'>4</span> <span class='ocrx_word' id='word_1_244' title='bbox 567 2016 750 2051; x_wconf 88' lang='lat' dir='ltr'>attactus:</span> <span class='ocrx_word' id='word_1_245' title='bbox 778 2027 823 2051; x_wconf 87' lang='lat' dir='ltr'>ac</span> <span class='ocrx_word' id='word_1_246' title='bbox 848 2017 973 2052; x_wconf 83' lang='lat' dir='ltr'>tactus</span> <span class='ocrx_word' id='word_1_247' title='bbox 999 2028 1051 2052; x_wconf 83' lang='lat' dir='ltr'>om</span> <span class='ocrx_word' id='word_1_248' title='bbox 1077 2017 1118 2052; x_wconf 89' lang='lat' dir='ltr'>at</span> <span class='ocrx_word' id='word_1_249' title='bbox 1139 2017 1264 2052; x_wconf 87' lang='lat' dir='ltr'>tactus</span> <span class='ocrx_word' id='word_1_250' title='bbox 1291 2016 1444 2052; x_wconf 79' lang='lat' dir='ltr'>dubium</span> <span class='ocrx_word' id='word_1_251' title='bbox 1470 2022 1499 2050; x_wconf 71' lang='lat' dir='ltr'><strong><em>V</em></strong></span> 
     </span>
     <span class='ocr_line' id='line_1_33' title="bbox 118 2063 1491 2110; baseline 0.001 -12"><span class='ocrx_word' id='word_1_252' title='bbox 118 2066 138 2098; x_wconf 80' lang='lat'><strong>7</strong></span> <span class='ocrx_word' id='word_1_253' title='bbox 164 2063 437 2109; x_wconf 85' lang='lat' dir='ltr'>inaequalitas:</span> <span class='ocrx_word' id='word_1_254' title='bbox 465 2075 524 2099; x_wconf 88' lang='lat' dir='ltr'>me</span> <span class='ocrx_word' id='word_1_255' title='bbox 551 2063 716 2109; x_wconf 88' lang='lat' dir='ltr'>qualitas</span> <span class='ocrx_word' id='word_1_256' title='bbox 743 2070 779 2099; x_wconf 88' lang='lat' dir='ltr'><em>P</em></span> <span class='ocrx_word' id='word_1_257' title='bbox 858 2067 901 2099; x_wconf 87' lang='lat'>13</span> <span class='ocrx_word' id='word_1_258' title='bbox 929 2064 1155 2110; x_wconf 85' lang='lat' dir='ltr'>abundeque</span> <span class='ocrx_word' id='word_1_259' title='bbox 1186 2071 1238 2100; x_wconf 68' lang='lat' dir='ltr'>nr</span> <span class='ocrx_word' id='word_1_260' title='bbox 1316 2068 1360 2099; x_wconf 85' lang='lat'>14</span> <span class='ocrx_word' id='word_1_261' title='bbox 1391 2063 1491 2099; x_wconf 84' lang='lat' dir='ltr'>ultro</span> 
     </span>
     <span class='ocr_line' id='line_1_34' title="bbox 117 2112 1491 2158; baseline 0.001 -12"><span class='ocrx_word' id='word_1_262' title='bbox 117 2117 155 2146; x_wconf 77' lang='grc' dir='ltr'><strong><em>Β</em></strong></span> <span class='ocrx_word' id='word_1_263' title='bbox 258 2112 447 2158; x_wconf 83' lang='lat' dir='ltr'>profundo</span> <span class='ocrx_word' id='word_1_264' title='bbox 473 2118 552 2147; x_wconf 77' lang='grc' dir='ltr'>ΒΜ</span> <span class='ocrx_word' id='word_1_265' title='bbox 660 2117 704 2148; x_wconf 83' lang='grc'>15</span> <span class='ocrx_word' id='word_1_266' title='bbox 736 2123 900 2148; x_wconf 89' lang='lat' dir='ltr'>mersum</span> <span class='ocrx_word' id='word_1_267' title='bbox 933 2127 974 2157; x_wconf 71' lang='grc' dir='ltr'>ας</span> <span class='ocrx_word' id='word_1_268' title='bbox 1009 2114 1055 2158; x_wconf 84' lang='lat' dir='ltr'>cf.</span> <span class='ocrx_word' id='word_1_269' title='bbox 1083 2114 1206 2157; x_wconf 77' lang='lat' dir='ltr'>Neue,</span> <span class='ocrx_word' id='word_1_270' title='bbox 1233 2113 1491 2150; x_wconf 70' lang='lat' dir='ltr'>Formenlehre</span> 
     </span>
     <span class='ocr_line' id='line_1_35' title="bbox 115 2159 1498 2206; baseline 0 -10"><span class='ocrx_word' id='word_1_271' title='bbox 115 2159 164 2196; x_wconf 81' lang='lat'>1³</span> <span class='ocrx_word' id='word_1_272' title='bbox 182 2163 259 2197; x_wconf 81' lang='lat'>850</span> <span class='ocrx_word' id='word_1_273' title='bbox 333 2165 378 2196; x_wconf 82' lang='grc'>16</span> <span class='ocrx_word' id='word_1_274' title='bbox 403 2160 641 2204; x_wconf 74' lang='lat' dir='ltr'>circumfusis</span> <span class='ocrx_word' id='word_1_275' title='bbox 666 2167 694 2195; x_wconf 81' lang='lat' dir='ltr'><strong><em>V</em></strong></span> <span class='ocrx_word' id='word_1_276' title='bbox 764 2165 806 2196; x_wconf 88' lang='grc'>19</span> <span class='ocrx_word' id='word_1_277' title='bbox 834 2161 875 2196; x_wconf 87' lang='grc'>111</span> <span class='ocrx_word' id='word_1_278' title='bbox 894 2173 962 2198; x_wconf 87' lang='lat' dir='ltr'>om</span> <span class='ocrx_word' id='word_1_279' title='bbox 977 2170 1005 2196; x_wconf 65' lang='lat' dir='ltr'>d*</span> <span class='ocrx_word' id='word_1_280' title='bbox 1068 2162 1110 2196; x_wconf 87' lang='lat' dir='ltr'>in</span> <span class='ocrx_word' id='word_1_281' title='bbox 1128 2162 1204 2197; x_wconf 86' lang='lat' dir='ltr'>nisi</span> <span class='ocrx_word' id='word_1_282' title='bbox 1225 2162 1288 2197; x_wconf 83' lang='lat' dir='ltr'>sed</span> <span class='ocrx_word' id='word_1_283' title='bbox 1308 2166 1447 2206; x_wconf 76' lang='lat' dir='ltr'>transp.</span> <span class='ocrx_word' id='word_1_284' title='bbox 1470 2167 1498 2195; x_wconf 63' lang='grc' dir='ltr'><strong><em>Β</em></strong></span> 
     </span>
     <span class='ocr_line' id='line_1_36' title="bbox 114 2199 1494 2257; baseline 0 -13"><span class='ocrx_word' id='word_1_285' title='bbox 114 2211 164 2244; x_wconf 78' lang='lat'>20</span> <span class='ocrx_word' id='word_1_286' title='bbox 194 2209 399 2254; x_wconf 86' lang='lat' dir='ltr'>permissus</span> <span class='ocrx_word' id='word_1_287' title='bbox 423 2215 462 2244; x_wconf 83' lang='lat' dir='ltr'><em>B</em></span> <span class='ocrx_word' id='word_1_288' title='bbox 555 2199 710 2257; x_wconf 71' lang='grc' dir='ltr'><strong>ΞθΧ11ῑι1Ξ</strong></span> <span class='ocrx_word' id='word_1_289' title='bbox 741 2215 784 2245; x_wconf 80' lang='grc' dir='ltr'><em>Μ</em></span> <span class='ocrx_word' id='word_1_290' title='bbox 878 2214 922 2245; x_wconf 80' lang='lat'>21</span> <span class='ocrx_word' id='word_1_291' title='bbox 955 2210 1183 2246; x_wconf 82' lang='lat' dir='ltr'>vinctorum:</span> <span class='ocrx_word' id='word_1_292' title='bbox 1216 2209 1432 2246; x_wconf 88' lang='lat' dir='ltr'>innotorum</span> <span class='ocrx_word' id='word_1_293' title='bbox 1459 2216 1494 2244; x_wconf 85' lang='lat' dir='ltr'><strong><em>P</em></strong></span> 
     </span>
     <span class='ocr_line' id='line_1_37' title="bbox 116 2257 1395 2304; baseline 0.001 -12"><span class='ocrx_word' id='word_1_294' title='bbox 116 2260 163 2291; x_wconf 81' lang='lat'>24</span> <span class='ocrx_word' id='word_1_295' title='bbox 189 2257 349 2293; x_wconf 87' lang='lat' dir='ltr'>crassari</span> <span class='ocrx_word' id='word_1_296' title='bbox 374 2272 399 2292; x_wconf 84' lang='grc' dir='ltr'>α</span> <span class='ocrx_word' id='word_1_297' title='bbox 521 2257 638 2294; x_wconf 89' lang='lat' dir='ltr'>idem:</span> <span class='ocrx_word' id='word_1_298' title='bbox 671 2258 848 2304; x_wconf 88' lang='lat' dir='ltr'>idemque</span> <span class='ocrx_word' id='word_1_299' title='bbox 872 2265 907 2293; x_wconf 81' lang='lat' dir='ltr'><em>J</em></span> <span class='ocrx_word' id='word_1_300' title='bbox 1019 2259 1068 2294; x_wconf 89' lang='lat' dir='ltr'>ad</span> <span class='ocrx_word' id='word_1_301' title='bbox 1094 2258 1344 2294; x_wconf 88' lang='lat' dir='ltr'>assidentium</span> <span class='ocrx_word' id='word_1_302' title='bbox 1376 2267 1395 2300; x_wconf 83' lang='grc' dir='ltr'>β</span> 
     </span>
     <span class='ocr_line' id='line_1_38' title="bbox 115 2305 1398 2351; baseline 0.002 -11"><span class='ocrx_word' id='word_1_303' title='bbox 115 2308 161 2340; x_wconf 72' lang='lat'>25</span> <span class='ocrx_word' id='word_1_304' title='bbox 187 2305 419 2341; x_wconf 84' lang='lat' dir='ltr'>instruxerat</span> <span class='ocrx_word' id='word_1_305' title='bbox 444 2315 471 2341; x_wconf 75' lang='lat' dir='ltr'>&lt;r</span> <span class='ocrx_word' id='word_1_306' title='bbox 583 2310 628 2341; x_wconf 85' lang='lat'>28</span> <span class='ocrx_word' id='word_1_307' title='bbox 660 2306 763 2342; x_wconf 87' lang='lat' dir='ltr'>nisu:</span> <span class='ocrx_word' id='word_1_308' title='bbox 790 2307 866 2341; x_wconf 85' lang='lat' dir='ltr'>uisi</span> <span class='ocrx_word' id='word_1_309' title='bbox 892 2313 941 2351; x_wconf 61' lang='lat' dir='ltr'>P,</span> <span class='ocrx_word' id='word_1_310' title='bbox 966 2307 1053 2342; x_wconf 86' lang='lat' dir='ltr'>uisu</span> <span class='ocrx_word' id='word_1_311' title='bbox 1079 2313 1106 2342; x_wconf 89' lang='lat' dir='ltr'><strong><em>S</em></strong></span> <span class='ocrx_word' id='word_1_312' title='bbox 1203 2307 1328 2342; x_wconf 88' lang='lat' dir='ltr'>vincto</span> <span class='ocrx_word' id='word_1_313' title='bbox 1356 2313 1398 2341; x_wconf 81' lang='grc' dir='ltr'><em>Μ</em></span> 
     </span>
    </p>
   </div>
   <div class='ocr_carea' id='block_1_7' title="bbox 116 2354 1105 2438">
    <p class='ocr_par' dir='ltr' id='par_1_7' title="bbox 116 2354 1105 2438">
     <span class='ocr_line' id='line_1_39' title="bbox 116 2354 1105 2438; baseline 0.003 -14"><span class='ocrx_word' id='word_1_314' title='bbox 116 2392 162 2424; x_wconf 83' lang='grc'>29</span> <span class='ocrx_word' id='word_1_315' title='bbox 187 2354 377 2426; x_wconf 53' lang='lat' dir='ltr'>illgul&#39;brro</span> <span class='ocrx_word' id='word_1_316' title='bbox 404 2397 440 2426; x_wconf 84' lang='lat' dir='ltr'><em>B</em></span> <span class='ocrx_word' id='word_1_317' title='bbox 536 2391 718 2438; x_wconf 85' lang='lat' dir='ltr'>exanguis</span> <span class='ocrx_word' id='word_1_318' title='bbox 745 2392 974 2438; x_wconf 55' lang='lat' dir='ltr'>(exangu3es</span> <span class='ocrx_word' id='word_1_319' title='bbox 1002 2393 1054 2437; x_wconf 78' lang='lat' dir='ltr'>M)</span> <span class='ocrx_word' id='word_1_320' title='bbox 1080 2406 1105 2427; x_wconf 83' lang='grc' dir='ltr'><strong><em>α</em></strong></span> 
     </span>
    </p>
   </div>
  </div>
 </body>
</html>
