1638 2560
506 95 825 134 DEGLAMATIO
850 96 903 133 XI
922 99 1028 133 6—8.
1369 97 1459 139 213

79 213 264 265 quisquis
293 212 425 252 ullum
454 212 612 252 facinus
642 214 687 252 in
716 212 835 252 rebus
865 212 1054 252 humanis
1088 211 1296 263 publicum
1328 213 1458 263 putat.

78 273 407 326 persuadentium
438 274 544 313 vires
575 275 682 323 sunt,
714 272 907 324 quicquid
938 273 1082 312 civitas
1112 273 1230 322 facit,
1262 273 1303 311 et
1334 272 1459 322 quod-

78 347 237 386 cunque
259 334 361 374 facit
385 334 571 385 populus,
591 334 810 373 secundum
835 333 944 384 quod
969 335 1239 385 exasperatur,
1258 333 1456 373 irascitur.

79 396 138 435 sic
168 407 336 446 corpora
366 397 506 434 nostra
536 397 693 434 motum
729 394 810 433 nisi
840 394 889 433 de
919 396 1054 433 mente
1085 407 1166 433 non
1197 396 1380 443 sumunt,
1419 396 1460 433 et

42 468 60 495 ε
80 455 212 496 otio&
241 457 337 495 sunt
365 455 558 505 membra,
589 455 714 494 donec
743 455 828 494 illis
860 456 1018 494 animus
1049 456 1200 493 utatur.
1263 455 1368 493 nihil
1399 457 1460 494 est

77 516 239 556 facilius
283 529 406 567 quam
448 516 491 554 in
536 515 756 566 quemlibet
798 515 1002 555 adfectum
1047 528 1208 554 movere
1251 516 1458 567 populum.

78 576 200 627 nulli,
243 589 335 616 cum
370 577 540 627 coimus,
585 589 659 616 sua
696 577 909 628 cogitatio,
946 588 1019 615 sua
1056 588 1186 626 mens,
1230 576 1317 614 ulla
1352 576 1460 615 rafio

78 639 240 689 praesto
271 638 349 687 est,
382 649 456 677 nec
486 637 610 676 habet
640 637 726 676 ulla
755 636 877 676 turba
907 636 1164 688 prudentiam
1196 637 1460 688 singulorum,

79 698 165 738 sive
197 697 304 749 quod
334 699 468 737 minus
499 697 682 750 publicos
715 697 896 749 capimus
929 697 1106 747 affectus,
1139 698 1222 737 sive
1247 698 1461 750 neglegen-

25 771 62 798 ιο
78 759 161 798 fior
191 760 254 798 est
284 759 355 809 qui
381 771 423 798 se
448 771 529 798 non
560 760 681 810 putat
705 759 836 798 solum
862 758 1004 798 debere
1028 758 1239 807 rationem,
1273 759 1314 797 et
1341 758 1460 797 multi

79 818 229 859 fiducia
264 819 435 859 facimus
472 821 662 858 omnium.
726 832 847 870 quam
885 831 965 858 non
1003 820 1132 870 possit
1168 818 1461 869 rempublicam

79 879 262 930 turbare,
299 879 559 930 confundere,
598 881 634 919 si
665 880 755 930 quis
786 881 952 930 repente
988 879 1227 930 proclamet:
1266 875 1462 930 ‘prodidit

79 952 152 980 vos
175 940 398 992 imperator
420 941 564 990 vester,
596 937 782 990 addixit’,
814 942 855 979 et
881 937 1002 979 ‘nunc
1026 940 1096 979 ille
1121 940 1269 979 liberos
1294 937 1462 979 habet'?

80 1001 115 1040 si
145 1001 391 1040 mehercules
422 1003 516 1052 post
545 1001 661 1051 hanc,
692 1001 868 1051 inimice,
898 1013 1037 1040 vocem
1061 1001 1216 1052 templa
1242 1002 1460 1040 monstras-

26 1074 61 1101 15
80 1073 162 1111 ses,
198 1062 439 1113 sacrilegum
469 1062 661 1101 continuo
691 1061 904 1113 flagrasset
933 1061 1182 1111 incendium,
1221 1062 1255 1100 si
1287 1061 1461 1101 convelli

80 1122 296 1162 simulacra
326 1122 541 1171 voluisses,
578 1123 739 1162 fecisset
776 1135 893 1162 omne
930 1122 979 1161 de
1017 1122 1249 1161 numinibus
1286 1123 1370 1161 suis
1399 1122 1459 1161 fa-

80 1182 193 1222 cinus
218 1182 398 1222 audacia.
447 1183 511 1222 vis
536 1183 649 1232 scire,
676 1185 794 1222 tuum
820 1195 915 1233 esse,
948 1182 1142 1233 quicquid
1167 1183 1311 1222 civitas
1337 1181 1461 1222 fecit?

79 1242 310 1295 gloriareris
340 1243 425 1293 illo,
457 1244 493 1283 si
523 1243 800 1295 prodidissem.

172 1303 262 1343 Non
294 1305 372 1354 est,
402 1304 567 1354 iudices,
600 1304 708 1355 quod
738 1316 810 1343 vos
843 1317 865 1342 a
898 1305 1100 1356 gravitate
1130 1304 1312 1343 iusffitiae
1344 1303 1458 1343 dolor
1483 1302 1508 1338 8

25 1376 62 1404 2⁰
80 1364 248 1404 ultionis
275 1364 467 1415 abducat3
500 1365 608 1415 quod
638 1366 810 1404 mortem
837 1377 951 1404 suam
982 1365 1170 1403 inimicus
1202 1365 1330 1403 offert.
1379 1377 1460 1403 non

80 1426 186 1476 petit
214 1425 337 1475 illud,
374 1426 453 1465 nisi
485 1426 667 1476 quisquis
698 1427 787 1476 ipse
816 1438 897 1464 non
930 1425 1049 1464 debet
1084 1425 1222 1464 occidi.
1285 1426 1460 1476 seposita

79 1486 207 1538 igitur
236 1486 444 1537 paulisper
468 1486 557 1537 lege
587 1487 668 1525 mei
696 1486 845 1525 doloris
870 1486 946 1525 hoc
970 1487 1132 1524 tantum
1159 1486 1209 1525 ab
1236 1485 1459 1525 adfectibus

79 1547 225 1586 vestris
263 1547 442 1586 omnium
479 1547 714 1586 mortalium
751 1546 912 1586 nomine
952 1548 1064 1597 peto,
1105 1559 1155 1585 ne
1196 1547 1261 1585 cui
1301 1546 1460 1585 nocenti

79 1619 232 1658 poenae
263 1609 492 1658 praestetur
524 1607 747 1646 arbitrium.
803 1607 1016 1657 infinitam,
1047 1606 1211 1656 iudices,
1243 1607 1459 1646 sceleribus

25 1680 61 1707 25
81 1667 248 1718 aperitis
274 1667 497 1717 audaciam,
530 1669 565 1707 si
589 1681 761 1719 poenam
786 1668 882 1707 licet
908 1668 1054 1720 eligere
1081 1667 1356 1718 condemnato,
1388 1681 1459 1707 nec

78 1728 161 1766 iam
199 1728 326 1767 ullam
363 1728 599 1767 mortalium
634 1730 908 1768 innocentiam
939 1728 1210 1780 trepidatione
1242 1729 1459 1778 contineas,

80 1789 116 1827 si
145 1789 303 1838 patitur
333 1788 602 1839 deprehensus
635 1789 803 1839 quisque
837 1789 943 1839 quod
975 1789 1132 1827 maluit.
1183 1789 1295 1828 levat
1323 1801 1459 1828 omnes

79 1848 292 1899 cruciatus,
324 1862 482 1888 omnem
514 1849 692 1889 dolorem
723 1851 968 1900 praeparata
998 1851 1173 1888 mentem
1202 1850 1458 1900 conposuisse

79 1910 290 1961 patientia.
352 1910 511 1949 fallitur
543 1910 726 1960 quisquis
762 1910 941 1949 humana
976 1911 1180 1949 tormenta
1212 1911 1298 1949 sola
1332 1911 1458 1949 nomi-

176 2073 702 2120 lunumom.m‚wpr.m
800 2074 945 2110 4siB
1024 2074 1261 2110 6inom.V
1342 2077 1459 2120 9pu-

76 2121 198 2158 blicos
224 2123 281 2159 bis
307 2129 342 2157 P
444 2122 615 2168 capimus
641 2133 708 2158 om.
730 2131 750 2165 β
859 2125 903 2158 10
931 2121 1053 2157 solum
1077 2134 1154 2158 non
1182 2122 1320 2159 debere
1346 2128 1389 2157 Μ

77 2169 200 2206 multa
226 2177 268 2206 ΔΙ
365 2175 406 2206 11
442 2182 557 2216 quam
583 2182 628 2206 ex
653 2181 765 2216 quem
791 2177 829 2206 B
926 2174 970 2206 12
1004 2170 1036 2206 si
1063 2177 1184 2206 orm-1
1281 2174 1325 2207 14
1352 2181 1457 2206 mon-

79 2220 219 2255 strasse
245 2225 282 2254 P
404 2223 447 2254 15
474 2219 655 2266 flagraret
681 2228 700 2261 β
824 2223 867 2254 16
894 2218 1125 2255 simulachra
1156 2226 1184 2254 V
1302 2223 1348 2254 22
1374 2219 1458 2264 lege

937 2280 962 2302 U

79 2303 115 2338 ei
138 2309 177 2338 B
200 2305 235 2349 (⁴
256 2306 341 2350 er.);
373 2303 498 2350 legem
524 2303 560 2338 ei
587 2309 637 2347 M,
663 2315 755 2339 corr.
775 2318 818 2338 n·
940 2280 1033 2348 nfeiss
1064 2310 1092 2338 ι’
1210 2307 1255 2339 23
1288 2303 1456 2338 nomine:

78 2350 159 2387 iure
186 2357 228 2386 ,ΙΙ
333 2363 404 2388 nec
429 2351 622 2387 innocenti
649 2361 668 2395 β
791 2355 835 2387 25
869 2352 1101 2398 condemptu
1131 2359 1159 2387 t·
1279 2355 1323 2386 28
1350 2362 1456 2397 prae-

78 2401 251 2445 paratam
279 2406 358 2435 ΒΜ
451 2402 578 2436 mente
605 2408 624 2442 ρ
