1638 2560
553 107 875 146 DECLAMATIO
899 107 936 144 11
954 111 1051 144 4—7
1435 107 1495 151 25

109 226 304 266 confinno
333 225 523 265 mutavit.
573 226 616 265 et
644 237 695 264 ne
728 224 819 275 quis
849 223 1021 264 miretur
1043 224 1149 263 hanc
1180 222 1495 274 festinationem,

110 287 252 328 statim
282 285 544 326 subsecutum
576 287 650 336 est,
680 287 728 325 ut
757 285 920 336 periret.
971 298 1025 325 an
1055 285 1301 335 interfuerit,
1330 284 1495 334 iudicae,

108 348 268 388 iuvenis
302 346 441 398 huius,
478 349 526 386 ut
555 348 713 387 viveret
748 347 868 397 pater
899 347 970 396 qui
1006 346 1090 385 iam
1127 345 1209 385 alio
1246 345 1497 385 moriebatur

109 407 267 459 herede,
295 421 369 448 vos
401 407 690 448 aestimabifis:
721 420 803 446 non
834 407 1035 457 interfuit,
1065 407 1113 446 ut
1144 406 1404 446 occideretur.

73 482 92 510 5
200 468 387 520 Facinus,
416 469 583 519 iudices,
616 468 725 519 quod
754 468 828 507 illa
855 469 974 507 nocte
1004 468 1047 506 in
1073 467 1259 507 cubiculo
1283 480 1494 517 novercae,
1519 466 1547 503 6

110 529 220 581 quod
249 529 293 569 in
322 530 474 570 lectulo
503 530 659 569 factum
690 531 764 581 est,
795 529 938 568 domus
968 530 1059 568 tota
1084 529 1221 568 sensit.
1271 542 1390 568 nemo
1414 541 1497 568 11011

109 589 190 630 sibi
218 590 330 630 visus
362 592 424 631 est
453 592 570 630 iuxta
599 591 736 630 fuisse.
790 590 959 629 excitari
990 590 1078 629 sola
1108 602 1282 629 noverca
1312 603 1395 629 non
1425 602 1497 641 po-

109 651 196 691 tuit
225 651 299 691 illo
330 651 432 702 loco,
462 651 568 691 unde
599 652 767 690 venerat
796 651 947 703 fragor.
998 652 1203 690 concurrit
1232 650 1393 690 familia
1418 663 1497 701 quo

110 712 308 753 sollicitos
340 714 462 763 atque
496 712 742 763 trepidantis
774 711 947 751 ducebat
978 712 1172 763 strepitus
1205 725 1326 762 quem
1357 724 1497 762 seque-

57 787 94 814 10
110 772 271 812 bantur.
314 774 562 813 invenerunt
586 786 722 813 senem
741 773 928 823 occisum,
951 785 1167 812 novercam
1190 772 1306 811 iuxta
1325 773 1498 812 cadaver

111 835 170 874 sic
192 834 403 884 iacentem,
434 847 485 873 ne
510 835 652 874 statim
676 835 843 886 possent
866 835 1130 886 interrogare,
1156 834 1247 884 quis
1273 833 1496 873 occidisset.

109 895 347 935 nuntiatum
383 897 446 935 est
482 894 626 934 deinde
664 895 822 935 facinus
854 897 895 934 et
932 907 1062 934 caeco.
1125 895 1315 934 iuventus
1346 896 1408 934 est
1442 916 1494 921 -—

111 955 221 1007 quod
257 956 512 996 innocentiae
550 956 701 995 sufficit
731 977 792 984 —-
822 969 905 996 non
936 969 962 995 a
999 956 1148 996 scelere
1185 955 1345 995 rediens
1384 957 1497 995 stans

109 1017 154 1055 in
189 1016 330 1056 limine
368 1016 543 1056 cubiculi
581 1017 662 1067 sui,
700 1017 836 1056 animo
869 1030 950 1068 quo
988 1017 1268 1056 discurrebant
1302 1016 1497 1056 videntes.

56 1090 91 1118 15
109 1078 158 1116 ut
182 1077 327 1117 deinde
351 1078 506 1117 ferrum
528 1078 687 1118 iuvenis
712 1078 997 1128 inquireretur,
1029 1078 1164 1129 exegit
1189 1077 1331 1117 eadem
1355 1077 1498 1128 utique

61 1192 64 1193 ⁷
111 1150 215 1188 quae
258 1139 541 1190 postulaverat
582 1139 632 1178 de
675 1152 841 1178 veneno.
905 1139 1013 1189 quod
1056 1139 1100 1177 in
1143 1139 1293 1178 lectulo
1336 1138 1498 1191 gladius

111 1200 347 1239 cruentatus
370 1200 561 1239 inventus
588 1202 661 1251 est,
692 1213 774 1239 non
803 1200 1007 1251 deprecor,
1038 1199 1205 1249 iudices,
1231 1199 1330 1251 quin
1356 1201 1499 1238 contra

111 1260 351 1300 caecitatem
382 1274 463 1300 non
487 1262 622 1300 minus
650 1262 936 1313 argumentum
967 1261 1120 1312 putetis
1147 1273 1271 1311 quam
1296 1260 1406 1312 quod
1437 1261 1498 1299 in-

111 1322 243 1360 veniri
285 1321 422 1372 potuit
461 1334 662 1361 venenum
701 1322 746 1360 111
785 1321 995 1372 parricidii
1036 1322 1275 1372 suspicione.
1338 1321 1499 1373 gladius

56 1395 94 1422 20
113 1383 347 1421 cruentatus
378 1383 601 1422 novissima
631 1382 819 1433 probatio
852 1382 973 1421 debet
1004 1395 1102 1432 esse,
1133 1395 1215 1421 non
1247 1382 1345 1421 sola.

202 1442 407 1495 Ignoscite
438 1443 659 1493 malorum,
697 1443 972 1494 periculorum
1002 1445 1154 1493 metus,
1190 1443 1388 1495 ignoscite
1426 1443 1499 1481 hu-

110 1515 234 1542 mana
271 1503 516 1544 discrimina.
580 1504 854 1543 defensionem
897 1505 1055 1544 iuvenis
1100 1505 1278 1543 lacrimis
1322 1505 1500 1555 primum

111 1565 350 1616 gemituque
380 1565 675 1616 prosequimur.
736 1564 915 1616 perdidit
946 1565 1088 1604 infelix
1117 1567 1289 1616 patrem,
1320 1564 1501 1616 perdidit

112 1626 154 1663 et
178 1626 351 1665 caecitas
382 1626 503 1664 illum
529 1638 665 1665 senem
696 1627 812 1665 cuius
842 1627 993 1676 oscula,
1020 1626 1136 1665 cuius
1163 1626 1395 1676 amplexum
1425 1626 1499 1664 im-

57 1698 94 1726 25
111 1685 292 1737 ponebat
330 1686 567 1726 vulneribus
606 1687 833 1737 oculorum,
877 1688 943 1726 cui
978 1686 1216 1738 praestabat
1254 1699 1414 1737 caecus,
1452 1687 1501 1725 ut

112 1746 279 1786 viveret.
341 1747 491 1786 misera
522 1747 767 1800 ignorantia,
798 1749 949 1788 misera
981 1747 1184 1798 debilitas,
1217 1747 1325 1798 quod
1356 1749 1397 1786 te
1429 1760 1500 1786 no-

110 1820 231 1847 verca
262 1820 344 1847 non
374 1808 433 1848 sic
463 1808 603 1860 potius
636 1808 818 1859 decipere
843 1809 1003 1859 maluit,
1035 1810 1082 1848 ut
1106 1808 1263 1848 biberes
1289 1821 1499 1848 venenum.

202 1867 378 1908 Facinus
404 1871 477 1920 est,
502 1869 667 1920 iudiceS,
698 1871 1045 1921 comparationem
1068 1869 1168 1919 fieri,
1199 1870 1283 1908 utri
1308 1869 1497 1908 credibile
1527 1868 1547 1904 7

112 1928 166 1967 sit
196 1929 471 1980 parricidium.
522 1930 631 1969 idem
661 1943 733 1970 vos
764 1932 921 1982 putatis
954 1930 1110 1970 efficere
1142 1931 1323 1970 noctium
1353 1930 1501 1969 merita

211 2049 230 2080 1
258 2034 532 2082 festinationem
556 2052 586 2080 V
653 2050 677 2081 4
701 2057 784 2082 vos:
811 2059 834 2081 v
859 2047 902 2082 in
920 2057 994 2083 ras.
1016 2049 1111 2093 (erat
1135 2047 1174 2092 n)
1195 2053 1232 2081 P
1304 2051 1324 2081 5
1352 2045 1411 2081 in:
1438 2045 1453 2080 i
1478 2051 1506 2080 V

114 2097 136 2128 6
162 2093 256 2129 sesit
285 2100 315 2129 V
407 2097 429 2129 8
456 2094 613 2141 frangor
637 2101 672 2130 J
751 2095 918 2131 cucurrit
943 2104 971 2130 «r
1066 2099 1087 2130 9
1114 2094 1346 2141 trepidantis
1373 2109 1415 2129 a:
1443 2105 1500 2130 -es

113 2150 185 2184 ργσ
274 2146 320 2178 10
346 2142 529 2178 occisum:
558 2143 727 2179 ociosum
758 2150 787 2178 t·
875 2148 918 2179 11
948 2144 1160 2180 iaccentem
1185 2150 1223 2178 B
1315 2147 1360 2178 12
1387 2153 1500 2186 caeco

111 2232 151 2261 Β
170 2274 178 2282 .
197 2203 356 2283 iuven-tii
374 2234 412 2263 Β
486 2231 530 2263 16
557 2229 676 2274 qnod:
704 2240 779 2274 quo
799 2235 837 2264 Β
911 2232 954 2264 17
981 2229 1128 2264 iudices
1154 2241 1200 2264 ex
1223 2227 1405 2264 videlicet
1423 2234 1458 2262 ,1

113 2286 224 2320 qum:
252 2287 319 2322 qm
342 2282 413 2311 BV
476 2280 520 2312 21
548 2277 821 2323 periculorum:
848 2277 1142 2323 praeteritorum
1163 2278 1214 2313 H.
1230 2289 1271 2323 p.
1287 2280 1335 2312 55
1345 2292 1354 2320 3
1380 2276 1500 2311 maio-

114 2334 199 2358 rum
221 2324 479 2370 periculorum
508 2325 593 2362 obr.
688 2329 733 2361 23
760 2326 1023 2372 gemitumque
1047 2332 1086 2361 Β
1182 2330 1228 2360 24
1256 2325 1422 2360 caecitas
1444 2330 1499 2359 ,ηε

115 2371 343 2408 caecitatem
368 2374 505 2419 reliqui
603 2378 649 2409 28
676 2374 945 2420 cooperatione
971 2377 1007 2419 (o
1034 2375 1102 2410 del.
1131 2375 1353 2419 rubricator)
1375 2380 1408 2408 J

115 2419 193 2455 utri
219 2421 403 2457 credibile
430 2423 537 2458 Dese.
558 2435 597 2468 p.
619 2426 684 2459 95:
712 2426 757 2458 ut
780 2423 1006 2458 incredibile
1033 2438 1063 2458 ω
