1638 2560
150 96 238 139 320
555 90 756 128 INFAMIS
782 89 836 124 IN
860 87 1075 124 MATREM
1099 87 1118 122 I

747 323 924 374 XVIII.

445 433 715 484 INFAMIS
753 433 827 481 IN
865 431 1147 480 MATREM
1184 430 1223 480 Ι.

150 574 301 612 MALAE
346 580 650 609 TRAcrATmNIs
695 579 760 606 srr
804 578 942 606 Aemo.
1006 565 1241 617 Speciosam
1278 564 1427 615 filium,
1465 563 1526 602 in-

210 633 374 681 famem,
423 633 634 680 tamquam
682 628 881 667 incestum
925 640 1015 666 cum
1063 628 1195 666 matre
1244 625 1525 675 committeret,

211 694 327 744 pater
362 691 405 730 in
443 692 596 730 secreta
633 691 748 740 parte
781 688 921 727 domus
958 689 1079 727 torsit
1111 688 1152 726 et
1183 685 1332 727 occidit
1367 685 1412 725 in
1442 686 1525 725 tor-
1564 699 1581 726 5

211 753 367 792 mentis.
417 752 642 802 interrogat
669 750 787 788 illum
811 750 942 787 mater
968 748 1066 799 quid
1091 761 1138 787 ex
1162 747 1248 787 filio
1274 746 1526 798 compererit.

211 814 413 852 nolentem
444 811 574 851 dicere
605 810 736 849 malae
769 810 1025 848 tractationis
1061 809 1236 848 accusat.

107 948 128 984 1
246 946 352 995 Etsi,
382 945 550 993 iudices,
584 943 865 983 callidissimus
897 941 1102 993 parricida
1134 942 1291 982 facinus
1323 953 1441 981 suum
1472 939 1537 979 sic·

154 1006 366 1055 ordinavit,
397 1006 443 1043 ut
474 1005 588 1044 vobis
619 1005 791 1043 matrem
821 1003 971 1042 faceret
1001 1003 1194 1052 invisam,
1226 1002 1311 1042 sive
1343 1001 1534 1041 dissimu-

116 1084 119 1087 <
155 1067 257 1106 laret
293 1067 437 1106 misera
474 1067 643 1104 mortem
680 1064 758 1103 filii
794 1064 874 1113 sui,
913 1065 996 1103 sive
1037 1064 1289 1114 quereretur,
1331 1062 1528 1112 tantaque
1549 1075 1584 1102 ιο

154 1128 422 1166 monstrorum
453 1126 632 1165 novitate
665 1125 955 1164 circumdatam
982 1137 1027 1164 eo
1059 1123 1259 1175 perduxit,
1290 1124 1337 1162 ut
1361 1122 1440 1163 sibi
1469 1123 1530 1161 vi-

155 1188 297 1226 deatur
326 1187 593 1226 infamatums
625 1187 773 1224 iterum
798 1186 862 1224 vel
891 1185 1133 1236 patientiam
1163 1185 1346 1223 nostram
1369 1183 1435 1223 vel
1461 1182 1530 1221 do-

154 1248 295 1287 lorem:
326 1247 450 1286 matri
473 1248 621 1297 tamen,
653 1242 752 1299 (in)
778 1247 890 1285 cuius
917 1244 1217 1285 calamitatibus
1242 1258 1292 1284 ne
1316 1245 1532 1283 minimum

156 1307 233 1346 sibi
263 1308 444 1347 vindicat
476 1307 626 1346 orbitas
665 1307 814 1357 locum,
852 1306 942 1345 ideo
975 1306 1026 1345 ad
1056 1319 1127 1346 vos
1164 1305 1402 1358 fugiendum
1438 1305 1531 1354 fuit,

155 1371 201 1407 ut
231 1369 385 1407 sciretis
417 1381 497 1406 non
533 1366 597 1406 illi
627 1368 827 1418 praestari
860 1367 966 1417 quod
1004 1368 1113 1407 tacet
1150 1367 1333 1405 maritus.
1395 1364 1530 1417 laudo,
1550 1378 1585 1405 15

154 1429 319 1478 iudices,
350 1428 470 1467 laudo
496 1429 685 1467 miseram
711 1427 819 1479 quod
843 1429 1092 1479 interrogare
1118 1427 1251 1466 noluit
1276 1425 1398 1476 domi,
1424 1424 1533 1476 quod

155 1489 258 1527 nihil
288 1489 385 1528 fecit
416 1490 456 1527 et
485 1489 574 1539 ipsa
606 1491 769 1528 secreto.
830 1488 896 1527 hic
928 1501 1063 1527 coram
1095 1488 1279 1537 civitate,
1316 1499 1452 1526 coram
1481 1486 1532 1525 li-

156 1549 261 1588 beris
287 1562 332 1588 ac
357 1549 590 1600 parentibus
620 1551 671 1599 et,
697 1550 793 1588 licet
825 1549 1080 1589 dissimulare
1105 1548 1308 1599 parricida
1332 1546 1533 1597 videatur,

158 1623 291 1648 coram
327 1622 486 1648 rumore
518 1611 646 1648 mater
682 1611 854 1660 inquirit
885 1609 982 1660 quid
1020 1610 1231 1659 tormentis
1269 1609 1380 1648 unici
1411 1602 1531 1658 quae-

255 1716 276 1747 2
312 1713 461 1748 titulum
495 1713 667 1748 omissum
701 1712 885 1758 supplevit
921 1723 1056 1748 manus
1089 1713 1229 1748 saeculi
1263 1712 1370 1748 XIX
1399 1717 1437 1746 B

159 1765 180 1796 3
200 1760 301 1796 Male
313 1760 552 1796 tractationis
573 1760 623 1796 sit
637 1760 746 1796 actio.
778 1760 994 1806 spetiosum
1013 1760 1135 1796 filium
1147 1760 1340 1797 infamem.
1366 1758 1540 1805 nequire

158 1809 202 1844 In
228 1808 393 1844 secunda
417 1809 529 1844 Parte
554 1808 667 1844 huius
693 1809 817 1855 operis
843 1809 959 1845 minio
980 1809 1085 1855 picta
1111 1811 1243 1855 omisso
1268 1811 1484 1856 wyummto
1508 1813 1538 1842 V

161 1869 265 1906 accio
291 1875 327 1905 Β
423 1872 442 1903 6
471 1869 655 1914 comperit
680 1875 724 1904 M
825 1873 844 1904 7
871 1876 915 1904 M
940 1869 1025 1905 add.
1052 1870 1169 1906 minio
1194 1871 1334 1916 scripta
1357 1859 1541 1906 EXPLIU

159 1917 413 1964 ARGVMTV
437 1922 567 1965 INCIP
581 1922 660 1964 Lu}
674 1929 739 1964 DE
753 1929 925 1964 MATRE
934 1921 970 1973 Q
985 1919 1179 1966 MARITV
1197 1925 1325 1975 AOCV
1327 1923 1418 1976 SAT
1425 1920 1544 1976 &15¹ng

159 1981 338 2026 MORTE
358 1989 470 2024 FILII
496 1989 655 2025 CAVSA
679 1988 819 2025 XVIIII
945 1989 1070 2036 prima
1094 2001 1183 2036 pars
1201 1989 1539 2027 Jubricatorsadd..

160 2039 203 2074 in
227 2050 342 2084 mary.
370 2038 503 2084 capitis
529 2042 549 2073 1
577 2044 605 2072 V

258 2090 279 2122 8
312 2086 383 2121 etsi
399 2107 442 2112 —
457 2086 648 2121 ordinavit
677 2087 720 2121 in
745 2086 882 2122 lacuna
908 2089 931 2121 9
956 2099 1126 2123 versuum
1151 2093 1225 2123 'orm
1239 2092 1292 2131 B,
1316 2085 1405 2122 *aad
1425 2087 1538 2122 πιαπί

159 2182 251 2207 saec.
274 2171 380 2206 XIX
452 2170 572 2205 multa
597 2170 743 2206 iudices
769 2170 872 2205 dirus
898 2173 1009 2216 pater
1028 2146 1235 2218 coneiss'nfdo
1254 2170 1465 2217 replicavit,
1490 2170 1535 2205 ut

159 2218 268 2254 vobis
295 2225 345 2262 M,
370 2230 470 2264 supr.
491 2233 533 2253 m
617 2218 869 2254 calidissimus
895 2225 924 2253 V
1018 2223 1061 2255 10
1086 2220 1264 2255 miseram
1288 2225 1374 2264 M13
1400 2230 1466 2255 om.
1489 2225 1533 2263 P,

160 2278 262 2312 supr.
280 2282 309 2308 ιι
383 2268 628 2313 quererentur
653 2274 681 2301 V
763 2270 806 2302 11
834 2278 916 2302 meo
943 2274 971 2301 Γ
1038 2268 1218 2313 produxit
1242 2275 1270 2303 V
1357 2270 1402 2303 13
1427 2267 1469 2303 in
1495 2274 1533 2311 σς

161 2326 229 2351 om.
251 2329 281 2350 ω
378 2326 425 2350 ne
452 2316 518 2351 del.
543 2315 607 2351 Gr.
710 2318 751 2350 17
786 2315 868 2361 ipse
895 2330 918 2350 α
1015 2316 1105 2352 hinc
1132 2323 1175 2351 M
1270 2319 1314 2351 19
1345 2326 1534 2352 rumorem

161 2394 241 2423 ΒΜ
334 2375 457 2434 &ater
481 2394 510 2422 Γ
601 2387 668 2422 uni
693 2393 744 2433 B;
770 2388 883 2423 unius
910 2394 952 2422 M
