1638 2560
534 100 855 138 DECLAMATIO
880 102 986 139 XVII
1005 106 1111 139 1-3.
1426 104 1516 148 303

134 215 243 268 quod
286 215 423 256 effudi.
484 217 582 256 licet
622 216 751 268 igitur
793 217 1076 257 inmitissimus
1114 231 1234 258 senex
1275 219 1516 259 confundere

132 276 318 328 publicos
355 279 523 317 conetur
552 277 737 317 adfectus
769 277 1026 328 querelarum
1055 279 1189 318 fronte
1225 281 1404 330 mutata,
1434 293 1516 319 non

123 349 271 378 smnus
300 338 398 378 novi
421 337 537 377 vobis
569 340 778 378 accusator
809 340 852 378 et
874 351 978 389 reus,
1009 352 1083 378 nec
1106 352 1180 379 nos
1203 340 1324 380 modo
1348 341 1515 392 pietatis

134 410 296 439 eversae
337 410 477 438 recens
520 398 701 438 adseruit
742 399 981 439 inmanitas:
1023 400 1270 451 parricidam
1308 415 1374 441 me
1417 402 1516 441 olim

97 476 114 502 5
133 460 264 499 vocat.
324 459 386 498 ita
416 461 479 499 est
514 459 639 510 enim,
677 459 848 509 iudices,
884 460 944 499 ita
976 463 1055 510 est,
1086 461 1169 500 iam
1199 461 1356 512 pridem
1385 462 1515 501 homi-

132 532 233 559 nnm
261 519 530 559 nefandorum
560 520 657 559 solis
688 520 918 560 nominibus
948 524 1170 562 accusatur.
1221 523 1279 562 sic
1309 522 1411 562 mihi
1440 523 1516 562 illa

131 580 265 631 prima
300 580 430 632 patris
466 581 679 620 maledixit
714 583 923 632 asperitas.
986 582 1053 621 hic
1090 585 1152 622 est
1187 583 1258 622 ille
1292 596 1411 634 quem
1447 583 1515 623 de-

132 641 262 681 sinere
291 641 375 680 iam
404 642 633 691 iusseratis,
672 642 744 692 qui
775 655 934 693 semper
964 643 1017 682 ad
1048 655 1121 683 vos
1152 645 1325 683 recurrit
1355 646 1398 683 et
1426 646 1514 684 vin-

132 701 248 742 citur.
310 702 486 752 fallitur,
518 702 700 753 quisquis
730 703 847 742 issam
879 702 927 742 de
958 703 1138 743 moribus
1169 705 1276 744 senis
1307 705 1514 745 lassitudi-

77 778 114 805 10
131 775 225 802 nem
254 762 321 802 vel
350 762 595 813 patientiam
619 765 767 814 sperat
817 765 927 814 patri
952 765 1024 815 qui
1049 764 1236 805 abdicare
1260 779 1342 805 non
1366 766 1515 817 potuit,

131 823 267 862 minus
297 825 360 863 est
388 823 499 863 filius
529 836 676 864 nocens
710 837 832 875 quam
862 824 1085 864 absolutus.

222 882 256 923 Ο
286 884 656 935 pertinacissimum
686 887 967 924 accusatorum
998 899 1144 938 genus,
1173 887 1274 926 victi
1303 888 1509 938 parentes!
1536 888 1561 925 3

131 943 228 983 dum
253 946 539 984 auctoritatem
563 946 738 985 nominis
762 946 888 986 vestri
906 947 1052 986 fortius
1070 947 1298 998 imperiosis
1323 947 1510 988 adseritis

131 1004 358 1044 adfectibus
388 1007 441 1056 et,
471 1019 522 1045 ne
546 1005 743 1056 pudorem
766 1008 1139 1058 paenitentiamque
1163 1008 1389 1059 fateamini,
1420 1021 1513 1048 con-

77 1080 113 1108 ιι
129 1066 314 1105 tumacia
336 1066 554 1106 vindicatis
583 1079 771 1118 errorem,
802 1068 1103 1108 calamitatibus
1128 1069 1229 1109 meis
1254 1070 1435 1120 accessit,
1466 1072 1514 1109 ut

129 1127 194 1165 ter
224 1126 464 1166 absolverer.
527 1140 701 1179 namque
739 1129 788 1167 ut
818 1131 907 1167 erat
941 1130 984 1168 in
1022 1142 1272 1180 supervacuo
1304 1130 1396 1169 odio
1431 1132 1513 1169 mei

131 1199 250 1226 senex
286 1187 419 1238 prima
455 1188 545 1227 luce
582 1188 821 1239 deprensus,
857 1189 962 1229 ferre
998 1202 1082 1229 non
1117 1190 1254 1242 potnit
1284 1191 1394 1241 quod
1422 1191 1511 1230 red-

130 1246 254 1286 debar
288 1248 440 1297 invito,
477 1250 536 1298 et,
574 1250 672 1300 quia
708 1262 734 1288 a
771 1249 970 1289 iudicibus
1008 1263 1090 1290 non
1125 1252 1421 1302 inpetraverat,
1464 1253 1512 1291 ut

131 1306 349 1359 abdicaret,
382 1309 490 1360 apud
515 1321 557 1348 se
588 1309 735 1360 tenuit,
767 1322 817 1348 ne
843 1310 1043 1350 desineret
1073 1311 1149 1351 hoc
1174 1312 1290 1351 velle.
1340 1312 1512 1351 credidit

77 1383 114 1410 πο
131 1369 271 1408 tamen
301 1369 462 1420 aliquid
496 1370 775 1421 profecturum
805 1372 1062 1421 querelarum
1094 1385 1228 1411 errore
1263 1373 1438 1423 repetito
1470 1374 1512 1412 et

133 1430 314 1480 speravit
337 1431 454 1469 iuxta
478 1432 777 1470 contentionem
803 1444 930 1482 suam,
960 1434 1008 1471 ut
1031 1433 1267 1472 lassesceret
1291 1433 1511 1484 aliquando

128 1502 202 1540 pro
239 1503 304 1530 me
338 1491 450 1530 iusta
485 1492 704 1531 miseratio.
768 1492 869 1542 quid
904 1493 1079 1532 facerem
1115 1492 1271 1545 igitur?
1308 1507 1388 1544 quo
1421 1506 1511 1533 ver-

128 1552 257 1590 terem
286 1552 370 1590 iam
399 1551 618 1604 fatigatam
648 1551 954 1592 innocentiam?
1002 1566 1075 1593 nec
1107 1554 1215 1592 exire
1245 1568 1309 1593 me
1342 1554 1511 1594 decebat

130 1622 178 1649 ex
208 1611 340 1661 domo,
370 1624 420 1651 ne
451 1612 610 1651 viderer
641 1613 835 1663 quicquid
865 1626 937 1653 vos
968 1626 1050 1653 non
1081 1614 1354 1665 credideratiS‚
1385 1627 1509 1668 agno-

75 1686 111 1713 25
130 1683 256 1721 scere,
287 1685 360 1711 nec
392 1674 601 1723 expectare
630 1675 834 1723 poteram,
871 1687 962 1714 cum
993 1674 1094 1713 mihi
1124 1687 1263 1715 rursus
1295 1676 1419 1715 aliam
1450 1689 1509 1716 se-

129 1730 230 1770 riem
269 1732 470 1771 malorum
512 1733 751 1783 minaretur,
796 1735 905 1785 quod
940 1748 1004 1774 me
1041 1735 1124 1774 iam
1167 1738 1356 1787 coeperat
1391 1739 1510 1787 pater

128 1792 385 1832 contentione
418 1806 498 1843 qua
527 1793 641 1834 vobis
673 1794 934 1845 irascebatur,
965 1795 1107 1836 odisse.
1170 1796 1335 1836 tandem
1365 1797 1508 1836 infelix

227 1936 245 1967 1
274 1931 417 1980 effudi}
443 1939 486 1968 Μ
561 1933 845 1970 inmittissimus
870 1941 908 1970 Β
1003 1939 1024 1970 3
1051 1938 1253 1972 accusatur
1276 1943 1317 1971 Β
1392 1941 1414 1972 4
1441 1937 1509 1972 ad-

128 2015 254 2040 serum
272 2011 325 2049 Βς
352 2005 496 2041 adserit
515 2012 558 2040 Μ
640 2010 661 2041 5
686 1995 880 2043 hominem
899 2014 937 2043 Β
1010 2012 1054 2044 10
1081 2009 1175 2054 quid
1193 2015 1222 2043 Y
1298 2013 1340 2045 11
1368 2020 1507 2045 nocens

129 2052 312 2100 alligatus
345 2065 460 2099 quam
486 2060 528 2089 Μ
650 2059 694 2090 13
725 2056 842 2092 vestri
867 2063 912 2092 .1;
945 2057 1078 2092 vestris
1105 2064 1194 2100 αβιι
1315 2062 1359 2093 15
1378 2058 1505 2113 ,ωεὶεε

127 2137 219 2173 viris
238 2144 275 2172 P
369 2139 686 2175 accessit—erat
711 2141 732 2176 l.
754 2143 805 2176 16
829 2152 898 2177 om.
919 2149 947 2175 «r
1061 2146 1105 2177 16
1130 2143 1207 2177 ter:
1226 2117 1252 2177 ¹1¹3
1278 2148 1333 2185 Μ;
1358 2118 1439 2178 tIP

130 2190 173 2221 17
202 2197 310 2222 senes
335 2193 363 2221 Y
418 2187 520 2222 luce:
546 2187 615 2223 lite
638 2188 721 2224 Obr.
787 2192 832 2224 18
859 2189 951 2234 quia
968 2189 1046 2225 iam
1066 2201 1089 2225 a
1107 2196 1146 2225 Β
1206 2193 1251 2226 19
1278 2190 1424 2226 credidi
1443 2196 1511 2226 BV

129 2261 174 2294 20
201 2246 325 2295 θιτὲιθ
347 2265 399 2303 Β;
426 2261 567 2295 terrore
588 2261 662 2296 Bu.
738 2261 917 2307 repetitio
937 2268 988 2306 Β;
1015 2274 1083 2298 om.
1103 2268 1133 2296 V
1202 2266 1245 2298 21
1273 2263 1375 2298 iusta
1396 2269 1437 2297 Μ

129 2317 236 2342 suam
256 2318 324 2343 om.
346 2314 396 2350 Μ,
421 2320 522 2354 supr.
537 2323 579 2343 m
652 2308 857 2346 lacesseret
874 2316 954 2345 ΒΜ
1031 2315 1077 2346 22
1098 2311 1206 2346 iuxta
1230 2317 1259 2346 V
1330 2322 1405 2356 quo
1426 2322 1507 2346 ver-

128 2357 265 2391 terem:
286 2356 387 2401 quod
406 2356 540 2391 vellem
555 2363 624 2392 ΒΓ
717 2361 761 2392 23
784 2358 907 2393 excire
927 2364 964 2393 Β
1061 2359 1215 2395 dicebat
1234 2365 1313 2394 ΒΜ
1330 2361 1434 2406 (corr.
1450 2361 1505 2404 m)

128 2407 174 2438 24
199 2414 268 2439 nos
288 2410 357 2439 BV
432 2409 477 2441 26
502 2407 614 2451 pat-er
632 2417 699 2442 om.
723 2412 773 2449 Μ,
792 2407 879 2442 add.
900 2421 941 2441 m
1022 2411 1067 2442 27
1094 2407 1219 2443 odisse
1239 2420 1284 2444 ex
1304 2408 1455 2442 audisse
1484 2414 1511 2441 ι’
