1638 2560
0 0 246 60 ww
348 42 354 47 ,

487 107 808 145 DECLAMATIO
834 107 887 144 XI
906 112 1011 144 2-4.
1353 107 1443 150 209

61 225 248 265 veritatis
284 224 455 275 aptavit.
518 224 662 263 civitas
700 223 845 262 deinde
882 224 950 263 3111
987 223 1197 262 accusator
1238 222 1443 274 proditam

62 297 106 325 se
129 297 216 326 3333
245 285 514 336 persuaserat,
544 284 642 323 fecit
667 284 860 334 quicquid
883 284 949 323 hic
974 284 1023 323 (13
1049 296 1113 322 133
1138 282 1271 322 faeere
1295 284 1440 334 potuit.

62 345 210 387 11113103
239 357 351 385 13303
380 357 481 396 quos
512 345 700 384 inimicus
730 347 820 384 tota
851 357 926 384 sua
957 344 1213 384 contentione
1243 345 1443 384 monstra-

61 408 197 457 verat,
233 406 382 446 occidit
411 418 557 458 genere
589 418 668 456 quo
699 407 870 456 pereunt
899 406 1144 444 innocentes.
1196 404 1336 443 feretis
1366 417 1442 454 me,

25 481 43 508 5
61 467 229 517 iudices,
246 466 414 506 liberius
433 466 572 534 aliqua
591 466 790 505 dicentem
801 464 822 504 ⁸?
869 479 952 505 rem
972 465 1138 516 113331131
1158 465 1333 516 exempli
1350 476 1442 516 pas-

61 539 130 568 sus
154 540 278 578 eram,
308 528 433 566 etiam
458 527 492 566 si
516 527 793 578 prodidissem.
844 527 927 566 3310
952 539 1037 575 vos,
1062 526 1227 575 iudices,
1252 526 1327 565 hoc
1352 526 1441 564 1030

59 589 202 628 11111311
230 588 503 628 innocentiam
533 601 676 627 meam.
727 590 774 626 ut
803 587 980 638 primum
1012 588 1120 626 enim
1150 586 1252 624 mihi
1278 586 1442 625 3313131-

59 650 167 689 tates
202 660 313 688 13333
350 648 517 687 nuntius
553 649 596 687 in
630 650 763 687 castra
794 648 980 698 pertulit,
1018 660 1098 686 non
1131 659 1244 685 311113
1277 647 1441 698 11101331,

58 721 142 748 non
177 709 374 749 stationes
405 709 639 759 vallumque
667 709 850 755 deserui:
889 710 1021 747 totam
1059 707 1275 747 orbitatem
1309 720 1442 746 meam

5 784 42 811 10
59 770 103 808 111
133 769 242 809 113113
272 771 471 819 converti,
508 771 718 820 tamquam
750 769 898 808 liberos
929 780 1038 808 meos
1076 768 1134 806 ibi
1164 767 1441 818 perdidissem.

60 831 96 869 si
119 843 311 881 unquam,
341 830 507 880 iudices,
533 831 577 869 in
602 844 665 869 me
690 829 927 869 habuissent
951 829 1147 880 profanae
1174 829 1440 880 cogitationes

59 891 205 940 locum,
234 892 271 930 si
300 890 477 942 patriam
501 890 632 930 odisse
661 891 726 930 vel
756 904 831 941 pro
856 890 995 929 liberis
1020 890 1121 929 meis
1146 901 1317 940 possem,
1347 902 1440 941 pro-

58 950 231 991 ditorem
260 964 325 990 me
355 952 551 991 feceratis.

148 1012 319 1052 Necesse
351 1014 429 1063 est,
462 1011 631 1061 iudices,
668 1012 743 1051 hoc
774 1013 951 1062 primum
981 1023 1166 1050 reversus
1199 1010 1436 1050 exclamem:
1462 1009 1488 1047 4

3 1086 40 1114 15
62 1069 138 1112 ‘ita
167 1085 324 1124 pauper
354 1074 479 1111 etiam
508 1086 616 1111 nunc
647 1072 793 1112 liberos
824 1072 964 1111 habet!
1015 1071 1145 1111 adhuc
1176 1071 1332 1110 inimici
1359 1073 1440 1110 mei

58 1133 180 1184 plena
210 1133 352 1172 domus
384 1131 473 1172 est?
535 1146 558 1172 0
590 1133 760 1172 miserae
796 1133 1080 1185 cogitationes,
1120 1145 1143 1171 ο
1176 1131 1344 1182 decepta
1376 1144 1439 1170 30-

58 1190 198 1233 lacial'
248 1195 306 1233 sic
338 1207 412 1246 ego
443 1194 676 1233 revertebar
707 1195 824 1244 quasi
854 1191 1112 1232 vindicatus?
1144 1205 1244 1243 quas
1277 1205 1351 1244 ego
1382 1192 1439 1230 13-

57 1253 224 1305 gionum
247 1256 474 1294 vestrarum
503 1254 815 1306 indignationes,
847 1267 967 1304 quem
997 1253 1212 1293 fortissimi
1242 1253 1439 1292 exercitus

58 1314 271 1382 conpescui
308 1314 503 1365 dolorem,
542 1315 639 1353 dum
677 1314 862 1355 omnibus
907 1315 1101 1365 promitto
1144 1314 1292 1353 liberos
1334 1326 1438 1363 suos,

0 1389 40 1416 so
58 1375 157 1414 dum
186 1375 319 1415 minus
350 1388 424 1444 pro
450 1375 631 1415 vindicta
654 1388 745 1414 mea
773 1377 872 1426 puto
899 1375 1092 1443 quicquid
1115 1376 1202 1425 ipse
1228 1373 1440 1414 fecissem?

58 1437 328 1487 congerantur
358 1437 441 1475 iam
472 1436 568 1475 licet
593 1436 785 1475 adversus
818 1436 997 1475 omnium
1028 1435 1262 1474 mortalium
1294 1447 1438 1474 nocen-

56 1497 259 1535 tissimum
295 1499 440 1536 cuncta
477 1497 694 1547 supplicia,
733 1509 806 1548 ego
844 1498 982 1535 tamen
1013 1495 1233 1534 maximum
1271 1495 1439 1534 ultionis

57 1569 170 1596 meae
195 1557 389 1596 solacium
419 1557 588 1608 perdidi,
620 1557 729 1607 quod
752 1557 926 1607 pauperi
949 1569 1021 1596 vos
1046 1556 1182 1606 potius
1208 1555 1438 1595 debueratis

56 1616 188 1656 irasci.
239 1618 431 1668 quoniam
461 1619 590 1669 igitur
616 1617 745 1656 adhuc
772 1630 862 1656 cum
886 1630 1064 1668 paupere
1091 1617 1252 1669 legibus
1279 1629 1325 1655 ac
1349 1618 1437 1656 iure

2 1691 39 1718 25
58 1678 255 1727 consiste,
298 1677 445 1717 liberos
490 1679 576 1718 eius
619 1679 663 1717 in
708 1678 951 1729 supplicium
994 1678 1123 1729 patris
1167 1679 1274 1728 peto.
1338 1678 1437 1727 quid

58 1738 157 1777 satis
194 1738 375 1788 inprecer
410 1739 565 1778 homini
597 1740 667 1789 qui
703 1739 817 1789 fecit,
855 1741 901 1778 ut
934 1739 1150 1789 quisquam
1188 1738 1350 1777 deberet
1381 1738 1437 1777 sic

56 1797 287 1838 vindicari?

148 1855 470 1909 ‘Calumniator',
489 1860 635 1910 inquit,
655 1856 779 1899 ‘idem
801 1856 1010 1911 patiatur.'
1055 1859 1300 1910 permittunt
1324 1859 1436 1908 mihi,

56 1918 225 1970 iudices,
269 1920 521 1960 calamitates
564 1934 677 1960 meae
716 1921 827 1971 queri
873 1920 921 1959 de
962 1921 1038 1959 1133
1077 1920 1185 1972 1383,
1227 1922 1437 1970 tamquam

0 1992 39 2029 ρο
56 1992 201 2031 parum
232 1980 346 2020 nobis
384 1982 427 2019 in
458 1981 613 2021 ultione
647 1982 908 2032 prospexerit.
970 1982 1111 2020 contra
1142 1993 1216 2019 nos
1247 1982 1436 2019 inventus

58 2042 119 2080 est
160 2040 363 2081 vindictae
409 2041 551 2081 modus
597 2055 675 2092 quo
719 2055 800 2081 non
843 2041 1059 2080 debeamus
1110 2053 1195 2080 esse
1245 2041 1435 2080 contenti.

155 2173 174 2204 1
202 2169 373 2215 captavit
392 2177 463 2212 βγσ
552 2174 572 2205 2
600 2180 639 2204 33
659 2181 727 2206 om.
748 2176 776 2204 r
863 2173 884 2204 3
912 2169 1089 2204 contione
1115 2175 1188 2211 Γβσ
1271 2172 1291 2202 6
1318 2168 1436 2203 etiam

3 2250 10 2253 ,
57 2227 124 2252 om.
151 2223 180 2251 V
297 2221 319 2253 8
350 2217 512 2263 proiecit
537 2224 574 2253 B
694 2221 738 2253 17
768 2217 1030 2253 vindicaturus
1057 2223 1100 2252 Μ
1122 2216 1195 2262 (vel
1221 2216 1435 2251 vindicatus

55 2265 228 2311 33111...)
302 2277 396 2311 quas
417 2277 487 2312 ego
508 2277 575 2302 om.
591 2272 640 2309 Μ,
661 2267 747 2302 add.
763 2281 805 2301 n·
875 2269 919 2301 18
946 2266 1114 2301 exercitu
1132 2271 1170 2300 B
1238 2268 1281 2300 19
1308 2266 1393 2300 tuos
1414 2271 1442 2298 Γ

57 2316 103 2348 21
130 2315 407 2361 congregentur
432 2321 475 2349 M
497 2314 570 2361 (vel
596 2317 847 2361 congerentur
871 2316 926 2360 m)
1003 2318 1048 2349 23
1074 2326 1139 2350 vos
1164 2313 1292 2359 potius
1318 2325 1385 2348 om.
1414 2318 1442 2347 Γ

57 2363 104 2396 26
136 2362 296 2408 quisque
322 2369 359 2398 P
454 2366 499 2398 28
532 2363 651 2399 idem:
679 2362 738 2399 vel
764 2372 783 2405 β
882 2366 927 2398 30
959 2362 1213 2408 prospexerit:
1246 2361 1434 2407 prosperi-

58 2419 134 2455 que
156 2415 210 2454 Βς
234 2411 492 2457 prospiciatur
518 2417 560 2447 ,ΙΙ

129 2476 345 2510 annmx
363 2485 638 2506 nmmum-nona
659 2479 706 2505 ed.
726 2479 907 2505 Lehnert.
1172 2475 1216 2505 14
