1638 2560
144 107 249 143 XXII
689 108 980 144 PRAEFATIO.

235 222 418 273 Denique
451 222 559 273 quod
590 236 712 272 supra
738 224 1048 262 commemoravi
1081 223 1131 262 ad
1160 225 1431 262 recensionem
1463 237 1527 263 co-

143 282 243 322 dicis
283 279 331 321 M
372 283 495 322 libros
538 283 733 333 quosdam
781 283 982 323 adhibitos
1025 296 1108 323 esse
1150 283 1302 323 alienos
1344 297 1369 323 a
1410 285 1526 324 fami-

143 342 201 381 lia
233 358 270 392 α,
302 343 384 382 iam
418 343 521 382 addo
553 343 806 382 redactorem
843 356 959 382 usum
999 356 1084 383 esse
1117 344 1221 383 libro
1254 345 1434 384 familiae
1466 361 1528 398 γι,

144 403 359 453 variasque
391 403 583 443 lectiones
626 416 726 454 quas
759 405 960 443 corrector
991 404 1221 454 adnotavit,
1259 405 1409 455 petitas
1442 418 1527 446 esse

143 476 167 503 a
199 463 334 503 codice
365 464 545 503 familiae
576 479 628 517 72.

234 523 334 562 Cum
375 526 512 563 autem
550 536 615 564 eos
661 524 815 563 codices
856 524 898 562 in
940 537 1064 563 manu
1103 531 1312 565 teneamus
1354 539 1527 577 quorum

141 596 264 634 opera
291 587 413 635 atque
440 585 589 623 auxilio
616 584 772 623 familia
797 600 821 637 y
848 585 1021 624 conflata
1048 587 1119 635 est,
1145 586 1203 624 nil
1224 599 1271 624 ex
1295 586 1369 625 illa
1394 587 1526 626 lucra-

140 657 231 683 mur
278 645 329 684 ad
373 647 501 684 artem
544 645 726 684 criticam
768 645 1027 684 exercendam
1068 648 1230 696 praeter
1275 646 1525 686 coniecturas

141 705 519 756 emendationesque
551 705 756 756 quasdam.

232 765 403 804 Paululo
436 766 578 805 melius
611 765 787 804 iudicare
821 765 917 804 licet
942 766 990 804 de
1023 766 1177 806 duobus
1210 766 1324 806 libris
1356 766 1525 806 Leiden-

140 825 250 864 sibus
277 827 430 864 saeculi
455 826 555 865 XIII
582 839 693 876 quos,
726 839 815 864 cum
843 827 1045 865 artissime
1070 828 1178 866 inter
1202 840 1242 866 se
1271 828 1525 879 cohaereant,

140 886 280 924 littera
313 886 335 925 ὁ
368 887 697 938 significavimus,
730 886 818 925 dico
851 886 1161 926 Perizonianum
1192 887 1235 926 in
1268 890 1411 927 octavo
1444 889 1470 927 4
1488 889 1526 927 Α

139 948 180 984 et
211 946 454 985 Vossianum
486 948 661 986 latinum
691 948 734 985 in
768 950 912 997 quarto
949 949 1014 986 77.

231 1007 292 1044 Ex
318 1007 463 1057 quibus
490 1007 844 1046 Perizonianus
875 1002 995 1061 4A1)
1025 1002 1106 1061 (H)
1133 1008 1231 1046 olim
1257 1008 1302 1047 B.
1360 1008 1525 1060 Huyde-

139 1067 274 1117 coperi
305 1067 634 1107 membranaceus
661 1062 737 1121 (12
759 1075 817 1109 ><
839 1069 892 1106 21
923 1063 1003 1122 cm)
1037 1068 1226 1106 foliorum
1253 1070 1305 1108 81
1336 1082 1525 1109 versuum

139 1128 194 1165 41
229 1127 422 1167 litterulis
454 1129 621 1167 minutis
654 1130 694 1167 et
727 1130 976 1179 compressis,
1012 1128 1200 1168 dilucidis
1231 1130 1369 1169 tamen
1401 1132 1524 1181 atque

138 1188 339 1226 accuratis
371 1189 546 1239 scriptus
573 1191 644 1228 est.
696 1201 848 1228 errores
875 1190 982 1227 inter
1009 1189 1262 1228 scribendum
1289 1191 1523 1231 commissos

138 1247 327 1287 librarius
359 1250 445 1299 ipse
473 1249 702 1289 emendavit
726 1262 957 1300 paucasque
989 1250 1181 1289 lectiones
1207 1252 1342 1290 varias
1374 1250 1524 1291 additis

137 1308 244 1347 notis
276 1309 292 1346 l
325 1303 421 1363 (vel)
455 1310 519 1348 vel
552 1310 590 1348 al
628 1304 781 1364 (aliter)
814 1310 1026 1360 adspersit.
1083 1310 1261 1350 initiales
1299 1311 1522 1362 titulosque

136 1368 365 1408 rubricator
389 1370 533 1420 pinxit.
591 1372 792 1409 corrector
818 1370 995 1409 eiusdem
1022 1372 1170 1410 aetatis
1201 1385 1294 1410 mox
1320 1372 1371 1411 ab
1403 1385 1524 1423 opere

137 1441 209 1467 suo
242 1429 412 1479 destitit,
445 1443 535 1469 cum
566 1430 842 1481 intellexisset,
874 1431 1086 1470 librarium
1119 1444 1199 1481 qua
1232 1434 1319 1472 erat
1351 1432 1523 1485 diligen-

136 1489 208 1538 tia,
241 1489 318 1527 sibi
350 1491 416 1528 vix
450 1491 669 1542 quicquam
701 1491 752 1529 ad
784 1492 1024 1530 mutandum
1056 1492 1279 1542 reliquisse.

213 1550 358 1589 -Multo
401 1553 532 1590 minus
575 1554 763 1590 accurate
807 1551 1016 1602 multoque
1058 1553 1289 1592 mendosius
1334 1555 1522 1592 exaratus

136 1611 199 1648 est
230 1609 503 1650 Vossianus
539 1606 637 1665 772)
670 1612 861 1650 foliorum
897 1613 979 1652 186
1009 1608 1089 1666 (J).
1147 1613 1214 1652 fol.
1245 1615 1390 1653 1—98
1423 1614 1522 1666 legi-

135 1671 206 1708 tur
247 1670 452 1710 institutio
499 1673 675 1711 oratoria
718 1671 960 1718 Quintiliani
1004 1674 1217 1712 decurtata
1261 1674 1416 1714 duobus
1458 1687 1521 1714 co-

135 1730 285 1770 lumnis
327 1744 515 1770 versuum
549 1734 604 1771 39
648 1734 810 1783 scripta.
868 1734 935 1772 fol.
972 1735 1259 1773 100--186ΥΟ
1297 1738 1523 1786 sequuntur

134 1789 449 1831 declamationes
481 1793 579 1831 item
613 1794 667 1832 39
701 1793 881 1833 versibus
920 1795 1092 1845 scriptae
1132 1808 1212 1834 non
1243 1796 1381 1834 tamen
1412 1795 1521 1835 foliis

137 1850 279 1890 divisis
311 1852 354 1890 in
387 1853 604 1892 columnas.
662 1853 742 1892 duo
774 1853 931 1892 librarii
957 1854 1084 1893 codici
1117 1868 1281 1906 operam
1313 1855 1521 1894 dederunt.

137 1911 242 1950 alter
282 1913 456 1951 confecit
493 1914 561 1952 fol.
593 1915 806 1952 1-—12910
838 1915 908 1953 lin.
943 1915 1011 1964 38,
1044 1915 1147 1954 alter
1184 1916 1352 1966 reliqua.
1409 1917 1522 1966 prior

135 1984 183 2010 ex
218 1972 388 2011 arbitrio
428 1973 608 2012 ordinem
651 1974 989 2013 declamationum
1027 1975 1279 2025 immutavit,
1319 1977 1521 2027 posterior

133 2033 353 2084 genuinam
394 2033 633 2073 observavit.
691 2034 761 2073 sed
799 2047 888 2073 cum
929 2035 994 2074 hic
1034 2049 1115 2074 non
1153 2037 1375 2087 respexerit
1416 2049 1519 2086 quae

134 2092 205 2131 ille
230 2093 313 2131 iam
339 2093 488 2132 litteris
514 2094 790 2143 mandaverat,
823 2096 921 2134 decl.
947 2095 1066 2134 XVII
1095 2098 1137 2135 et
1161 2096 1181 2134 I
1206 2097 1268 2136 bis
1295 2097 1519 2148 descriptae

136 2154 230 2192 sunt
263 2153 408 2202 quibus
441 2156 641 2193 corrector
672 2155 848 2194 eiusdem
881 2157 1026 2195 aetatis
1058 2158 1136 2195 ista
1164 2169 1284 2206 super
1314 2158 1522 2198 habwndat

134 2213 265 2252 altero
298 2213 386 2252 loco
430 2214 654 2266 adscripsit.
711 2215 815 2254 unde
849 2216 1158 2256 declamationes
1196 2218 1272 2257 hoc
1305 2219 1446 2258 ordine
1478 2231 1519 2258 se

236 2343 270 2386 1)
296 2340 343 2376 cf.
370 2340 602 2384 Hammer,
625 2354 660 2387 p.
684 2347 740 2386 16,
767 2342 1016 2388 Dessauer,
1043 2356 1079 2389 p.
1102 2348 1158 2379 39.

234 2390 269 2435 2)
297 2388 342 2424 cf.
370 2389 595 2434 Hammer,
623 2402 658 2436 p.
684 2394 739 2434 16,
766 2390 1011 2436 Dessauer,
1037 2404 1075 2438 p.
1095 2396 1152 2428 40.
