1638 2560
0 0 197 67 &⁵⁸³wa
287 0 289 2 ·

490 109 810 147 DECLAMATIO
836 109 907 147 VII
928 114 1080 146 11—13.
1394 110 1480 154 145

94 225 310 266 dish-abite
345 225 420 266 has
457 238 599 265 manus
638 238 743 276 quae
785 225 890 264 nihil
932 238 1005 276 pro
1044 227 1238 276 pereunte
1281 225 1475 274 fecerunt⁷

94 287 172 326 hoc
201 298 363 337 eorpus,
400 286 498 326 haec
529 286 710 325 membra
742 299 846 336 quae
878 286 927 325 de
959 286 1155 337 conplexu
1185 287 1356 326 latronis
1387 286 1476 325 vul-

94 359 194 387 nera
229 346 344 386 nulla
372 346 610 387 retulerunt.
673 348 759 386 sive
795 347 871 386 hoc
901 359 1075 397 poenam
1109 348 1194 386 sive
1226 347 1352 387 vultis
1391 359 1475 386 esse

95 408 363 457 clementiam,
394 406 518 447 debeo
549 409 635 446 tam
659 397 782 447 mi'ser
806 420 902 457 esse,
934 407 1032 446 dum
1061 407 1200 458 probo,
1233 420 1356 458 quam
1387 419 1478 446 cum

59 481 78 508 5
97 467 287 508 viderem.

186 528 381 568 Miserum
417 542 499 579 me,
537 529 573 568 si
609 529 670 568 fas
709 530 770 568 est
800 530 844 567 in
883 530 1117 579 quaestione
1152 530 1329 568 mentiri.
1393 530 1479 568 sine
1499 531 1551 568 13

97 589 221 629 dubio
251 589 364 630 dives
400 589 475 628 hoc
508 591 692 640 captavit
728 589 948 629 recusando
982 590 1276 640 quaestionem,
1314 602 1365 628 ne
1397 602 1479 629 cre-

97 649 269 691 deretur.
325 649 395 690 sed
426 649 528 689 dura
558 663 787 701 parumper,
819 651 964 699 anime,
996 650 1149 690 vidisti.
1200 662 1307 689 nunc
1337 650 1480 690 infelix

97 710 152 750 ad
174 723 262 762 nos,
290 712 439 751 misera
463 712 607 762 pietas,
638 710 726 750 redi
752 711 860 761 quod
890 710 979 750 fieri
1002 712 1047 750 in
1076 712 1168 762 ipsa
1193 711 1368 758 orbitate
1399 723 1481 750 non

44 784 81 812 ιο
98 772 255 823 potuit,
293 773 335 811 et
364 773 471 811 vires
504 784 604 822 quas
640 772 885 822 improvisus
923 772 1095 811 abstulit
1125 771 1258 821 dolor,
1291 771 1480 823 probatio

97 833 298 872 restituet.
349 845 441 871 cum
471 831 644 871 flammis
675 833 845 871 urentur
874 831 983 871 nuda
1012 833 1169 882 vitalia,
1200 845 1280 871 nox
1310 833 1387 872 illa
1417 845 1481 871 oc-

99 894 254 943 currat,
285 905 378 932 cum
408 892 589 932 membra
619 892 835 942 fiducfflae,
867 892 1029 946 flagella
1059 894 1305 942 laxaverint,
1342 906 1481 932 rursus

100 955 195 992 ante
219 953 356 993 oculos
387 954 442 992 sit
471 954 680 993 morientis
706 955 817 992 unici
842 954 991 1003 vultus,
1023 954 1219 993 haereant
1243 954 1366 993 verba
1391 967 1481 1004 per-

100 1015 290 1064 cussoris,
327 1014 523 1053 mandata
557 1016 776 1065 pereuntis.
840 1014 970 1053 filium
1007 1016 1209 1065 spectasse
1242 1016 1483 1053 morientem

45 1087 81 1114 15
99 1074 223 1127 longa
251 1075 483 1126 praesentia
515 1076 586 1114 est.
637 1076 783 1124 nescis,
815 1075 957 1114 infelix
989 1077 1184 1124 senectus,
1218 1078 1373 1126 quanta
1403 1074 1484 1114 tibi

100 1148 202 1186 opus
233 1136 290 1175 sit
319 1136 504 1174 veritatis
537 1137 810 1185 contentione,
847 1137 895 1174 ut
931 1137 1142 1187 paeniteat
1173 1136 1343 1175 divitem
1376 1135 1483 1186 quod

100 1208 182 1235 non
207 1195 306 1235 duos
338 1195 496 1235 occidit.
546 1198 630 1235 iam
660 1209 766 1235 nunc
798 1166 935 1235 tamen
961 1196 1087 1247 vobis,
1118 1197 1283 1246 iudices,
1314 1195 1483 1235 infirmi-

101 1258 250 1296 tatem
272 1270 406 1296 meam
444 1256 595 1308 allego,
639 1257 884 1296 commendo.
948 1259 983 1297 si
1019 1271 1084 1296 me
1128 1258 1233 1296 forte
1270 1227 1484 1306 6ᾱο011100,

101 1316 264 1370 flagella
294 1319 558 1367 mutaverint,
590 1330 663 1370 ego
695 1319 832 1357 tamen
863 1317 959 1356 vidi.
1023 1319 1058 1357 si
1089 1330 1228 1357 vocem
1258 1319 1302 1356 in
1334 1317 1484 1357 eculeis

46 1390 83 1416 πο
101 1377 346 1430 ignibusque
382 1377 613 1429 perdidero,
654 1391 727 1430 ego
762 1380 899 1418 tamen
931 1378 1027 1417 vidi.
1091 1380 1126 1418 si
1156 1380 1267 1418 totus
1305 1378 1484 1429 undique

102 1437 218 1478 dolor
240 1439 396 1489 pariter
427 1437 615 1478 admotus
641 1439 844 1488 occiderit,
877 1452 951 1491 ego
977 1441 1113 1478 tamen
1139 1438 1235 1478 vidi.
1290 1439 1484 1490 alioquin,

102 1500 182 1538 nisi
211 1498 287 1538 hoc
319 1501 453 1538 animo
485 1512 592 1549 meo,
624 1500 703 1539 nisi
733 1491 894 1538 licuerit
926 1500 1072 1549 oculis,
1103 1513 1279 1539 morerer
1307 1500 1385 1539 hoc
1416 1498 1485 1538 (10-

102 1559 187 1599 lore
220 1572 300 1610 quo
331 1562 431 1610 puto
462 1572 526 1598 me
560 1573 677 1610 posse
708 1562 900 1610 torqueri.

201 1690 223 1722 2
248 1685 338 1722 hoc:
364 1687 434 1722 hos
460 1696 480 1730 β
578 1690 599 1722 3
624 1687 854 1723 rettulerunt
878 1694 916 1723 Β
1011 1692 1032 1723 6
1063 1688 1217 1723 mentiri
1232 1710 1277 1714 —
1292 1687 1486 1734 quaestio-

104 1745 193 1771 nem
217 1746 286 1771 om.
308 1741 345 1770 P
421 1738 441 1770 7
469 1735 619 1781 aptavit
642 1741 723 1771 ΒΜ
792 1747 856 1772 ne:
883 1748 959 1772 non
986 1745 1014 1771 <r
1090 1739 1112 1772 8
1139 1736 1281 1772 anime:
1310 1736 1439 1772 anima
1465 1734 1487 1771 e‘

110 1789 141 1818 r
224 1783 372 1819 vidisti:
399 1795 449 1819 oen
475 1783 601 1819 vicisfi
626 1783 647 1819 ,9
746 1789 791 1820 12
816 1784 995 1821 fidiculae
1020 1793 1107 1828 βαι-ι
1207 1789 1252 1821 14
1283 1785 1485 1820 mandata:

104 1831 182 1868 mei
207 1832 300 1868 data.
323 1832 380 1868 vel
402 1843 510 1868 mens
536 1832 628 1868 data
652 1839 692 1868 Β
789 1837 833 1869 17
864 1834 1011 1869 iudices
1035 1834 1144 1869 vobis
1171 1843 1191 1876 β
1290 1837 1335 1869 18
1368 1833 1486 1880 alligo

106 1886 205 1923 1113
300 1880 478 1917 fidiculae
504 1889 593 1924 βωιι
691 1885 736 1917 22
762 1882 837 1917 nisi
863 1886 949 1918 ante
972 1881 1126 1919 licuerit
1151 1894 1219 1918 om.
1240 1888 1278 1917 Β

203 1941 253 1977 M.
267 1940 402 1976 FABH
424 1941 772 1985 QVTNTILLIANI.
800 1942 1007 1979 TORMTA
1026 1942 1268 1978 PAVPERIS
1287 1941 1488 1989 ΕΧΡΙᾸΟΞ

106 1988 264 2036 mon}
294 1989 473 2025 GEMINI
505 1989 796 2026 LANGENTIS.
823 1997 861 2026 Β
965 1990 1122 2027 MARCI
1152 1991 1267 2026 FABI
1299 1990 1488 2034 QVINTI-

107 2037 245 2074 LIANI
269 2037 546 2074 TORMENTA
571 2038 812 2075 PAVPERIS
837 2038 1062 2075 EXPLICIT
1095 2042 1341 2086 (atramento.
1380 2039 1488 2086 Incip

109 2085 260 2122 Gemini
294 2086 536 2134 Languentes
572 2088 888 2134 (semiumcialibus
921 2089 1115 2134 miniator)
1146 2095 1175 2123 V
1327 2088 1489 2124 .FABII

110 2146 419 2190 emmunim
461 2147 669 2183 TORMTA
704 2147 946 2184 PAVPERIS
990 2148 1215 2185 EXPLICIT
1254 2150 1488 2195 (atramento)

109 2206 289 2243 INCIPIT
320 2207 677 2244 ARGVMENTVM
704 2198 724 2244 Ϊ
761 2208 940 2245 GEMIM
977 2209 1307 2245 LANGVENTES
1343 2211 1488 2256 (minio)

110 2261 155 2290 11
247 2255 417 2302 Explicit
440 2257 631 2292 tormenta
655 2257 804 2305 paupis.
837 2257 980 2313 Incipit
1003 2257 1158 2293 infamis
1183 2258 1225 2293 in
1243 2259 1490 2304 1111011181]-

109 2305 215 2340 metu
240 2311 277 2340 P
347 2304 515 2351 Explicit
540 2306 729 2342 tormenta
747 2306 938 2352 pauperis.
965 2306 1102 2352 incipit
1121 2306 1307 2342 infamis
1296 2319 1337 2342 in
1355 2308 1488 2342 matre.

112 2354 379 2399 argumentum
404 2359 431 2388 S

186 2480 402 2513 Ovum-mum
422 2488 695 2509 nncn-umnoxns
716 2483 763 2509 ed.
782 2483 808 2508 1.
816 2489 831 2508 e
839 2482 858 2507 h
868 2490 888 2508 n
896 2490 911 2508 e
920 2491 934 2508 r
942 2486 962 2508 t.
1229 2479 1271 2510 10
