1638 2560
181 117 238 160 92
625 113 791 150 AEGER
816 110 1114 148 REDEMPTVS

180 243 290 270 mare
338 227 606 270 redimentes?
667 228 724 266 dii
767 227 1032 275 immortales,
1083 238 1206 276 quam
1250 236 1443 276 arrogans
1486 236 1550 263 me

180 291 333 342 pirata,
366 303 484 340 quam
516 289 710 339 superbus
742 285 924 338 excepit?
983 299 1146 337 parum,
1178 285 1331 336 inquit,
1362 284 1553 334 attulisti,

182 364 311 401 senex,
342 351 507 402 languet
532 350 645 388 alter.
697 348 793 399 quid
825 360 898 399 ego
924 360 948 386 a
974 346 1050 386 diis
1082 346 1393 396 hominibusque
1423 344 1553 384 merui

183 411 289 462 quod
312 411 412 449 mihi
436 423 514 449 non
534 409 760 449 redditurus
786 410 1002 458 utrumque
1027 419 1108 446 11011
1133 407 1220 457 ipse
1245 406 1381 457 potius
1402 403 1553 458 elegit?

183 484 322 511 saevus
355 473 395 509 et
424 471 590 509 humani
621 469 769 509 doloris
801 468 948 507 artifex
972 468 1140 519 negavit
1166 480 1191 506 a
1214 480 1279 506 me
1304 466 1403 506 duos
1435 478 1553 518 posse
1590 479 1608 507 5

182 531 333 570 redimi.
397 531 550 581 deinde,
581 532 627 569 ut
657 530 731 569 hoc
762 529 929 579 tristius,
961 530 1008 567 ut
1039 527 1245 567 difficilius
1277 529 1394 578 esset,
1423 526 1554 566 reddi-

181 593 318 630 turum
349 604 390 631 se
423 591 525 629 dixit
549 593 684 630 utrum
708 590 950 629 maluissem.
1001 589 1125 639 vides,
1156 588 1326 638 iuvenis,
1358 587 1556 638 quantum

181 652 325 703 pietati
355 664 466 690 meae
497 650 772 690 testimonium
802 650 1023 689 reddiderit
1053 650 1143 700 ipsa
1175 648 1402 688 crudelitas.
1462 660 1554 688 con-

182 712 284 751 dicio
315 724 396 750 non
427 713 603 762 ponitur,
634 711 713 750 nisi
745 710 843 750 duos
874 710 1148 761 redempturo.
1207 709 1440 760 expectatis,
1473 721 1554 748 cer—

181 774 268 811 tum
298 772 444 821 habeo,
475 772 642 822 iudices,
675 773 723 810 ut
753 772 796 809 in
825 770 1081 810 tristissimae
1114 769 1366 810 necessitatis
1397 769 1554 820 positus
1574 782 1610 809 ιο

182 833 354 883 abrupto
376 832 427 871 ad
453 845 618 883 aegrum
638 831 829 871 continuo
853 831 1165 882 properaverim.
1218 832 1307 881 quis
1332 842 1415 870 non
1438 830 1556 881 putet

183 893 322 932 audita
354 892 584 932 condicione
610 893 772 931 vincula
802 905 865 931 me
897 893 1037 931 statim
1063 890 1283 930 detraxisse
1314 888 1557 942 languenti?

184 953 347 992 oderitis
378 953 475 992 licet
507 953 794 992 confessionem
825 965 974 1002 meam,
1005 951 1236 991 deliberavi.
1287 952 1421 991 tenuit
1450 951 1557 990 inter

184 1013 274 1052 illos
318 1013 618 1063 inexplicabiles
663 1013 811 1052 doloris
856 1014 990 1052 aestus
1029 1025 1151 1063 quam
1194 1012 1380 1065 longum,
1422 1011 1557 1051 tenuit

183 1075 312 1124 pietas
344 1075 490 1112 misera
522 1074 749 1124 consilium,
789 1075 829 1112 et
861 1073 967 1124 quod
998 1086 1205 1123 nunquam
1237 1074 1337 1112 satis
1368 1071 1555 1112 manibus
1575 1084 1610 1112 1⁶

184 1133 270 1183 filii,
301 1147 506 1183 nunquam
538 1134 635 1173 satis
668 1134 862 1173 excusabo
895 1133 1161 1173 conscientiae
1193 1146 1325 1183 meae,
1362 1146 1444 1173 non
1475 1134 1556 1172 sta-

137 1197 162 1233 5
187 1195 263 1232 tim
281 1194 380 1232 1111111
400 1194 468 1233 1110
495 1194 677 1233 deficiens
702 1195 842 1233 unicus
867 1194 956 1233 fuit.
1009 1194 1234 1233 dissimules
1258 1193 1366 1244 licet,
1392 1193 1556 1243 orbitas,

185 1267 257 1306 ego
282 1255 382 1292 mihi
407 1254 625 1304 plurimum
650 1254 812 1301 morbis,
843 1254 1062 1305 plurimum
1088 1255 1229 1294 videor
1254 1254 1444 1294 adiecisse
1470 1254 1556 1293 lan-

184 1315 301 1366 guori
325 1314 590 1354 cunctationis
615 1328 739 1365 mora,
766 1316 806 1354 et
831 1315 956 1354 sensit
980 1315 1132 1365 infelix,
1159 1315 1256 1366 quid
1281 1315 1326 1354 in
1351 1313 1556 1354 electionis

183 1375 300 1414 huius
333 1375 569 1414 necessitate
600 1376 746 1414 fuerim
777 1376 918 1415 neutro
957 1376 1174 1428 languente
1213 1376 1403 1415 facturus.
1465 1376 1556 1414 tan·
1575 1387 1611 1414 20

184 1434 290 1485 dem,
336 1435 442 1485 quod
485 1435 614 1474 solum
657 1435 830 1475 habebat
868 1436 1044 1475 ambitus
1090 1438 1232 1488 genus,
1277 1435 1556 1487 desperatione

183 1495 421 1545 praevaluit.
485 1496 620 1546 accepi
657 1496 787 1535 fateor
823 1496 939 1534 illum
978 1497 1046 1546 qui
1084 1497 1239 1536 solutus
1279 1509 1438 1547 quoque
1475 1508 1557 1535 non

186 1555 436 1605 sequebatur,
469 1569 586 1605 quem
617 1569 697 1594 non
729 1556 924 1608 gaudium
955 1557 1255 1607 redemptionis,
1285 1569 1367 1596 non
1398 1556 1558 1595 laetitia

185 1615 370 1665 praelati,
401 1628 481 1654 non
511 1616 712 1655 hortantis
746 1617 870 1656 erexit
900 1618 1028 1667 patris
1055 1618 1274 1668 amplexus.
1325 1617 1360 1656 si
1385 1618 1490 1656 esset
1513 1617 1558 1655 in

185 1674 302 1714 rebus
333 1676 517 1714 humanis
546 1676 631 1714 ulla
658 1677 881 1727 clementia,
912 1690 1136 1717 merueram
1169 1678 1292 1717 etiam
1318 1677 1367 1717 de
1398 1677 1556 1729 piratis,
1576 1689 1611 1717 25

185 1736 232 1774 ut
262 1735 361 1773 mihi
399 1735 476 1774 duo
508 1735 776 1775 redderentur.
839 1738 1013 1788 utinam,
1051 1738 1220 1788 iudices,
1257 1738 1414 1778 iuvenis
1445 1737 1556 1777 illius

185 1796 271 1834 vita
302 1797 536 1846 praestaret,
568 1797 614 1834 ut
639 1797 843 1836 videretur
873 1811 954 1837 non
984 1799 1154 1849 periculi
1185 1799 1456 1848 miseratione,
1489 1797 1558 1837 sed

187 1856 355 1895 caritate
386 1856 604 1906 praelatus.
659 1871 722 1896 me
753 1857 954 1897 infelicem
987 1859 1093 1909 quod
1124 1860 1273 1898 bonam
1303 1859 1432 1898 habeo
1464 1871 1557 1898 cau-

285 1986 303 2018 1
332 1982 385 2018 dii
410 1982 657 2019 immortales:
686 1983 776 2019 dum
800 1985 979 2020 mortales
1012 1992 1039 2020 V
1124 1997 1239 2031 quam
1265 1990 1351 2022 ante
1377 1996 1558 2032 arrogans

186 2042 253 2067 om.
276 2039 295 2073 β
386 2034 407 2064 4
434 2042 525 2066 non:
552 2042 621 2066 nec
647 2038 683 2066 P
766 2036 786 2067 6
813 2033 957 2068 redemi
981 2040 1014 2068 J
1096 2038 1117 2070 8
1143 2034 1298 2080 pietati:
1325 2034 1391 2070 -tis
1422 2040 1490 2069 VM

186 2078 410 2114 reddiderit:
431 2079 498 2114 red
517 2080 560 2114 ‘m
578 2091 692 2126 mary.
708 2080 793 2116 add.
810 2088 849 2125 ῦς
869 2081 1038 2118 redderit
1057 2089 1107 2127 M,
1128 2083 1168 2118 di
1186 2094 1288 2129 supr.
1302 2097 1345 2118 m
1416 2085 1436 2118 9
1464 2082 1558 2118 duos

185 2127 427 2172 redempturo
454 2138 521 2162 om.
544 2136 563 2170 β
635 2128 893 2174 redempturos
921 2136 963 2164 M
1042 2134 1085 2166 10
1111 2131 1152 2166 111
1177 2143 1244 2168 om.
1266 2137 1310 2175 Ρ,
1336 2142 1437 2177 supr.
1457 2145 1486 2171 p

188 2179 231 2210 11
259 2174 394 2210 abruto
415 2181 457 2210 M
571 2178 614 2210 12
640 2187 700 2211 me
727 2177 855 2212 statim
881 2177 1032 2214 vincula
1059 2188 1079 2221 β
1195 2183 1239 2215 14
1266 2190 1381 2225 quam
1407 2193 1447 2215 a:
1474 2189 1559 2225 per-

186 2234 301 2269 quam
327 2231 397 2265 βγσ·
465 2223 590 2258 tenuit
608 2235 674 2259 om.
698 2233 767 2267 βγά
838 2229 881 2260 17
909 2226 1110 2263 dissimiles
1130 2234 1202 2272 Ββς
1230 2227 1426 2263 dissimilis
1447 2233 1491 2262 M

187 2271 237 2307 sit
255 2275 343 2318 post
360 2271 452 2307 licet
470 2271 557 2307 add.
572 2278 614 2306 M
686 2276 729 2307 18
755 2273 876 2308 morbi
899 2283 952 2308 ασ
1014 2274 1210 2322 languoris
1230 2282 1274 2311 M
1345 2279 1389 2312 19
1417 2275 1517 2311 sensi
1535 2281 1565 2310 V

187 2359 232 2392 25
257 2331 327 2391 illa
353 2357 389 2401 (v
414 2366 515 2400 supr.
537 2357 572 2402 b)
592 2362 630 2390 B
724 2331 934 2391 merueram
960 2360 1073 2405 (supr.
1095 2362 1131 2406 ῡ)
1158 2366 1195 2394 Β
1315 2364 1360 2396 26
1392 2360 1556 2396 utinam:

185 2405 270 2440 uter
295 2411 345 2449 1⁵3
371 2405 415 2439 ut
440 2410 466 2438 s
566 2407 610 2438 27
635 2415 711 2439 non
737 2415 804 2440 om.
826 2411 868 2447 P,
896 2417 995 2451 supr.
1016 2422 1043 2447 p
