1638 2560
520 101 841 140 DEGLAMATIO
867 102 903 139 X
923 106 1076 140 15—17.
1396 102 1487 146 203

104 219 231 260 etiam
258 218 439 269 recedat,
474 218 551 258 hoc
580 218 847 269 periclitatur,
884 231 935 257 ne
957 217 1074 257 filius
1105 231 1147 258 se
1180 220 1309 281 putet.
1329 218 1487 258 venisse

104 279 157 320 aad
185 280 369 320 invitam.

191 339 294 393 Agit
328 340 413 380 iam
448 339 524 378 hoc
560 339 649 378 loco
680 339 891 379 nobiscum
919 340 1091 378 maritus
1126 340 1311 391 gravius,
1350 340 1487 390 altius,

103 401 340 452 sapientius,
370 402 420 440 ut
448 399 568 440 homo
601 400 687 439 sine
718 399 867 440 dolore.
923 402 1049 451 negat
1078 400 1185 439 ullos
1217 413 1302 440 esse
1333 412 1485 451 manes,

63 474 85 502 ⁶
104 461 312 502 contendit
341 460 478 500 omnia
506 460 639 511 perire
670 472 762 500 cum
794 473 969 511 corpore,
1001 473 1075 500 nec
1098 474 1278 501 remeare
1303 462 1487 501 viventes

104 534 130 561 a
159 523 291 562 cinere
323 533 482 571 sensus,
512 534 587 560 nec
617 523 702 560 tam
733 521 864 561 videri
894 521 1092 574 imagines
1123 521 1333 561 hominum
1365 535 1487 572 quam

103 583 276 636 cogitari
299 583 342 622 et
365 582 502 622 oculos
526 581 703 621 luctibus
729 581 898 622 credere.
950 581 1059 633 quod
1084 582 1120 621 si
1144 582 1204 621 ita
1230 584 1302 632 est,
1322 595 1488 634 magum

103 642 155 682 ad
193 642 294 694 quid
330 640 573 682 advocavit?
622 642 794 693 pessime
834 643 1067 693 parentium
1106 643 1175 693 qui
1212 643 1360 682 liberos
1392 655 1486 682 suos

103 703 305 754 sepeliunt
346 703 441 742 flere
485 704 676 753 contenti,
713 705 760 742 ut
801 702 931 742 obiter
968 703 1018 742 ab
1062 716 1162 755 rogo
1206 704 1321 743 siccis
1360 703 1487 743 oculis

49 777 86 805 ιο
103 765 378 804 revertantur:
415 766 539 815 negat
570 763 622 802 ad
652 776 809 813 manes,
843 765 968 816 negat
999 763 1051 802 ad
1082 764 1246 804 umbras
1277 764 1488 815 pervenire

104 825 214 876 quod
248 825 439 877 plangas:
485 823 672 863 adfirmat
707 826 838 875 perire
877 825 1083 874 lacrimas,
1129 824 1317 864 adfirmat
1355 825 1487 876 perire

103 885 318 937 singultus.
370 898 394 924 o
419 885 659 924 sceleratum
683 885 900 935 hominem,
933 885 1116 936 quisquis
1143 885 1258 937 luget
1285 887 1327 924 et
1356 887 1488 934 timet,

103 958 155 985 ne
184 946 260 985 hoc
289 945 455 997 perdat!

193 1005 313 1046 Vana
343 1019 439 1058 ergo
468 1006 670 1057 sapientes
701 1005 961 1056 persuasione
992 1006 1180 1045 frustrati
1204 1006 1275 1057 qui
1301 1007 1487 1046 constare
1507 1005 1556 1043 17

50 1080 85 1108 a
103 1067 286 1106 homines
317 1068 359 1106 et
387 1066 527 1117 perfici
558 1068 737 1118 corporis
769 1067 978 1106 elementis
1011 1068 1250 1118 animaeque
1280 1066 1485 1107 dixerunt:

104 1140 248 1179 corpus
273 1127 478 1176 caducum,
510 1127 669 1179 fragile,
694 1126 910 1177 terrenum,
935 1129 982 1166 ut
1007 1128 1113 1167 sicca
1137 1127 1329 1176 humidis,
1355 1127 1488 1166 calida

102 1187 275 1241 frigidis,
299 1188 489 1228 resolutis
515 1188 710 1227 adstricta
733 1191 975 1240 pugnarent,
1006 1189 1157 1239 partim
1182 1190 1255 1227 aut
1280 1187 1487 1228 doloribus

103 1248 239 1299 adfici,
270 1250 344 1288 aut
373 1249 601 1288 novissimis
634 1250 750 1288 annis
783 1251 824 1288 et
855 1251 1059 1288 senectute
1091 1248 1276 1298 dissolvi,
1308 1249 1488 1287 animam

103 1322 199 1349 vero
241 1309 419 1348 flammei
461 1309 614 1361 vigoris
658 1311 855 1360 impetum
898 1309 1272 1360 perennitatemque
1316 1322 1398 1348 non
1440 1322 1489 1348 ex

49 1383 87 1411 no
104 1371 243 1410 nostro
273 1370 366 1423 igne
392 1372 629 1420 sumentem,
661 1370 731 1409 sed
757 1383 837 1420 quo
863 1370 997 1409 sidera
1020 1370 1174 1419 volant,
1205 1373 1246 1409 et
1278 1383 1358 1420 quo
1384 1371 1488 1409 sacri

104 1433 348 1482 torquentur
384 1443 495 1480 axes,
534 1430 627 1469 inde
659 1431 796 1470 venire
828 1431 933 1470 unde
964 1444 1101 1469 rerum
1133 1432 1315 1470 omnium
1347 1431 1488 1469 aucto-

103 1504 190 1531 rem
213 1493 503 1542 parentemque
529 1491 719 1541 spiritum
744 1491 946 1541 ducimus,
980 1503 1053 1530 nec
1083 1491 1249 1530 interire
1280 1503 1353 1530 nec
1384 1490 1488 1530 solvi

104 1564 178 1591 nec
208 1552 293 1591 ullo
317 1551 581 1591 mortalitatis
607 1551 725 1591 adfici
756 1552 861 1591 fatoz
893 1551 963 1591 sed
989 1552 1175 1602 quotiens
1200 1552 1370 1591 humani
1396 1564 1487 1602 pec-

203 1670 222 1702 1
251 1667 386 1703 etiam:
413 1668 472 1703 est
497 1673 535 1702 Ρ
637 1667 789 1703 recedet
814 1676 834 1710 β
944 1671 966 1703 2
992 1667 1043 1703 ad
1067 1667 1188 1703 vitam
1214 1676 1234 1710 β
1343 1670 1365 1703 3
1390 1667 1485 1703 iam:

106 1740 146 1775 et
168 1739 248 1775 iam
266 1746 296 1774 V
361 1739 558 1776 vobiscum
577 1738 637 1775 21³
706 1744 728 1775 4
755 1739 963 1786 sapientios
983 1746 1021 1775 Β
1090 1717 1209 1787 negat
1234 1746 1272 1775 Β
1352 1739 1439 1775 illos
1464 1745 1494 1774 V

106 1792 128 1823 5
159 1798 230 1824 nec
254 1799 323 1824 om.
345 1794 372 1823 s
469 1798 663 1824 remanere
689 1793 775 1824 ante
799 1799 968 1824 remeare
994 1788 1080 1825 add
1103 1795 1147 1832 Ρ,
1180 1788 1369 1825 de1.man.
1390 1790 1414 1823 3

106 1839 128 1872 8
154 1835 292 1873 adom.
313 1843 342 1871 V
408 1837 734 1882 parentummw
805 1836 1197 1883 dumpostquiadd.
1214 1845 1235 1872 e
1311 1841 1353 1872 11
1380 1836 1487 1892 ρΞΝ

106 1891 150 1920 Μ
208 1884 356 1920 affimat
380 1891 418 1920 Β
482 1884 613 1932 ΡΞΞΝ
634 1891 677 1920 Β
744 1889 786 1920 13
814 1896 883 1921 nec
908 1891 946 1920 Β
1004 1885 1140 1931 perdet
1158 1892 1196 1920 Β
1269 1890 1313 1921 15
1340 1885 1489 1931 corpori

105 1939 159 1978 Β,
178 1944 336 1980 corpora
350 1939 393 1969 Β
409 1933 483 1979 (vel
502 1933 670 1979 corporis
691 1944 724 1969 a.
739 1934 794 1978 m)
863 1933 1062 1972 elementis
1079 1934 1390 1971 Vindobomnsis·
1418 1933 1489 1969 ali-

106 1981 245 2018 mentis
271 1997 301 2017 ω
400 1982 625 2028 animasque
651 1988 706 2026 113
733 1982 938 2029 animaque
964 1992 984 2025 β
1084 1987 1128 2018 16
1155 1983 1367 2029 caducum}
1392 1988 1421 2016 V

106 2029 219 2066 hudis
233 2036 280 2076 Β,
299 2030 354 2066 mi
372 2041 475 2076 supr.
491 2037 514 2065 ὁ
566 2033 609 2066 17
631 2030 824 2066 adstrictis
838 2037 890 2074 Β·
909 2031 1127 2078 ΞΞεῢῐίοὴἰε
1142 2033 1254 2078 (4-6
1267 2031 1336 2066 litt.
1351 2031 1416 2077 er.)
1432 2036 1488 2074 113

107 2103 266 2139 astricta
292 2112 312 2146 β
388 2106 431 2138 18
458 2078 546 2158 ssfici
566 2109 603 2138 Β
674 2102 878 2139 novissime
903 2104 978 2140 Bu.
1061 2105 1100 2139 et
1127 2104 1336 2140 Mewrsius:
1365 2103 1433 2138 aut
1457 2116 1488 2136 ω

109 2190 154 2223 19
179 2186 338 2234 virgoris
363 2194 392 2222 V
459 2162 745 2235 peffiitatemque
770 2194 822 2232 Β;
849 2187 1230 2234 perhennitatemque
1259 2194 1300 2232 V;
1324 2186 1489 2233 pernici-

107 2237 302 2282 tatemque
323 2242 366 2272 Μ
390 2235 464 2283 <vel
483 2236 838 2283 perennitatemque
863 2237 919 2282 nu)
995 2240 1039 2272 21
1067 2238 1180 2284 αΞΝε
1199 2242 1251 2281 Β;
1279 2246 1362 2272 ares
1383 2242 1418 2270 Ρ

108 2294 190 2356 {ire
215 2326 267 2365 Β;
292 2320 348 2357 ire
375 2327 418 2356 11
439 2320 514 2367 (vel
538 2320 666 2356 venire
691 2332 792 2367 supr.
812 2322 868 2367 ne)
980 2322 1146 2357 actorem
1196 2327 1234 2356 Β
1349 2323 1393 2354 22
1420 2328 1489 2365 pa-

108 2392 303 2451 AEtemque
333 2411 362 2440 V
455 2405 617 2441 dicimus
644 2411 695 2449 Β,
722 2404 884 2441 dicimus
910 2411 954 2441 M
1049 2410 1093 2441 23
1120 2394 1277 2442 thani
1303 2410 1340 2439 Β
