1638 2560
507 121 828 159 DECLAMATIO
853 121 942 158 XV]
961 125 1092 158 8—10.
1405 119 1494 163 299

111 238 164 279 ad
200 238 351 279 bonum
389 239 575 278 amicum.
640 237 826 277 accedere
858 237 912 276 ad
948 237 1065 275 illum
1097 235 1228 276 cubile
1265 236 1367 276 iussi
1401 236 1496 274 sunt

109 299 292 340 homines
335 301 544 348 nocentes,
587 299 630 338 et
666 298 836 339 subinde
881 297 1035 337 dictum
1073 298 1150 347 est,
1196 292 1304 336 ‘vide
1345 298 1494 345 tamen,

111 361 251 412 amice,
283 361 319 400 si
342 360 450 400 tanti
475 355 564 400 est?
608 372 691 398 una
716 371 806 409 vox,
837 371 940 398 unus
969 358 1108 397 miseri
1133 357 1326 410 gemitus:
1360 354 1495 406 ‘urite,

110 422 297 471 lacerate,
322 420 550 470 distrahite,
574 420 645 459 ille
669 422 807 459 tamen
831 415 1081 459 revertetur?
1128 419 1327 468 miserere,
1351 419 1495 467 mater,

67 495 92 523 -ε
110 494 260 535 magna
297 494 360 521 res
398 482 546 534 agitur.
616 481 791 520 amicum
828 493 964 519 meum
999 479 1150 530 reliqui
1187 478 1495 518 contendentem

110 555 203 583 cum
232 543 420 594 tyranno.
480 554 625 582 excuso
657 554 721 581 1110
752 541 879 590 vobis,
910 540 1078 579 humani
1110 539 1268 593 generis
1301 539 1495 588 adfectus,

111 605 153 643 et
182 602 262 643 tibi
292 605 387 642 ante
419 604 573 652 omnia,
611 604 755 652 mater,
793 614 957 651 excuso,
989 600 1097 652 quod
1128 601 1204 641 hoc
1234 600 1322 639 fieri
1352 612 1495 651 passus

109 676 210 704 sum.
273 664 359 703 11113
397 676 492 716 ergo
529 665 573 702 in
610 662 729 703 rebus
774 662 961 702 humanis
998 661 1215 702 necessitas
1258 662 1368 700 tanti
1403 661 1495 711 fuit,

109 726 157 764 ut
186 724 305 764 illum
336 725 511 764 amicum
548 737 683 763 meum
713 725 757 762 in
789 736 989 763 carcerem
1025 724 1112 773 ipse
1144 720 1409 762 deducerem?
1449 723 1497 760 ut

56 798 91 826 ιο
111 786 340 836 squalorem
383 798 535 835 meum,
585 797 695 824 meas
740 786 902 824 catenas
953 784 996 822 in
1039 783 1220 823 membra
1263 783 1496 822 festinantis

111 844 324 886 exuerem?
354 848 404 885 ut
433 846 521 885 tam
552 846 718 896 abrupti
748 846 997 885 commeatus
1029 844 1138 883 diem
1169 846 1310 883 contra
1340 845 1405 883 tot
1434 845 1496 882 in-

111 908 222 947 certa
251 904 558 958 promitterem?
620 907 748 946 testor
784 907 844 955 te,
864 907 1029 958 ‚misera
1061 905 1323 954 conscientia,
1363 905 1422 954 et,
1460 905 1496 943 si

112 967 220 1019 qnod
257 979 330 1007 nos
361 969 404 1006 in
440 967 516 1006 illa
546 968 784 1006 necessitate
817 980 966 1006 numen
998 966 1175 1017 aspexit,
1214 967 1411 1016 quantum
1443 966 1494 1004 si-

110 1041 200 1068 mus
235 1029 360 1068 rixati
397 1028 504 1067 circa
540 1029 721 1077 catenas,
766 1040 889 1078 quam
934 1028 1070 1066 01111113
1113 1027 1295 1075 fecerim,
1339 1028 1388 1065 ut
1425 1025 1495 1064 ille

58 1101 92 1128 15
112 1090 249 1140 potius
281 1089 438 1128 veniret
470 1087 522 1127 ad
553 1090 737 1127 main-em.

201 1149 361 1199 Fateor,
398 1149 568 1199 iudices,
602 1150 722 1188 unius
755 1148 1014 1200 cogitationis
1045 1147 1198 1199 pudore
1231 1148 1362 1187 victus
1379 1154 1496 1196 ¹sum,
1517 1146 1568 1182 10

111 1209 220 1260 quod
250 1212 336 1249 tam
368 1211 508 1262 magni
537 1209 722 1249 beneficii
753 1208 1036 1248 difficultatem
1068 1209 1119 1247 ab
1152 1208 1281 1247 amico
1316 1221 1398 1246 non
1430 1220 1496 1246 ac-

111 1271 263 1339 cipere,
301 1270 482 1310 adfectus
519 1270 735 1310 videbatur
772 1271 946 1309 hominis
996 1270 1068 1320 qui
1116 1281 1198 1308 non
1248 1268 1495 1307 credidisset.

111 1332 315 1381 miserere,
354 1333 496 1380 mater,
534 1345 584 1371 ne
621 1344 684 1369 me
723 1331 901 1371 solutum
932 1332 1069 1380 putes,
1107 1330 1283 1368 amicum
1316 1329 1495 1380 alligavi.

57 1405 94 1432 20
111 1393 188 1431 hae
226 1393 322 1432 sunt
360 1394 525 1431 catenae
558 1404 662 1443 quae
692 1393 837 1443 tegunt
874 1390 1071 1439 membra,
1110 1403 1213 1458 quae
1244 1403 1317 1440 per
1353 1390 1496 1439 maria,

111 1466 184 1503 per
219 1452 381 1492 infinita
418 1454 619 1492 terrarum
657 1453 791 1502 spatia
829 1452 1088 1503 restringunt
1153 1451 1209 1489 sic
1248 1463 1328 1489 non
1362 1451 1498 1500 potest

112 1526 247 1553 carcer
279 1513 449 1566 effringi.
499 1513 660 1551 invideo
693 1514 884 1562 tyrann03
917 1513 993 1551 scit
1025 1511 1193 1563 affigere
1226 1511 1389 1560 amicos,
1420 1511 1498 1550 scit

111 1575 248 1613 tenere
286 1573 509 1613 dimissum.
571 1574 720 1612 iterum
759 1585 805 1612 ac
843 1572 1010 1612 subinde
1048 1572 1294 1622 proclamem
1337 1583 1496 1611 11000330

114 1637 192 1674 est:
225 1647 300 1686 ego
326 1634 501 1673 amicum
526 1647 660 1672 meum
686 1633 855 1685 alligavi
886 1634 939 1683 et,
964 1635 1010 1672 ut
1035 1635 1076 1672 te
1102 1632 1293 1683 viderem,
1324 1645 1496 1683 poenam

58 1708 94 1734 25
114 1707 246 1734 meam
278 1695 407 1734 altero
438 1694 599 1733 homine
629 1694 808 1745 implevi.
859 1693 952 1744 scio,
986 1706 1065 1744 quo
1097 1693 1170 1732 hoe
1198 1694 1350 1732 amicus
1381 1706 1496 1744 prae-

114 1755 266 1795 stiterit
304 1755 458 1804 animo,
496 1755 567 1794 sed
605 1767 678 1806 ego
716 1767 801 1794 rem
839 1755 917 1794 feci
953 1754 1128 1793 hominis
1166 1766 1246 1792 non
1283 1755 1495 1792 reversuri.

114 1817 320 1867 interrogo
357 1816 433 1855 hoc
471 1815 558 1854 loco
599 1815 884 1866 inpatientiam
929 1816 1060 1864 tuam,
1103 1816 1244 1863 mater,
1289 1814 1495 1866 interrogo

115 1877 213 1927 quid
249 1877 419 1924 faceres,
458 1877 493 1915 si
524 1888 596 1915 nos
629 1875 680 1914 ad
718 1877 758 1914 te
790 1875 1005 1914 videndam
1037 1875 1266 1915 deduxisset
1304 1875 1495 1926 alligatos

214 2068 233 2099 1
261 2066 302 2100 at
327 2070 371 2099 Μ
446 2063 543 2099 illud
571 2072 619 2106 βα
689 2063 831 2099 cubile:
860 2063 1050 2098 custodire
1078 2069 1121 2098 Μ
1215 2067 1236 2098 3
1262 2063 1375 2098 11111113
1401 2069 1429 2097 Γ

114 2111 215 2148 urite
233 2124 301 2149 om.
322 2114 365 2148 in
390 2113 529 2149 lacuna
548 2118 584 2147 P
658 2115 703 2147 10
727 2112 898 2147 membra
917 2123 962 2147 ex
980 2112 1147 2147 membre
1167 2117 1219 2155 Βς
1245 2111 1425 2147 membris
1444 2117 1496 2154 Μ,

115 2171 208 2197 corr.
229 2175 272 2196 m
347 2165 389 2196 11
418 2152 633 2211 01111οᾒ10111
652 2166 703 2205 Βς
730 2162 944 2196 excuterem
964 2165 1006 2194 Μ
1079 2163 1123 2195 13
1150 2170 1287 2195 nomen
1307 2159 1458 2206 aspexit
1474 2166 1499 2194 1·

119 2213 161 2245 17
189 2209 401 2255 acciperem
427 2215 454 2243 Γ
550 2212 594 2244 18
621 2207 776 2244 effectus
804 2215 846 2244 Μ
933 2211 979 2242 20
1005 2208 1100 2244 haec
1125 2214 1163 2243 B
1186 2209 1244 2254 (em
1269 2208 1355 2254 hac)
1380 2218 1401 2252 β

115 2258 266 2304 tegant:
293 2268 314 2293 e
339 2269 384 2294 ex
408 2269 501 2294 corr.
523 2263 565 2292 Μ
659 2261 704 2293 21
731 2257 794 2292 hic
820 2257 900 2293 Sch.
989 2260 1034 2291 2-2
1061 2267 1210 2292 carcere
1236 2271 1261 2291 α
1344 2256 1436 2302 fingi
1463 2262 1499 2291 B

116 2305 150 2351 (f
170 2317 271 2352 supr.
294 2307 331 2351 b)
353 2312 407 2349 Μ;
434 2305 544 2352 fungi
569 2311 598 2340 V
699 2305 841 2341 amicos
867 2316 935 2341 om.
963 2311 991 2339 V
1095 2308 1141 2340 24
1166 2306 1226 2340 ut:
1253 2306 1341 2340 utut
1365 2311 1403 2340 B

116 2357 163 2389 25
188 2354 383 2400 praestitit
408 2354 562 2401 3111111οΞ
586 2355 625 2389 et
650 2355 681 2399 (3
707 2356 770 2400 er.)
793 2360 834 2388 Μ
929 2355 975 2388 28
1005 2353 1038 2388 31
1063 2365 1131 2389 1103
1157 2365 1225 2389 om.
1254 2357 1288 2389 et
1312 2354 1354 2388 in
1379 2364 1495 2399 mmy.

115 2426 204 2462 aad.
231 2433 260 2461 ν
352 2427 522 2462 duxisset
546 2432 598 2470 ης
625 2414 844 2462 «103111113εὲ1
868 2432 906 2469 =·;
934 2425 1180 2461 deduxissent
1207 2431 1274 2460 m
