1638 2560
448 112 864 152 DEOLAMATIONES
890 113 951 149 XI.
979 113 1058 149 XII.
1356 113 1443 155 411

66 231 397 283 promoveamini.
457 229 499 270 G.
518 230 622 282 proh
647 229 778 268 dolor!
809 242 890 268 non
916 230 995 268 nisi
1019 230 1106 268 iure
1127 230 1349 268 irascemur
1375 229 1446 278 qui

67 293 211 332 eontra
233 291 296 332 ius
314 290 487 331 viximus
499 289 521 329 ?
564 290 615 329 L.
636 290 850 341 quisquam
870 291 955 330 sine
973 291 1132 329 ratione
1158 287 1445 328 damnabitur?

70 352 113 393 0.
136 352 337 393 rationem
362 352 522 403 quaerit
547 351 617 402 qui
643 364 779 390 omnes
805 362 877 389 nos
902 350 1158 390 irrationales
1182 348 1308 390 fecit?
1357 349 1445 388 red-

66 413 211 453 damne
243 412 352 464 quod
380 412 483 452 mihi
514 410 750 451 abstulisti?
805 411 855 450 L.
882 411 990 462 quod
1028 410 1157 450 libens
1198 410 1446 462 legationem

29 488 46 514 5
67 473 184 524 subii,
214 471 389 525 puniar?
449 472 492 512 0.
518 474 637 523 atqui
667 472 786 511 multi
813 484 854 511 se
886 471 1120 521 offerebant,
1152 471 1259 511 solus
1291 472 1332 510 te
1365 470 1445 509 cito

66 546 318 574 reversurum
357 533 633 584 promittebas.
699 533 749 572 L.
780 533 960 584 legatum
999 546 1062 571 me
1094 533 1257 571 fecistis.
1315 532 1445 570 redeo.

69 595 110 635 0.
137 608 162 635 o
191 595 312 634 nimis
343 594 523 634 invidam
554 594 817 645 legationem,
855 594 890 632 si
920 596 961 632 te
993 605 1017 632 a
1049 593 1155 632 fame
1188 592 1359 641 dimisit,
1398 594 1446 631 ut

65 669 138 707 per
167 657 208 695 te
239 655 346 694 fame
377 654 537 706 periret.
594 655 643 693 L.
671 667 745 705 pro
776 654 980 693 frumento
1010 653 1113 692 illud
1143 653 1283 692 habeo.
1333 652 1375 692 C.
1402 654 1446 690 at

66 727 140 769 ego
170 716 366 768 populum
406 728 486 755 non
523 715 663 754 habeo.
720 715 770 754 L.
797 715 926 766 magis
967 726 1112 754 nocens
1151 726 1218 753 ero
1260 726 1306 752 eo
1338 713 1446 764 quod

11 788 48 818 io
67 775 216 816 attuli?
273 775 316 816 G.
343 779 449 815 certe
480 777 610 827 magis
642 789 688 815 eo
722 775 830 826 quod
861 776 992 827 magis
1017 776 1270 825 poenitentes
1302 774 1444 813 fecisti.

66 837 182 888 potui
222 837 310 876 heri
355 850 436 876 non
478 835 706 876 comedisse.
773 837 823 875 L.
856 849 955 874 num
1004 836 1217 886 quisquam
1257 835 1447 875 irascitur

66 898 174 949 quod
205 897 374 949 duplum
407 895 582 948 recipit?
640 897 681 937 G.
708 897 942 935 maluissem
982 896 1196 935 dimidium
1236 897 1444 947 recepisse.

65 958 235 998 callidus
266 959 496 1010 negotiator
526 958 656 1009 perire
688 957 978 1007 rempublicam
1004 957 1246 1007 locupletem
1277 957 1444 995 mavult.

66 1032 137 1059 cur
167 1021 304 1058 autem
335 1032 416 1058 non
454 1017 710 1070 quadruplo?
773 1018 823 1056 L.
850 1030 930 1056 non
962 1018 1087 1068 potui.
1155 1017 1195 1057 0.
1223 1018 1257 1056 si
1290 1017 1342 1056 ad
1373 1029 1445 1055 nos

12 1094 46 1121 15
66 1081 344 1130 ammovisses,
387 1079 604 1130 quincuplo
635 1078 893 1118 vendidisses.
957 1091 1037 1117 non
1068 1080 1154 1117 tam
1187 1090 1276 1117 care
1309 1080 1447 1128 empta

67 1153 188 1191 quam
213 1142 442 1191 exspectata
469 1143 539 1179 est.
598 1139 711 1190 atqui
735 1151 808 1179 nos
834 1140 1064 1178 antecessus
1089 1138 1336 1177 dederamus.
1394 1139 1444 1176 L.

66 1213 161 1254 ergo
192 1197 267 1253 ego
297 1201 402 1240 male
443 1200 547 1252 gessi
577 1200 822 1252 legationem
864 1202 904 1238 et
943 1200 1085 1238 fateor.
1144 1199 1186 1239 0.
1214 1203 1332 1238 caute
1365 1199 1446 1237 lae-

65 1262 219 1302 sionem
257 1261 503 1313 reipublicae
544 1261 586 1299 in
627 1261 758 1312 legem
797 1260 903 1299 male
944 1262 1080 1312 gestae
1122 1259 1338 1311 legationis
1379 1259 1446 1298 de·

66 1322 203 1362 flectis.
266 1322 474 1373 numquid,
506 1321 540 1360 si
572 1322 730 1372 legatus
755 1320 882 1370 fuisti,
914 1320 1004 1360 ideo
1036 1321 1096 1359 rei
1127 1333 1250 1370 quam
1281 1322 1446 1369 tractas,

13 1396 50 1423 ιο
68 1384 239 1422 materia
285 1381 417 1434 perit?
482 1382 702 1421 laesionem
749 1381 993 1432 reipublicae
1041 1393 1245 1432 cognosce.
1313 1381 1362 1419 L.
1394 1381 1446 1419 si·

67 1443 231 1494 quidem
263 1456 310 1482 ex
341 1456 405 1482 me
437 1444 508 1482 est.
552 1442 620 1482 sed
647 1455 854 1492 nunquam
884 1454 973 1481 mea
999 1441 1119 1491 culpa
1144 1441 1270 1480 fames
1302 1442 1444 1492 coepit.

70 1503 111 1543 O.
133 1503 202 1543 sed
220 1504 466 1542 titubantem
487 1502 680 1552 stravisti,
706 1503 962 1541 vulneratum
980 1502 1190 1554 iugulasti.
1248 1502 1297 1540 L.
1318 1502 1445 1541 fames

66 1564 252 1604 fortunae
283 1563 523 1615 imputanda
554 1566 624 1603 est.
691 1562 733 1603 0.
759 1565 866 1602 reete
899 1564 1030 1614 prima
1061 1563 1143 1612 illi,
1180 1562 1326 1602 ultima
1357 1562 1444 1601 tibi.

67 1625 116 1664 L.
143 1625 220 1674 ivi,
251 1625 370 1664 redii:
402 1624 520 1664 citius
546 1637 626 1663 non
653 1624 778 1675 potui.
839 1623 880 1663 Ο.
907 1623 969 1663 bis
996 1623 1142 1672 emisti,
1174 1623 1296 1662 semel
1322 1623 1445 1674 duplo

13 1695 48 1725 2⁶
68 1685 300 1734 vendidisti,
331 1698 411 1724 non
436 1685 539 1724 fiunt
563 1685 662 1724 haec
688 1685 778 1724 cito.
830 1685 880 1722 L.
907 1686 1148 1735 tempestate
1174 1683 1318 1723 ductus
1344 1696 1444 1723 sum.

69 1744 112 1785 Ο.
139 1759 162 1786 o
194 1747 475 1796 tempestatem
499 1745 577 1784 tibi
607 1744 827 1785 subditam!
860 1746 1049 1784 onustum
1074 1744 1126 1783 ad
1157 1744 1306 1783 famem
1336 1745 1447 1794 tulit,

68 1808 326 1846 e'xoneratum
367 1806 418 1845 ad
459 1805 759 1845 abundantiam.
816 1819 887 1845 cur
927 1807 1063 1844 autem
1104 1805 1243 1844 eadem
1284 1805 1335 1844 ad
1373 1818 1445 1844 nos

67 1867 209 1918 aliqua
238 1879 319 1906 non
351 1865 534 1918 appulit?
588 1867 638 1905 L.
666 1878 690 1904 a
721 1866 852 1905 ventis
885 1879 1043 1916 quaere.
1103 1865 1145 1905 0.
1172 1867 1290 1905 recte.
1348 1866 1445 1917 quid

66 1928 108 1966 in
149 1940 252 1966 nave
283 1927 481 1979 fregistis,
521 1928 565 1966 in
602 1927 696 1965 fune
734 1926 920 1978 rupistis,
961 1928 1004 1965 in
1043 1926 1134 1965 velo
1170 1926 1362 1975 scidistis,
1403 1929 1445 1965 in

13 2000 49 2028 so
69 1989 204 2027 tritico
249 1988 479 2027 excussistis
522 1986 662 2027 venti?
729 1988 778 2026 L.
816 1990 932 2026 certe.
1004 1987 1075 2026 sed
1105 1988 1296 2026 restituta
1340 1990 1443 2027 sunt.

68 2137 115 2163 ne
129 2126 368 2162 incommoda
382 2126 611 2162 examinatio
625 2127 795 2163 iudieum
809 2126 1068 2162 sinceritatem
1088 2126 1245 2162 alliciat.
1291 2128 1445 2173 pactum

67 2187 143 2211 non
169 2186 298 2211 casum
324 2176 504 2221 spectate.
548 2175 679 2221 itaque
778 2175 834 2210 id:
861 2175 940 2210 iam
971 2181 1032 2210 VB

167 2228 186 2259 1
211 2235 280 2270 pro
306 2223 451 2269 pudore
479 2230 515 2259 R
631 2228 652 2259 3
678 2223 960 2259 irrationabiles
985 2229 1090 2259 RVB
1186 2227 1205 2258 'i'
1234 2223 1355 2259 omnis
1388 2229 1448 2257 VB

68 2275 116 2307 10
140 2272 339 2318 poenitens
377 2278 438 2307 VB
580 2276 622 2307 11
656 2284 762 2308 num:
795 2284 871 2307 non
905 2278 1009 2308 RVB
1144 2276 1186 2307 13
1213 2272 1382 2307 calcidus
1421 2277 1452 2305 v

69 2323 118 2355 15
140 2320 402 2356 admonuisses
434 2326 494 2355 VB
616 2325 659 2356 16
684 2320 994 2357 desiderabamus
1019 2326 1080 2355 VB
1202 2323 1245 2355 18
1272 2320 1355 2366 lege
1388 2326 1449 2353 VB

69 2371 116 2404 24
136 2368 209 2405 ivi:
242 2368 297 2404 lui
326 2374 429 2404 RVB
548 2372 594 2405 28
621 2369 829 2415 aliquando
857 2375 893 2405 R
1017 2372 1062 2404 ‘29
1091 2369 1131 2403 in
1163 2368 1245 2404 velo
1279 2368 1444 2403 scidistis

1 2467 4 2471 Ι
68 2427 136 2453 om.
159 2423 195 2452 P
290 2417 436 2452 cidietis
467 2423 528 2452 VB
624 2421 670 2453 30
697 2417 860 2453 excustis
887 2423 924 2452 P
