<?xml version="1.0" encoding="UTF-8"?>
<!DOCTYPE html PUBLIC "-//W3C//DTD XHTML 1.0 Transitional//EN"
    "http://www.w3.org/TR/xhtml1/DTD/xhtml1-transitional.dtd">
<html xmlns="http://www.w3.org/1999/xhtml" xml:lang="en" lang="en">
 <head>
  <title>
</title>
<meta http-equiv="Content-Type" content="text/html;charset=utf-8" />
  <meta name='ocr-system' content='tesseract 3.04.00' />
  <meta name='ocr-capabilities' content='ocr_page ocr_carea ocr_par ocr_line ocrx_word'/>
</head>
<body>
  <div class='ocr_page' id='page_1' title='image "./quintilianiquaef00lehnuoft_0208.png"; bbox 0 0 1638 2560; ppageno 0'>
   <div class='ocr_carea' id='block_1_1' title="bbox 215 110 1044 161">
    <p class='ocr_par' dir='ltr' id='par_1_1' title="bbox 215 110 1044 161">
     <span class='ocr_line' id='line_1_1' title="bbox 215 110 1044 161; baseline -0.019 0"><span class='ocrx_word' id='word_1_1' title='bbox 215 118 301 161; x_wconf 80' lang='lat'>172</span> <span class='ocrx_word' id='word_1_2' title='bbox 760 110 1044 149; x_wconf 78' lang='lat' dir='ltr'><strong>GLADIATOR</strong></span> 
     </span>
    </p>
   </div>
   <div class='ocr_carea' id='block_1_2' title="bbox 168 222 1638 1852">
    <p class='ocr_par' dir='ltr' id='par_1_2' title="bbox 214 222 1590 453">
     <span class='ocr_line' id='line_1_2' title="bbox 215 222 1587 282; baseline -0.007 -10"><span class='ocrx_word' id='word_1_3' title='bbox 215 231 577 282; x_wconf 71' lang='lat' dir='ltr'><strong>contemptissimus</strong></span> <span class='ocrx_word' id='word_1_4' title='bbox 608 230 688 268; x_wconf 87' lang='lat' dir='ltr'>tiro</span> <span class='ocrx_word' id='word_1_5' title='bbox 721 227 933 280; x_wconf 74' lang='lat' dir='ltr'>gladiator,</span> <span class='ocrx_word' id='word_1_6' title='bbox 965 227 1011 264; x_wconf 93' lang='lat' dir='ltr'>ut</span> <span class='ocrx_word' id='word_1_7' title='bbox 1041 225 1258 264; x_wconf 82' lang='lat' dir='ltr'>novissime</span> <span class='ocrx_word' id='word_1_8' title='bbox 1288 222 1498 275; x_wconf 81' lang='lat' dir='ltr'>perderem</span> <span class='ocrx_word' id='word_1_9' title='bbox 1523 234 1587 262; x_wconf 82' lang='lat' dir='ltr'>ca—</span> 
     </span>
     <span class='ocr_line' id='line_1_3' title="bbox 215 283 1589 338; baseline -0.006 -6"><span class='ocrx_word' id='word_1_10' title='bbox 215 292 410 332; x_wconf 88' lang='lat' dir='ltr'>lamitatis</span> <span class='ocrx_word' id='word_1_11' title='bbox 441 303 553 330; x_wconf 87' lang='lat' dir='ltr'>meae</span> <span class='ocrx_word' id='word_1_12' title='bbox 578 289 861 338; x_wconf 86' lang='lat' dir='ltr'>innocentiam,</span> <span class='ocrx_word' id='word_1_13' title='bbox 894 286 1096 326; x_wconf 78' lang='lat' dir='ltr'>discebam</span> <span class='ocrx_word' id='word_1_14' title='bbox 1122 284 1270 325; x_wconf 84' lang='lat' dir='ltr'>cotidie</span> <span class='ocrx_word' id='word_1_15' title='bbox 1299 284 1439 324; x_wconf 84' lang='lat' dir='ltr'>scelus.</span> <span class='ocrx_word' id='word_1_16' title='bbox 1488 283 1589 324; x_wconf 78' lang='lat' dir='ltr'>haec</span> 
     </span>
     <span class='ocr_line' id='line_1_4' title="bbox 214 345 1590 399; baseline -0.007 -7"><span class='ocrx_word' id='word_1_17' title='bbox 214 355 350 392; x_wconf 87' lang='lat' dir='ltr'>tamen</span> <span class='ocrx_word' id='word_1_18' title='bbox 388 352 522 391; x_wconf 88' lang='lat' dir='ltr'>omnia</span> <span class='ocrx_word' id='word_1_19' title='bbox 560 350 750 399; x_wconf 89' lang='lat' dir='ltr'>sustinui,</span> <span class='ocrx_word' id='word_1_20' title='bbox 787 349 881 387; x_wconf 88' lang='lat' dir='ltr'>tuli:</span> <span class='ocrx_word' id='word_1_21' title='bbox 921 347 1019 386; x_wconf 88' lang='lat' dir='ltr'>adeo</span> <span class='ocrx_word' id='word_1_22' title='bbox 1058 345 1224 385; x_wconf 83' lang='lat' dir='ltr'>difficile</span> <span class='ocrx_word' id='word_1_23' title='bbox 1261 346 1324 384; x_wconf 87' lang='lat' dir='ltr'>est</span> <span class='ocrx_word' id='word_1_24' title='bbox 1361 345 1485 384; x_wconf 83' lang='lat' dir='ltr'>etiam</span> <span class='ocrx_word' id='word_1_25' title='bbox 1515 356 1590 384; x_wconf 80' lang='lat' dir='ltr'>sua</span> 
     </span>
     <span class='ocr_line' id='line_1_5' title="bbox 218 413 481 453; baseline -0.015 0"><span class='ocrx_word' id='word_1_26' title='bbox 218 425 337 453; x_wconf 88' lang='lat' dir='ltr'>causa</span> <span class='ocrx_word' id='word_1_27' title='bbox 367 413 481 451; x_wconf 89' lang='lat' dir='ltr'>mori.</span> 
     </span>
    </p>

    <p class='ocr_par' dir='ltr' id='par_1_3' title="bbox 168 465 1638 1490">
     <span class='ocr_line' id='line_1_6' title="bbox 168 465 1638 519; baseline -0.005 -7"><span class='ocrx_word' id='word_1_28' title='bbox 168 474 194 510; x_wconf 80' lang='grc'><strong>6</strong></span> <span class='ocrx_word' id='word_1_29' title='bbox 307 473 362 511; x_wconf 82' lang='lat' dir='ltr'>Et</span> <span class='ocrx_word' id='word_1_30' title='bbox 391 474 474 511; x_wconf 91' lang='lat' dir='ltr'>iam</span> <span class='ocrx_word' id='word_1_31' title='bbox 505 471 588 510; x_wconf 88' lang='lat' dir='ltr'>dies</span> <span class='ocrx_word' id='word_1_32' title='bbox 621 470 777 519; x_wconf 88' lang='lat' dir='ltr'>aderat,</span> <span class='ocrx_word' id='word_1_33' title='bbox 813 470 976 518; x_wconf 89' lang='lat' dir='ltr'>iamque</span> <span class='ocrx_word' id='word_1_34' title='bbox 1008 467 1060 507; x_wconf 89' lang='lat' dir='ltr'>ad</span> <span class='ocrx_word' id='word_1_35' title='bbox 1091 467 1366 518; x_wconf 70' lang='lat' dir='ltr'>spectaculum</span> <span class='ocrx_word' id='word_1_36' title='bbox 1399 465 1590 517; x_wconf 83' lang='lat' dir='ltr'>supplicii</span> <span class='ocrx_word' id='word_1_37' title='bbox 1614 477 1638 505; x_wconf 74' lang='grc' dir='ltr'>-ε</span> 
     </span>
     <span class='ocr_line' id='line_1_7' title="bbox 216 526 1591 584; baseline -0.006 -11"><span class='ocrx_word' id='word_1_38' title='bbox 216 533 343 573; x_wconf 87' lang='lat' dir='ltr'>nostri</span> <span class='ocrx_word' id='word_1_39' title='bbox 368 533 540 584; x_wconf 90' lang='lat' dir='ltr'>populus</span> <span class='ocrx_word' id='word_1_40' title='bbox 567 532 818 579; x_wconf 85' lang='lat' dir='ltr'>convenerat,</span> <span class='ocrx_word' id='word_1_41' title='bbox 836 531 919 568; x_wconf 86' lang='lat' dir='ltr'>iam</span> <span class='ocrx_word' id='word_1_42' title='bbox 944 529 1149 567; x_wconf 86' lang='lat' dir='ltr'>ostentata</span> <span class='ocrx_word' id='word_1_43' title='bbox 1170 540 1243 578; x_wconf 90' lang='lat' dir='ltr'>per</span> <span class='ocrx_word' id='word_1_44' title='bbox 1266 527 1461 566; x_wconf 76' lang='lat' dir='ltr'>harenam</span> <span class='ocrx_word' id='word_1_45' title='bbox 1484 526 1591 577; x_wconf 85' lang='lat' dir='ltr'>peri-</span> 
     </span>
     <span class='ocr_line' id='line_1_8' title="bbox 216 586 1592 642; baseline -0.005 -9"><span class='ocrx_word' id='word_1_46' title='bbox 216 597 399 633; x_wconf 87' lang='lat' dir='ltr'>turorum</span> <span class='ocrx_word' id='word_1_47' title='bbox 432 605 598 642; x_wconf 86' lang='lat' dir='ltr'>corpora</span> <span class='ocrx_word' id='word_1_48' title='bbox 628 592 769 630; x_wconf 88' lang='lat' dir='ltr'>mortis</span> <span class='ocrx_word' id='word_1_49' title='bbox 802 603 896 630; x_wconf 89' lang='lat' dir='ltr'>suae</span> <span class='ocrx_word' id='word_1_50' title='bbox 933 601 1125 640; x_wconf 84' lang='lat' dir='ltr'><strong>pompam</strong></span> <span class='ocrx_word' id='word_1_51' title='bbox 1156 588 1364 627; x_wconf 86' lang='lat' dir='ltr'>duxerant.</span> <span class='ocrx_word' id='word_1_52' title='bbox 1427 586 1592 627; x_wconf 78' lang='lat' dir='ltr'>sedebat</span> 
     </span>
     <span class='ocr_line' id='line_1_9' title="bbox 218 648 1593 706; baseline -0.006 -12"><span class='ocrx_word' id='word_1_53' title='bbox 218 655 411 706; x_wconf 87' lang='lat' dir='ltr'>sanguine</span> <span class='ocrx_word' id='word_1_54' title='bbox 448 655 584 692; x_wconf 90' lang='lat' dir='ltr'>nostro</span> <span class='ocrx_word' id='word_1_55' title='bbox 622 651 857 691; x_wconf 82' lang='lat' dir='ltr'>favorabilis</span> <span class='ocrx_word' id='word_1_56' title='bbox 896 650 1100 699; x_wconf 82' lang='lat' dir='ltr'>dominus,</span> <span class='ocrx_word' id='word_1_57' title='bbox 1144 661 1235 688; x_wconf 88' lang='lat' dir='ltr'>cum</span> <span class='ocrx_word' id='word_1_58' title='bbox 1271 661 1336 688; x_wconf 90' lang='lat' dir='ltr'>me</span> <span class='ocrx_word' id='word_1_59' title='bbox 1374 648 1505 698; x_wconf 82' lang='lat' dir='ltr'>cuius,</span> <span class='ocrx_word' id='word_1_60' title='bbox 1545 648 1593 686; x_wconf 89' lang='lat' dir='ltr'>ut</span> 
     </span>
     <span class='ocr_line' id='line_1_10' title="bbox 217 708 1592 762; baseline -0.004 -8"><span class='ocrx_word' id='word_1_61' title='bbox 217 715 427 757; x_wconf 85' lang='lat' dir='ltr'>interiecto</span> <span class='ocrx_word' id='word_1_62' title='bbox 451 714 566 762; x_wconf 84' lang='lat' dir='ltr'>mari,</span> <span class='ocrx_word' id='word_1_63' title='bbox 591 725 671 751; x_wconf 89' lang='lat' dir='ltr'>non</span> <span class='ocrx_word' id='word_1_64' title='bbox 697 713 902 751; x_wconf 88' lang='lat' dir='ltr'>fortunam</span> <span class='ocrx_word' id='word_1_65' title='bbox 927 712 1142 761; x_wconf 86' lang='lat' dir='ltr'>quisquam</span> <span class='ocrx_word' id='word_1_66' title='bbox 1166 721 1294 760; x_wconf 87' lang='lat' dir='ltr'>nosse,</span> <span class='ocrx_word' id='word_1_67' title='bbox 1319 721 1399 748; x_wconf 88' lang='lat' dir='ltr'>non</span> <span class='ocrx_word' id='word_1_68' title='bbox 1422 708 1592 758; x_wconf 86' lang='lat' dir='ltr'>natales,</span> 
     </span>
     <span class='ocr_line' id='line_1_11' title="bbox 218 769 1638 825; baseline -0.005 -11"><span class='ocrx_word' id='word_1_69' title='bbox 218 788 298 814; x_wconf 88' lang='lat' dir='ltr'>non</span> <span class='ocrx_word' id='word_1_70' title='bbox 328 776 485 825; x_wconf 88' lang='lat' dir='ltr'>patrem</span> <span class='ocrx_word' id='word_1_71' title='bbox 516 775 688 824; x_wconf 88' lang='lat' dir='ltr'>poterat,</span> <span class='ocrx_word' id='word_1_72' title='bbox 719 786 800 811; x_wconf 88' lang='lat' dir='ltr'>una</span> <span class='ocrx_word' id='word_1_73' title='bbox 830 774 967 810; x_wconf 90' lang='lat' dir='ltr'>tamen</span> <span class='ocrx_word' id='word_1_74' title='bbox 992 783 1055 810; x_wconf 86' lang='lat' dir='ltr'>res</span> <span class='ocrx_word' id='word_1_75' title='bbox 1087 771 1238 810; x_wconf 86' lang='lat' dir='ltr'>faceret</span> <span class='ocrx_word' id='word_1_76' title='bbox 1263 769 1372 821; x_wconf 86' lang='lat' dir='ltr'>apud</span> <span class='ocrx_word' id='word_1_77' title='bbox 1396 769 1592 820; x_wconf 83' lang='lat' dir='ltr'>quosdam</span> <span class='ocrx_word' id='word_1_78' title='bbox 1612 779 1638 808; x_wconf 74' lang='lat' dir='ltr'>u</span> 
     </span>
     <span class='ocr_line' id='line_1_12' title="bbox 219 829 1593 884; baseline -0.004 -10"><span class='ocrx_word' id='word_1_79' title='bbox 219 835 487 874; x_wconf 79' lang='lat' dir='ltr'>miserabilem</span> <span class='ocrx_word' id='word_1_80' title='bbox 518 833 625 884; x_wconf 89' lang='lat' dir='ltr'>quod</span> <span class='ocrx_word' id='word_1_81' title='bbox 656 833 823 872; x_wconf 87' lang='lat' dir='ltr'>videbar</span> <span class='ocrx_word' id='word_1_82' title='bbox 853 833 991 883; x_wconf 89' lang='lat' dir='ltr'>inique</span> <span class='ocrx_word' id='word_1_83' title='bbox 1023 832 1290 882; x_wconf 78' lang='lat' dir='ltr'>comparatus.</span> <span class='ocrx_word' id='word_1_84' title='bbox 1344 831 1455 870; x_wconf 83' lang='lat' dir='ltr'>certa</span> <span class='ocrx_word' id='word_1_85' title='bbox 1486 829 1593 869; x_wconf 89' lang='lat' dir='ltr'>enim</span> 
     </span>
     <span class='ocr_line' id='line_1_13' title="bbox 219 890 1592 943; baseline -0.004 -9"><span class='ocrx_word' id='word_1_86' title='bbox 219 896 390 935; x_wconf 84' lang='lat' dir='ltr'>harenae</span> <span class='ocrx_word' id='word_1_87' title='bbox 416 894 647 934; x_wconf 78' lang='lat' dir='ltr'>destinabat</span> <span class='ocrx_word' id='word_1_88' title='bbox 671 894 848 943; x_wconf 84' lang='lat' dir='ltr'>victima,</span> <span class='ocrx_word' id='word_1_89' title='bbox 869 905 985 932; x_wconf 89' lang='lat' dir='ltr'>nemo</span> <span class='ocrx_word' id='word_1_90' title='bbox 1011 892 1240 931; x_wconf 87' lang='lat' dir='ltr'>munerario</span> <span class='ocrx_word' id='word_1_91' title='bbox 1265 890 1389 930; x_wconf 85' lang='lat' dir='ltr'>vilius</span> <span class='ocrx_word' id='word_1_92' title='bbox 1414 891 1592 930; x_wconf 82' lang='lat' dir='ltr'>steterat.</span> 
     </span>
     <span class='ocr_line' id='line_1_14' title="bbox 220 946 1638 1005; baseline -0.004 -10"><span class='ocrx_word' id='word_1_93' title='bbox 220 956 443 995; x_wconf 88' lang='lat' dir='ltr'>fremebant</span> <span class='ocrx_word' id='word_1_94' title='bbox 487 956 634 1005; x_wconf 89' lang='lat' dir='ltr'>ubique</span> <span class='ocrx_word' id='word_1_95' title='bbox 684 955 818 993; x_wconf 87' lang='lat' dir='ltr'>omnia</span> <span class='ocrx_word' id='word_1_96' title='bbox 869 955 1068 1004; x_wconf 87' lang='lat' dir='ltr'>apparatu</span> <span class='ocrx_word' id='word_1_97' title='bbox 1110 953 1265 991; x_wconf 84' lang='lat' dir='ltr'>mortis.</span> <span class='ocrx_word' id='word_1_98' title='bbox 1327 952 1394 991; x_wconf 86' lang='lat' dir='ltr'>hic</span> <span class='ocrx_word' id='word_1_99' title='bbox 1442 951 1594 990; x_wconf 84' lang='lat' dir='ltr'>ferrum</span> <span class='ocrx_word' id='word_1_100' title='bbox 1636 946 1638 950; x_wconf 31' lang='lat'>⁸</span> 
     </span>
     <span class='ocr_line' id='line_1_15' title="bbox 222 1011 1594 1066; baseline -0.004 -11"><span class='ocrx_word' id='word_1_101' title='bbox 222 1017 402 1065; x_wconf 89' lang='lat' dir='ltr'>acuebat,</span> <span class='ocrx_word' id='word_1_102' title='bbox 426 1016 495 1054; x_wconf 91' lang='lat' dir='ltr'>ille</span> <span class='ocrx_word' id='word_1_103' title='bbox 523 1015 763 1054; x_wconf 88' lang='lat' dir='ltr'>accendebat</span> <span class='ocrx_word' id='word_1_104' title='bbox 793 1014 952 1066; x_wconf 86' lang='lat' dir='ltr'>ignibus</span> <span class='ocrx_word' id='word_1_105' title='bbox 978 1014 1163 1063; x_wconf 87' lang='lat' dir='ltr'>laminas,</span> <span class='ocrx_word' id='word_1_106' title='bbox 1195 1013 1290 1052; x_wconf 80' lang='lat' dir='ltr'>hinc</span> <span class='ocrx_word' id='word_1_107' title='bbox 1317 1013 1469 1064; x_wconf 84' lang='lat' dir='ltr'>virgae,</span> <span class='ocrx_word' id='word_1_108' title='bbox 1499 1011 1594 1051; x_wconf 85' lang='lat' dir='ltr'>inde</span> 
     </span>
     <span class='ocr_line' id='line_1_16' title="bbox 222 1071 1638 1128; baseline -0.003 -13"><span class='ocrx_word' id='word_1_109' title='bbox 222 1077 383 1128; x_wconf 87' lang='lat' dir='ltr'>flagella</span> <span class='ocrx_word' id='word_1_110' title='bbox 426 1075 726 1115; x_wconf 85' lang='lat' dir='ltr'>adferebantur:</span> <span class='ocrx_word' id='word_1_111' title='bbox 777 1087 912 1114; x_wconf 91' lang='lat' dir='ltr'>omnes</span> <span class='ocrx_word' id='word_1_112' title='bbox 955 1074 1111 1125; x_wconf 88' lang='lat' dir='ltr'>piratas</span> <span class='ocrx_word' id='word_1_113' title='bbox 1157 1075 1332 1124; x_wconf 89' lang='lat' dir='ltr'>putares.</span> <span class='ocrx_word' id='word_1_114' title='bbox 1396 1071 1595 1112; x_wconf 82' lang='lat' dir='ltr'>sonabant</span> <span class='ocrx_word' id='word_1_115' title='bbox 1614 1082 1638 1110; x_wconf 77' lang='lat' dir='ltr'>n</span> 
     </span>
     <span class='ocr_line' id='line_1_17' title="bbox 224 1133 1596 1189; baseline -0.003 -13"><span class='ocrx_word' id='word_1_116' title='bbox 224 1138 408 1189; x_wconf 86' lang='lat' dir='ltr'>clangore</span> <span class='ocrx_word' id='word_1_117' title='bbox 440 1137 556 1175; x_wconf 85' lang='lat' dir='ltr'>ferali</span> <span class='ocrx_word' id='word_1_118' title='bbox 587 1136 727 1186; x_wconf 90' lang='lat' dir='ltr'>tubae,</span> <span class='ocrx_word' id='word_1_119' title='bbox 758 1136 975 1185; x_wconf 87' lang='lat' dir='ltr'>inlatisque</span> <span class='ocrx_word' id='word_1_120' title='bbox 1006 1134 1211 1173; x_wconf 74' lang='lat' dir='ltr'>Libitinae</span> <span class='ocrx_word' id='word_1_121' title='bbox 1242 1135 1344 1173; x_wconf 87' lang='lat' dir='ltr'>toris</span> <span class='ocrx_word' id='word_1_122' title='bbox 1375 1133 1596 1172; x_wconf 74' lang='lat' dir='ltr'>ducebatur</span> 
     </span>
     <span class='ocr_line' id='line_1_18' title="bbox 223 1195 1596 1247; baseline -0.003 -11"><span class='ocrx_word' id='word_1_123' title='bbox 223 1198 342 1236; x_wconf 89' lang='lat' dir='ltr'>funus</span> <span class='ocrx_word' id='word_1_124' title='bbox 375 1198 467 1236; x_wconf 88' lang='lat' dir='ltr'>ante</span> <span class='ocrx_word' id='word_1_125' title='bbox 498 1199 677 1236; x_wconf 89' lang='lat' dir='ltr'>mortem.</span> <span class='ocrx_word' id='word_1_126' title='bbox 741 1196 889 1246; x_wconf 91' lang='lat' dir='ltr'>ubique</span> <span class='ocrx_word' id='word_1_127' title='bbox 921 1196 1105 1245; x_wconf 86' lang='lat' dir='ltr'>vulnera,</span> <span class='ocrx_word' id='word_1_128' title='bbox 1145 1195 1337 1247; x_wconf 83' lang='lat' dir='ltr'>gemitus,</span> <span class='ocrx_word' id='word_1_129' title='bbox 1373 1206 1502 1244; x_wconf 88' lang='lat' dir='ltr'>cruor,</span> <span class='ocrx_word' id='word_1_130' title='bbox 1533 1195 1596 1233; x_wconf 88' lang='lat' dir='ltr'>to-</span> 
     </span>
     <span class='ocr_line' id='line_1_19' title="bbox 223 1254 1596 1308; baseline -0.002 -12"><span class='ocrx_word' id='word_1_131' title='bbox 223 1260 310 1296; x_wconf 89' lang='lat' dir='ltr'>tum</span> <span class='ocrx_word' id='word_1_132' title='bbox 347 1258 390 1296; x_wconf 91' lang='lat' dir='ltr'>in</span> <span class='ocrx_word' id='word_1_133' title='bbox 422 1258 546 1297; x_wconf 91' lang='lat' dir='ltr'>oculis</span> <span class='ocrx_word' id='word_1_134' title='bbox 583 1258 816 1308; x_wconf 85' lang='lat' dir='ltr'>periculum.</span> <span class='ocrx_word' id='word_1_135' title='bbox 879 1257 913 1296; x_wconf 87' lang='lat' dir='ltr'>si</span> <span class='ocrx_word' id='word_1_136' title='bbox 945 1257 1042 1307; x_wconf 89' lang='lat' dir='ltr'>quid</span> <span class='ocrx_word' id='word_1_137' title='bbox 1075 1257 1135 1295; x_wconf 88' lang='lat' dir='ltr'>est</span> <span class='ocrx_word' id='word_1_138' title='bbox 1165 1257 1208 1294; x_wconf 86' lang='lat' dir='ltr'>in</span> <span class='ocrx_word' id='word_1_139' title='bbox 1239 1268 1304 1294; x_wconf 90' lang='lat' dir='ltr'>me</span> <span class='ocrx_word' id='word_1_140' title='bbox 1342 1254 1596 1294; x_wconf 82' lang='lat' dir='ltr'>abdicatione</span> 
     </span>
     <span class='ocr_line' id='line_1_20' title="bbox 225 1315 1596 1370; baseline -0.001 -14"><span class='ocrx_word' id='word_1_141' title='bbox 225 1319 401 1370; x_wconf 90' lang='lat' dir='ltr'>dignum,</span> <span class='ocrx_word' id='word_1_142' title='bbox 432 1318 597 1367; x_wconf 88' lang='lat' dir='ltr'>iudices,</span> <span class='ocrx_word' id='word_1_143' title='bbox 623 1331 747 1356; x_wconf 91' lang='lat' dir='ltr'>unum</span> <span class='ocrx_word' id='word_1_144' title='bbox 773 1319 922 1356; x_wconf 75' lang='lat' dir='ltr'>crimen</span> <span class='ocrx_word' id='word_1_145' title='bbox 949 1329 1138 1369; x_wconf 86' lang='lat' dir='ltr'>agnosco:</span> <span class='ocrx_word' id='word_1_146' title='bbox 1171 1316 1279 1367; x_wconf 89' lang='lat' dir='ltr'>quod</span> <span class='ocrx_word' id='word_1_147' title='bbox 1303 1317 1347 1355; x_wconf 91' lang='lat' dir='ltr'>in</span> <span class='ocrx_word' id='word_1_148' title='bbox 1371 1316 1472 1354; x_wconf 84' lang='lat' dir='ltr'>haec</span> <span class='ocrx_word' id='word_1_149' title='bbox 1497 1315 1596 1354; x_wconf 89' lang='lat' dir='ltr'>ami-</span> 
     </span>
     <span class='ocr_line' id='line_1_21' title="bbox 225 1376 1638 1429; baseline -0.004 -12"><span class='ocrx_word' id='word_1_150' title='bbox 225 1392 314 1417; x_wconf 90' lang='lat' dir='ltr'>cum</span> <span class='ocrx_word' id='word_1_151' title='bbox 338 1392 472 1417; x_wconf 89' lang='lat' dir='ltr'>meum</span> <span class='ocrx_word' id='word_1_152' title='bbox 496 1380 598 1418; x_wconf 87' lang='lat' dir='ltr'>misi.</span> <span class='ocrx_word' id='word_1_153' title='bbox 650 1379 711 1417; x_wconf 89' lang='lat' dir='ltr'>est</span> <span class='ocrx_word' id='word_1_154' title='bbox 735 1378 896 1429; x_wconf 90' lang='lat' dir='ltr'>quidem</span> <span class='ocrx_word' id='word_1_155' title='bbox 928 1378 1111 1417; x_wconf 88' lang='lat' dir='ltr'>felicibus</span> <span class='ocrx_word' id='word_1_156' title='bbox 1138 1376 1315 1416; x_wconf 85' lang='lat' dir='ltr'>difficilis</span> <span class='ocrx_word' id='word_1_157' title='bbox 1343 1377 1597 1415; x_wconf 85' lang='lat' dir='ltr'>miseriarum</span> <span class='ocrx_word' id='word_1_158' title='bbox 1615 1385 1638 1412; x_wconf 69' lang='grc' dir='ltr'>ιι</span> 
     </span>
     <span class='ocr_line' id='line_1_22' title="bbox 224 1437 1597 1490; baseline -0.002 -12"><span class='ocrx_word' id='word_1_159' title='bbox 224 1452 319 1478; x_wconf 84' lang='lat' dir='ltr'>vera</span> <span class='ocrx_word' id='word_1_160' title='bbox 351 1440 597 1489; x_wconf 87' lang='lat' dir='ltr'>aestimatio,</span> <span class='ocrx_word' id='word_1_161' title='bbox 634 1439 807 1490; x_wconf 89' lang='lat' dir='ltr'>figurare</span> <span class='ocrx_word' id='word_1_162' title='bbox 837 1441 975 1477; x_wconf 89' lang='lat' dir='ltr'>tamen</span> <span class='ocrx_word' id='word_1_163' title='bbox 1005 1437 1175 1489; x_wconf 88' lang='lat' dir='ltr'>potestis</span> <span class='ocrx_word' id='word_1_164' title='bbox 1207 1439 1280 1488; x_wconf 89' lang='lat' dir='ltr'>qui</span> <span class='ocrx_word' id='word_1_165' title='bbox 1310 1439 1408 1476; x_wconf 87' lang='lat' dir='ltr'>tunc</span> <span class='ocrx_word' id='word_1_166' title='bbox 1439 1437 1597 1476; x_wconf 88' lang='lat' dir='ltr'>animus</span> 
     </span>
    </p>

    <p class='ocr_par' dir='ltr' id='par_1_4' title="bbox 181 1496 1638 1852">
     <span class='ocr_line' id='line_1_23' title="bbox 181 1496 1599 1550; baseline -0.002 -12"><span class='ocrx_word' id='word_1_167' title='bbox 181 1496 199 1532; x_wconf 81' lang='grc'><strong>7</strong></span> <span class='ocrx_word' id='word_1_168' title='bbox 227 1500 344 1548; x_wconf 78' lang='lat' dir='ltr'>mihi,</span> <span class='ocrx_word' id='word_1_169' title='bbox 383 1512 485 1549; x_wconf 86' lang='lat' dir='ltr'>quae</span> <span class='ocrx_word' id='word_1_170' title='bbox 523 1500 714 1550; x_wconf 83' lang='lat' dir='ltr'>cogitatio</span> <span class='ocrx_word' id='word_1_171' title='bbox 753 1500 885 1538; x_wconf 85' lang='lat' dir='ltr'>fuerit.</span> <span class='ocrx_word' id='word_1_172' title='bbox 949 1512 1122 1549; x_wconf 89' lang='lat' dir='ltr'>namque</span> <span class='ocrx_word' id='word_1_173' title='bbox 1160 1500 1202 1537; x_wconf 90' lang='lat' dir='ltr'>et</span> <span class='ocrx_word' id='word_1_174' title='bbox 1235 1499 1383 1537; x_wconf 87' lang='lat' dir='ltr'>natura</span> <span class='ocrx_word' id='word_1_175' title='bbox 1419 1497 1525 1536; x_wconf 86' lang='lat' dir='ltr'>redit</span> <span class='ocrx_word' id='word_1_176' title='bbox 1554 1497 1599 1535; x_wconf 89' lang='lat' dir='ltr'>in</span> 
     </span>
     <span class='ocr_line' id='line_1_24' title="bbox 226 1557 1599 1611; baseline -0.001 -14"><span class='ocrx_word' id='word_1_177' title='bbox 226 1561 411 1599; x_wconf 83' lang='lat' dir='ltr'>extremis</span> <span class='ocrx_word' id='word_1_178' title='bbox 449 1560 577 1599; x_wconf 85' lang='lat' dir='ltr'>tristis</span> <span class='ocrx_word' id='word_1_179' title='bbox 614 1561 856 1610; x_wconf 88' lang='lat' dir='ltr'>praeteritae</span> <span class='ocrx_word' id='word_1_180' title='bbox 888 1560 1112 1611; x_wconf 85' lang='lat' dir='ltr'>voluptatis</span> <span class='ocrx_word' id='word_1_181' title='bbox 1143 1558 1388 1608; x_wconf 86' lang='lat' dir='ltr'>recordatio,</span> <span class='ocrx_word' id='word_1_182' title='bbox 1427 1559 1467 1597; x_wconf 91' lang='lat' dir='ltr'>et</span> <span class='ocrx_word' id='word_1_183' title='bbox 1497 1557 1599 1596; x_wconf 91' lang='lat' dir='ltr'>mihi</span> 
     </span>
     <span class='ocr_line' id='line_1_25' title="bbox 227 1618 1598 1671; baseline -0.001 -13"><span class='ocrx_word' id='word_1_184' title='bbox 227 1633 316 1658; x_wconf 89' lang='lat' dir='ltr'>cum</span> <span class='ocrx_word' id='word_1_185' title='bbox 349 1621 503 1671; x_wconf 85' lang='lat' dir='ltr'>generis</span> <span class='ocrx_word' id='word_1_186' title='bbox 536 1621 789 1671; x_wconf 88' lang='lat' dir='ltr'>conscientia,</span> <span class='ocrx_word' id='word_1_187' title='bbox 826 1633 916 1659; x_wconf 91' lang='lat' dir='ltr'>cum</span> <span class='ocrx_word' id='word_1_188' title='bbox 947 1621 1133 1659; x_wconf 83' lang='lat' dir='ltr'>fortunae</span> <span class='ocrx_word' id='word_1_189' title='bbox 1165 1619 1346 1659; x_wconf 88' lang='lat' dir='ltr'>conscius</span> <span class='ocrx_word' id='word_1_190' title='bbox 1379 1618 1598 1669; x_wconf 86' lang='lat' dir='ltr'>aliquando</span> 
     </span>
     <span class='ocr_line' id='line_1_26' title="bbox 227 1679 1638 1731; baseline -0.001 -13"><span class='ocrx_word' id='word_1_191' title='bbox 227 1680 371 1731; x_wconf 84' lang='lat' dir='ltr'>fulgor,</span> <span class='ocrx_word' id='word_1_192' title='bbox 398 1693 487 1719; x_wconf 88' lang='lat' dir='ltr'>cum</span> <span class='ocrx_word' id='word_1_193' title='bbox 512 1681 696 1720; x_wconf 88' lang='lat' dir='ltr'>liberales</span> <span class='ocrx_word' id='word_1_194' title='bbox 723 1682 840 1730; x_wconf 89' lang='lat' dir='ltr'>artes,</span> <span class='ocrx_word' id='word_1_195' title='bbox 867 1694 957 1720; x_wconf 90' lang='lat' dir='ltr'>cum</span> <span class='ocrx_word' id='word_1_196' title='bbox 982 1682 1118 1720; x_wconf 88' lang='lat' dir='ltr'>omnia</span> <span class='ocrx_word' id='word_1_197' title='bbox 1139 1679 1343 1730; x_wconf 87' lang='lat' dir='ltr'>quondam</span> <span class='ocrx_word' id='word_1_198' title='bbox 1367 1680 1600 1719; x_wconf 81' lang='lat' dir='ltr'>honestiora</span> <span class='ocrx_word' id='word_1_199' title='bbox 1618 1686 1638 1715; x_wconf 73' lang='lat'>²¹</span> 
     </span>
     <span class='ocr_line' id='line_1_27' title="bbox 227 1741 1600 1791; baseline -0.001 -12"><span class='ocrx_word' id='word_1_200' title='bbox 227 1742 455 1779; x_wconf 86' lang='lat' dir='ltr'>munerario</span> <span class='ocrx_word' id='word_1_201' title='bbox 481 1754 580 1790; x_wconf 88' lang='lat' dir='ltr'>meo,</span> <span class='ocrx_word' id='word_1_202' title='bbox 614 1741 766 1790; x_wconf 87' lang='lat' dir='ltr'>domus,</span> <span class='ocrx_word' id='word_1_203' title='bbox 798 1742 967 1791; x_wconf 85' lang='lat' dir='ltr'>familia,</span> <span class='ocrx_word' id='word_1_204' title='bbox 996 1742 1117 1780; x_wconf 88' lang='lat' dir='ltr'>amici</span> <span class='ocrx_word' id='word_1_205' title='bbox 1143 1742 1354 1790; x_wconf 88' lang='lat' dir='ltr'>ceteraque</span> <span class='ocrx_word' id='word_1_206' title='bbox 1379 1751 1600 1790; x_wconf 89' lang='lat' dir='ltr'>numquam</span> 
     </span>
     <span class='ocr_line' id='line_1_28' title="bbox 227 1800 1602 1852; baseline 0 -13"><span class='ocrx_word' id='word_1_207' title='bbox 227 1801 401 1839; x_wconf 83' lang='lat' dir='ltr'>videnda</span> <span class='ocrx_word' id='word_1_208' title='bbox 425 1802 468 1839; x_wconf 91' lang='lat' dir='ltr'>in</span> <span class='ocrx_word' id='word_1_209' title='bbox 493 1802 638 1840; x_wconf 87' lang='lat' dir='ltr'>ultima</span> <span class='ocrx_word' id='word_1_210' title='bbox 669 1803 810 1840; x_wconf 90' lang='lat' dir='ltr'>mortis</span> <span class='ocrx_word' id='word_1_211' title='bbox 837 1803 1112 1852; x_wconf 86' lang='lat' dir='ltr'>expectatione</span> <span class='ocrx_word' id='word_1_212' title='bbox 1138 1801 1416 1841; x_wconf 86' lang='lat' dir='ltr'>succurrerent</span> <span class='ocrx_word' id='word_1_213' title='bbox 1445 1800 1602 1839; x_wconf 87' lang='lat' dir='ltr'>tenenti</span> 
     </span>
    </p>
   </div>
   <div class='ocr_carea' id='block_1_3' title="bbox 251 1895 474 1898">
    <p class='ocr_par' dir='ltr' id='par_1_5' title="bbox 251 1895 474 1898">
     <span class='ocr_line' id='line_1_29' title="bbox 251 1895 474 1898; baseline 0 0"><span class='ocrx_word' id='word_1_214' title='bbox 251 1895 474 1898; x_wconf 95' lang='lat' dir='ltr'> </span> 
     </span>
    </p>
   </div>
   <div class='ocr_carea' id='block_1_4' title="bbox 226 1950 1603 2145">
    <p class='ocr_par' dir='ltr' id='par_1_6' title="bbox 226 1950 1603 2145">
     <span class='ocr_line' id='line_1_30' title="bbox 326 1950 1602 1997; baseline 0 -11"><span class='ocrx_word' id='word_1_215' title='bbox 326 1955 344 1987; x_wconf 90' lang='lat'>1</span> <span class='ocrx_word' id='word_1_216' title='bbox 373 1953 665 1997; x_wconf 86' lang='lat' dir='ltr'>contempsimus</span> <span class='ocrx_word' id='word_1_217' title='bbox 692 1959 748 1997; x_wconf 85' lang='lat' dir='ltr'>M,</span> <span class='ocrx_word' id='word_1_218' title='bbox 774 1963 866 1988; x_wconf 81' lang='lat' dir='ltr'>corr.</span> <span class='ocrx_word' id='word_1_219' title='bbox 886 1967 928 1987; x_wconf 89' lang='lat' dir='ltr'>m</span> <span class='ocrx_word' id='word_1_220' title='bbox 1026 1956 1046 1987; x_wconf 86' lang='lat'>2</span> <span class='ocrx_word' id='word_1_221' title='bbox 1074 1952 1347 1988; x_wconf 86' lang='lat' dir='ltr'>innocentiam:</span> <span class='ocrx_word' id='word_1_222' title='bbox 1381 1950 1602 1987; x_wconf 87' lang='lat' dir='ltr'>innotitiam</span> 
     </span>
     <span class='ocr_line' id='line_1_31' title="bbox 226 1999 1603 2047; baseline -0.001 -12"><span class='ocrx_word' id='word_1_223' title='bbox 226 2007 259 2035; x_wconf 81' lang='lat' dir='ltr'><em>J</em></span> <span class='ocrx_word' id='word_1_224' title='bbox 353 2000 425 2035; x_wconf 90' lang='lat' dir='ltr'>hoc</span> <span class='ocrx_word' id='word_1_225' title='bbox 451 2009 470 2042; x_wconf 82' lang='grc' dir='ltr'>β</span> <span class='ocrx_word' id='word_1_226' title='bbox 591 2004 611 2035; x_wconf 87' lang='lat'>5</span> <span class='ocrx_word' id='word_1_227' title='bbox 646 2002 699 2036; x_wconf 87' lang='lat' dir='ltr'>et:</span> <span class='ocrx_word' id='word_1_228' title='bbox 729 2002 768 2035; x_wconf 88' lang='lat' dir='ltr'>at</span> <span class='ocrx_word' id='word_1_229' title='bbox 794 2007 849 2044; x_wconf 83' lang='lat' dir='ltr'>M,</span> <span class='ocrx_word' id='word_1_230' title='bbox 877 2013 966 2037; x_wconf 84' lang='lat' dir='ltr'>corr.</span> <span class='ocrx_word' id='word_1_231' title='bbox 988 2015 1030 2036; x_wconf 86' lang='lat' dir='ltr'>m</span> <span class='ocrx_word' id='word_1_232' title='bbox 1147 2000 1326 2047; x_wconf 87' lang='lat' dir='ltr'>supplicii</span> <span class='ocrx_word' id='word_1_233' title='bbox 1352 2012 1397 2036; x_wconf 78' lang='lat' dir='ltr'>ex</span> <span class='ocrx_word' id='word_1_234' title='bbox 1422 1999 1603 2046; x_wconf 81' lang='lat' dir='ltr'>subplicii</span> 
     </span>
     <span class='ocr_line' id='line_1_32' title="bbox 227 2049 1602 2094; baseline -0.001 -10"><span class='ocrx_word' id='word_1_235' title='bbox 227 2055 264 2084; x_wconf 99' lang='grc' dir='ltr'><em>Β</em></span> <span class='ocrx_word' id='word_1_236' title='bbox 379 2051 399 2083; x_wconf 89' lang='lat'>8</span> <span class='ocrx_word' id='word_1_237' title='bbox 432 2050 476 2083; x_wconf 89' lang='lat' dir='ltr'>ut</span> <span class='ocrx_word' id='word_1_238' title='bbox 500 2060 567 2084; x_wconf 84' lang='lat' dir='ltr'>om.</span> <span class='ocrx_word' id='word_1_239' title='bbox 588 2056 620 2084; x_wconf 84' lang='lat' dir='ltr'><em>J</em></span> <span class='ocrx_word' id='word_1_240' title='bbox 727 2053 746 2084; x_wconf 88' lang='lat'>9</span> <span class='ocrx_word' id='word_1_241' title='bbox 779 2049 932 2084; x_wconf 86' lang='lat' dir='ltr'>fortuna</span> <span class='ocrx_word' id='word_1_242' title='bbox 957 2056 994 2084; x_wconf 91' lang='grc' dir='ltr'><em>Β</em></span> <span class='ocrx_word' id='word_1_243' title='bbox 1104 2054 1146 2085; x_wconf 93' lang='grc'>11</span> <span class='ocrx_word' id='word_1_244' title='bbox 1181 2060 1275 2094; x_wconf 85' lang='lat' dir='ltr'>quos</span> <span class='ocrx_word' id='word_1_245' title='bbox 1300 2055 1338 2084; x_wconf 90' lang='grc' dir='ltr'><em>Β</em></span> <span class='ocrx_word' id='word_1_246' title='bbox 1460 2052 1506 2084; x_wconf 81' lang='lat'>14</span> <span class='ocrx_word' id='word_1_247' title='bbox 1540 2058 1602 2083; x_wconf 88' lang='lat' dir='ltr'>ac-</span> 
     </span>
     <span class='ocr_line' id='line_1_33' title="bbox 229 2096 1602 2145; baseline 0 -13"><span class='ocrx_word' id='word_1_248' title='bbox 229 2096 367 2132; x_wconf 88' lang='lat' dir='ltr'>cuebat</span> <span class='ocrx_word' id='word_1_249' title='bbox 390 2102 444 2140; x_wconf 85' lang='lat' dir='ltr'>B;</span> <span class='ocrx_word' id='word_1_250' title='bbox 472 2097 685 2133; x_wconf 86' lang='lat' dir='ltr'>advehebat</span> <span class='ocrx_word' id='word_1_251' title='bbox 709 2104 749 2142; x_wconf 67' lang='lat'>1⁷3</span> <span class='ocrx_word' id='word_1_252' title='bbox 777 2097 963 2144; x_wconf 56' lang='lat' dir='ltr'>a3cuebat</span> <span class='ocrx_word' id='word_1_253' title='bbox 988 2104 1032 2133; x_wconf 88' lang='grc' dir='ltr'><em>Μ</em></span> <span class='ocrx_word' id='word_1_254' title='bbox 1113 2097 1292 2145; x_wconf 61' lang='grc' dir='ltr'>ἰὲηξίὶιυε</span> <span class='ocrx_word' id='word_1_255' title='bbox 1317 2103 1356 2132; x_wconf 91' lang='grc' dir='ltr'><em>Β</em></span> <span class='ocrx_word' id='word_1_256' title='bbox 1437 2096 1602 2132; x_wconf 70' lang='lat' dir='ltr'>laffinas</span> 
     </span>
    </p>
   </div>
   <div class='ocr_carea' id='block_1_5' title="bbox 227 2145 1606 2217">
    <p class='ocr_par' dir='ltr' id='par_1_7' title="bbox 227 2145 1606 2217">
     <span class='ocr_line' id='line_1_34' title="bbox 227 2145 1606 2217; baseline 0.001 -13"><span class='ocrx_word' id='word_1_257' title='bbox 227 2175 320 2214; x_wconf 66' lang='lat' dir='ltr'>mm</span> <span class='ocrx_word' id='word_1_258' title='bbox 345 2156 494 2217; x_wconf 58' lang='lat' dir='ltr'>lamffas</span> <span class='ocrx_word' id='word_1_259' title='bbox 519 2176 551 2204; x_wconf 81' lang='grc' dir='ltr'>,ι</span> <span class='ocrx_word' id='word_1_260' title='bbox 663 2145 752 2205; x_wconf 62' lang='lat' dir='ltr'>inde</span> <span class='ocrx_word' id='word_1_261' title='bbox 777 2176 814 2205; x_wconf 82' lang='lat' dir='ltr'><em>B</em></span> <span class='ocrx_word' id='word_1_262' title='bbox 929 2173 972 2205; x_wconf 80' lang='lat'>15</span> <span class='ocrx_word' id='word_1_263' title='bbox 1000 2170 1122 2205; x_wconf 71' lang='lat' dir='ltr'>omnis</span> <span class='ocrx_word' id='word_1_264' title='bbox 1147 2176 1185 2205; x_wconf 79' lang='lat' dir='ltr'><em>B</em></span> <span class='ocrx_word' id='word_1_265' title='bbox 1299 2173 1344 2205; x_wconf 87' lang='lat'>16</span> <span class='ocrx_word' id='word_1_266' title='bbox 1370 2169 1536 2205; x_wconf 77' lang='lat' dir='ltr'>libitinis</span> <span class='ocrx_word' id='word_1_267' title='bbox 1562 2174 1606 2206; x_wconf 75' lang='lat' dir='ltr'><strong><em>M</em></strong></span> 
     </span>
    </p>
   </div>
   <div class='ocr_carea' id='block_1_6' title="bbox 227 2217 1602 2458">
    <p class='ocr_par' dir='ltr' id='par_1_8' title="bbox 227 2217 1602 2458">
     <span class='ocr_line' id='line_1_35' title="bbox 229 2217 1602 2264; baseline -0.001 -11"><span class='ocrx_word' id='word_1_268' title='bbox 229 2219 283 2263; x_wconf 89' lang='lat' dir='ltr'>(m</span> <span class='ocrx_word' id='word_1_269' title='bbox 307 2229 409 2264; x_wconf 79' lang='lat' dir='ltr'>supr.</span> <span class='ocrx_word' id='word_1_270' title='bbox 436 2218 608 2254; x_wconf 82' lang='lat' dir='ltr'>libidinis</span> <span class='ocrx_word' id='word_1_271' title='bbox 644 2222 677 2254; x_wconf 80' lang='lat' dir='ltr'>et</span> <span class='ocrx_word' id='word_1_272' title='bbox 707 2220 749 2254; x_wconf 76' lang='lat' dir='ltr'>in</span> <span class='ocrx_word' id='word_1_273' title='bbox 780 2230 895 2264; x_wconf 72' lang='lat' dir='ltr'>mary.</span> <span class='ocrx_word' id='word_1_274' title='bbox 923 2219 1008 2254; x_wconf 84' lang='lat' dir='ltr'>add.</span> <span class='ocrx_word' id='word_1_275' title='bbox 1035 2219 1095 2253; x_wconf 90' lang='lat' dir='ltr'>vel</span> <span class='ocrx_word' id='word_1_276' title='bbox 1126 2218 1303 2254; x_wconf 90' lang='lat' dir='ltr'>libitinae</span> <span class='ocrx_word' id='word_1_277' title='bbox 1332 2218 1435 2263; x_wconf 88' lang='lat' dir='ltr'>quod</span> <span class='ocrx_word' id='word_1_278' title='bbox 1465 2217 1602 2253; x_wconf 89' lang='lat' dir='ltr'>melius</span> 
     </span>
     <span class='ocr_line' id='line_1_36' title="bbox 228 2266 1600 2313; baseline -0.001 -11"><span class='ocrx_word' id='word_1_279' title='bbox 228 2268 299 2313; x_wconf 88' lang='lat' dir='ltr'>est)</span> <span class='ocrx_word' id='word_1_280' title='bbox 399 2270 443 2302; x_wconf 90' lang='grc'>16</span> <span class='ocrx_word' id='word_1_281' title='bbox 477 2266 600 2302; x_wconf 81' lang='lat' dir='ltr'>choris</span> <span class='ocrx_word' id='word_1_282' title='bbox 627 2275 645 2309; x_wconf 75' lang='grc' dir='ltr'><strong><em>β</em></strong></span> <span class='ocrx_word' id='word_1_283' title='bbox 745 2270 788 2301; x_wconf 82' lang='grc'>17</span> <span class='ocrx_word' id='word_1_284' title='bbox 821 2266 945 2301; x_wconf 87' lang='lat' dir='ltr'>fumus</span> <span class='ocrx_word' id='word_1_285' title='bbox 973 2276 991 2309; x_wconf 76' lang='grc' dir='ltr'>β</span> <span class='ocrx_word' id='word_1_286' title='bbox 1091 2270 1135 2302; x_wconf 87' lang='grc'>18</span> <span class='ocrx_word' id='word_1_287' title='bbox 1168 2267 1315 2313; x_wconf 69' lang='grc' dir='ltr'>θείῑΞίη</span> <span class='ocrx_word' id='word_1_288' title='bbox 1341 2268 1378 2312; x_wconf 81' lang='grc'>(4</span> <span class='ocrx_word' id='word_1_289' title='bbox 1403 2267 1458 2302; x_wconf 84' lang='lat' dir='ltr'>vel</span> <span class='ocrx_word' id='word_1_290' title='bbox 1483 2268 1507 2302; x_wconf 91' lang='lat'><strong><em>5</em></strong></span> <span class='ocrx_word' id='word_1_291' title='bbox 1532 2266 1600 2301; x_wconf 80' lang='lat' dir='ltr'>litt.</span> 
     </span>
     <span class='ocr_line' id='line_1_37' title="bbox 227 2313 1602 2362; baseline -0.001 -12"><span class='ocrx_word' id='word_1_292' title='bbox 227 2316 292 2361; x_wconf 87' lang='lat' dir='ltr'>er.)</span> <span class='ocrx_word' id='word_1_293' title='bbox 311 2321 348 2350; x_wconf 92' lang='grc' dir='ltr'><em>Β</em></span> <span class='ocrx_word' id='word_1_294' title='bbox 446 2318 489 2350; x_wconf 90' lang='grc'>19</span> <span class='ocrx_word' id='word_1_295' title='bbox 522 2314 618 2362; x_wconf 63' lang='lat' dir='ltr'>haac</span> <span class='ocrx_word' id='word_1_296' title='bbox 643 2321 680 2350; x_wconf 91' lang='grc' dir='ltr'><em>Β</em></span> <span class='ocrx_word' id='word_1_297' title='bbox 776 2318 822 2350; x_wconf 80' lang='lat'>20</span> <span class='ocrx_word' id='word_1_298' title='bbox 849 2326 974 2350; x_wconf 90' lang='lat' dir='ltr'>meum</span> <span class='ocrx_word' id='word_1_299' title='bbox 1001 2316 1056 2351; x_wconf 80' lang='lat' dir='ltr'>bis</span> <span class='ocrx_word' id='word_1_300' title='bbox 1080 2321 1109 2349; x_wconf 85' lang='lat' dir='ltr'><em>V</em></span> <span class='ocrx_word' id='word_1_301' title='bbox 1201 2319 1246 2351; x_wconf 81' lang='grc'>21</span> <span class='ocrx_word' id='word_1_302' title='bbox 1274 2318 1361 2361; x_wconf 74' lang='lat' dir='ltr'>post</span> <span class='ocrx_word' id='word_1_303' title='bbox 1386 2313 1602 2350; x_wconf 85' lang='lat' dir='ltr'>aestimatio</span> 
     </span>
     <span class='ocr_line' id='line_1_38' title="bbox 228 2362 1602 2407; baseline -0.001 -8"><span class='ocrx_word' id='word_1_304' title='bbox 228 2363 315 2399; x_wconf 76' lang='lat' dir='ltr'>add.</span> <span class='ocrx_word' id='word_1_305' title='bbox 336 2362 462 2399; x_wconf 87' lang='lat' dir='ltr'>fuerat</span> <span class='ocrx_word' id='word_1_306' title='bbox 482 2370 526 2407; x_wconf 83' lang='lat' dir='ltr'>P,</span> <span class='ocrx_word' id='word_1_307' title='bbox 553 2363 619 2398; x_wconf 80' lang='lat' dir='ltr'>del.</span> <span class='ocrx_word' id='word_1_308' title='bbox 640 2375 739 2399; x_wconf 78' lang='lat' dir='ltr'>man.</span> <span class='ocrx_word' id='word_1_309' title='bbox 761 2366 784 2398; x_wconf 90' lang='lat'><em>3</em></span> <span class='ocrx_word' id='word_1_310' title='bbox 868 2367 912 2398; x_wconf 79' lang='lat'>24</span> <span class='ocrx_word' id='word_1_311' title='bbox 940 2362 1212 2399; x_wconf 80' lang='lat' dir='ltr'>conscientiam</span> <span class='ocrx_word' id='word_1_312' title='bbox 1242 2369 1271 2398; x_wconf 84' lang='lat' dir='ltr'><em>V</em></span> <span class='ocrx_word' id='word_1_313' title='bbox 1352 2374 1437 2398; x_wconf 87' lang='lat' dir='ltr'>cum</span> <span class='ocrx_word' id='word_1_314' title='bbox 1461 2374 1530 2399; x_wconf 89' lang='lat' dir='ltr'>om.</span> <span class='ocrx_word' id='word_1_315' title='bbox 1551 2367 1602 2407; x_wconf 71' lang='grc' dir='ltr'>Π,</span> 
     </span>
     <span class='ocr_line' id='line_1_39' title="bbox 227 2411 1323 2458; baseline -0.002 -9"><span class='ocrx_word' id='word_1_316' title='bbox 227 2423 328 2458; x_wconf 59' lang='lat' dir='ltr'>suffr.</span> <span class='ocrx_word' id='word_1_317' title='bbox 349 2426 392 2446; x_wconf 86' lang='lat' dir='ltr'>m</span> <span class='ocrx_word' id='word_1_318' title='bbox 491 2411 678 2447; x_wconf 81' lang='lat' dir='ltr'>conscius:</span> <span class='ocrx_word' id='word_1_319' title='bbox 707 2411 882 2457; x_wconf 87' lang='lat' dir='ltr'>congruit</span> <span class='ocrx_word' id='word_1_320' title='bbox 910 2411 973 2447; x_wconf 81' lang='lat' dir='ltr'>Gr.</span> <span class='ocrx_word' id='word_1_321' title='bbox 1075 2415 1119 2448; x_wconf 82' lang='lat'>27</span> <span class='ocrx_word' id='word_1_322' title='bbox 1146 2413 1278 2448; x_wconf 88' lang='lat' dir='ltr'>tenent</span> <span class='ocrx_word' id='word_1_323' title='bbox 1304 2420 1323 2455; x_wconf 75' lang='grc' dir='ltr'>β</span> 
     </span>
    </p>
   </div>
  </div>
 </body>
</html>
