1638 2560
492 107 813 144 DECLAMATIO
838 107 857 143 1
883 111 1026 144 14—16
1395 107 1450 149 17

66 225 342 278 perpetuitate
372 223 579 276 dirigeret.
640 223 844 263 simulasti
874 223 1014 274 itaque
1046 222 1283 263 caecitatem
1314 224 1367 272 et,
1402 235 1452 262 ne

67 285 169 338 quid
191 285 335 327 sceleri
356 284 483 337 impio
509 284 677 334 deesset,
700 284 839 324 mariti
863 285 927 323 tui
951 296 1092 324 cruore
1116 283 1264 324 lusisti„
1316 284 1453 324 omnia

66 347 148 388 tibi
175 345 387 398 conposita
425 348 548 397 atque
585 345 779 392 simulata
816 347 911 385 sunt
948 358 1022 397 per
1059 344 1189 384 otium
1226 346 1268 384 et
1305 344 1452 384 securi-

68 410 217 458 tatem,
245 409 458 458 tamquam
489 406 618 446 scelus
649 406 939 446 transferretur
968 405 1145 458 ingenio.
1207 418 1314 445 nunc
1345 406 1452 445 enim

10 482 51 510 :5
67 471 118 510 tu
146 468 351 519 innocens,
382 467 481 519 quia
510 467 690 520 privigni
714 466 876 520 gladius
907 467 951 505 111
981 467 1160 516 vulnere,
1192 468 1288 518 quia
1319 467 1453 518 paries

69 530 316 570 cruentatus.
359 528 437 568 hoc
461 527 644 568 sufficere
663 530 881 579 utrumque
906 527 1056 567 iudicio
1082 526 1287 578 putabas?
1331 540 1454 578 quam

68 590 183 631 facili
211 591 416 630 momento
449 601 593 629 causae
624 590 713 628 fata
743 590 975 638 vertantur,
1015 588 1124 639 quod
1155 588 1298 628 fecisse
1329 589 1454 628 etiam

68 651 105 693 is
134 651 264 692 scelus
295 651 530 702 frequenter
560 650 749 690 inventus
781 651 843 689 est
874 651 946 700 qui
977 648 1194 689 obiciebat!

161 711 241 752 Sed
272 724 426 761 causas,
455 712 611 762 inquit,
648 711 860 762 parricidii
889 712 967 750 iste
998 710 1143 750 habuit
1174 724 1294 762 quem
1324 711 1453 750 iratus

14 788 52 817 ιο
69 774 188 825 pater
216 773 261 812 in
291 774 488 813 secretam
513 772 655 812 domus
686 773 845 823 partem
875 771 1141 823 relegaverat.
1184 771 1349 811 mulier!
1380 771 1455 810 illa

68 835 243 874 forsitan
273 834 500 886 ignominia
523 833 716 873 felicioris
741 832 948 872 videretur
973 845 1058 872 esse
1086 832 1277 885 privigni.
1329 832 1454 872 caeci-

69 895 170 935 tatis
199 894 440 934 beneficium
471 896 545 944 est,
576 907 668 934 cum
698 893 764 932 illi
794 896 993 934 secretum
1024 893 1156 933 datur.
1219 906 1242 932 o
1273 894 1455 944 praecla-

67 969 160 996 ram
194 956 302 996 senis
339 955 486 1007 optimi
523 954 850 1008 singularemque
890 954 1103 1006 pietatem!
1145 968 1268 1005 quam
1304 953 1454 993 blando

69 1016 141 1057 ille
172 1015 355 1068 seposuit
383 1016 576 1055 miserum
607 1016 743 1055 suum!
781 1028 904 1066 quam
936 1015 1154 1067 diligenter
1184 1015 1320 1055 uxoris
1356 1028 1455 1067 gau-

16 1093 52 1121 15
70 1077 204 1118 dentis
228 1077 399 1117 exclusit
416 1077 572 1117 oculos!
605 1090 727 1127 quam
746 1077 876 1116 multo
902 1089 1065 1116 caecum
1088 1076 1243 1127 pudore
1269 1076 1455 1115 donavit!

72 1135 125 1179 ‘si
154 1134 340 1188 felicior',
369 1138 522 1189 inquit,
556 1134 701 1177 ‘essem
730 1139 858 1188 pater,
891 1150 966 1189 ego
998 1137 1075 1176 tibi
1106 1138 1244 1188 potius
1276 1136 1457 1176 cederem

70 1199 190 1239 domo
214 1200 315 1239 tota.
365 1211 473 1238 nunc
496 1200 619 1238 miser
643 1199 758 1237 illam
783 1211 937 1250 occupa
960 1200 1133 1249 partem,
1162 1198 1206 1236 in
1232 1211 1314 1249 qua
1338 1210 1456 1237 nemo

70 1263 114 1300 te
138 1260 289 1310 videat,
318 1259 364 1298 in
388 1273 514 1311 quam
539 1260 649 1299 solus
674 1272 749 1311 ego
774 1260 945 1299 veniam.
997 1259 1080 1298 sint
1104 1259 1212 1299 circa
1235 1261 1277 1298 te
1306 1259 1457 1298 servuli

70 1321 220 1361 fideles.
283 1333 365 1360 non
391 1321 580 1373 'gemitus
617 1322 709 1360 tuos
752 1319 893 1360 audiat
930 1320 1163 1371 quisquam,
1206 1333 1288 1359 non
1331 1319 1458 1359 flebili

15 1396 55 1423 so
71 1394 254 1422 maerore
272 1383 476 1433 pascatur.
520 1381 625 1420 nihil
644 1383 706 1421 est
732 1381 840 1431 quod
864 1383 906 1420 te
932 1381 1126 1420 sollicitet
1151 1381 1457 1420 conversatione

71 1439 229 1484 nostri?
285 1444 487 1482 secretum
532 1442 640 1493 quod
684 1442 874 1481 caecitati
916 1443 1166 1493 praestatur,
1206 1441 1297 1480 ideo
1340 1454 1456 1492 prae-

73 1505 219 1553 statur,
249 1505 298 1543 ut
327 1503 461 1543 minus
494 1504 604 1543 oculi
635 1503 923 1542 desiderentur.

163 1564 327 1615 Aliquis
359 1563 448 1603 odit
477 1564 607 1603 filium
639 1576 802 1603 caecum
826 1565 868 1602 et
891 1563 967 1603 hac
992 1564 1154 1602 tantum
1179 1563 1336 1603 ultione
1363 1576 1457 1603 con·
1478 1563 1530 1600 16

73 1626 211 1665 tentus
243 1627 323 1676 est,
359 1626 407 1664 ut
437 1625 501 1663 illi
537 1625 725 1677 adsignet
756 1624 936 1675 quietam
974 1626 1016 1663 et
1045 1623 1265 1674 sepositam
1304 1626 1346 1663 et
1376 1637 1458 1663 me-

16 1701 55 1728 2⁶
74 1686 219 1725 liorem
255 1686 397 1726 domus
435 1687 604 1736 partem.
666 1683 756 1725 ita?
794 1698 869 1738 ego
900 1686 958 1724 sic
995 1685 1302 1737 intellegebam:
1341 1685 1459 1735 quasi

75 1746 302 1796 abdicares,
340 1747 458 1797 quasi
490 1746 719 1797 expelleres.
775 1746 905 1785 iratus
943 1745 1073 1798 igitur
1105 1759 1224 1785 senex
1254 1748 1367 1785 tenet
1398 1746 1459 1784 iu-

74 1820 218 1847 venem
249 1819 368 1847 suum
391 1807 507 1847 velut
537 1808 730 1847 interiore
763 1807 960 1858 conplexu
993 1808 1034 1845 et
1065 1820 1090 1847 a
1120 1807 1259 1846 limine
1293 1806 1427 1846 obstat
1440 1805 1460 1844 ἶ)

172 1927 195 1960 2
221 1923 371 1960 sceleri:
405 1923 558 1959 sceleris
582 1929 662 1958 ΒΜ
763 1923 821 1958 tui
852 1934 920 1958 om.
941 1929 1035 1967 8113
1067 1924 1111 1958 tu
1141 1929 1210 1958 ΠΙ
1315 1922 1459 1958 lusisti:

74 1971 263 2019 parietem
286 1971 403 2008 lisisti
428 1978 485 2016 M,
521 1971 657 2019 (linisti
681 1974 737 2018 m)
836 1974 858 2006 3
885 1971 1124 2016 dissimulata
1151 1978 1193 2006 Β
1288 1976 1311 2007 4
1336 1973 1458 2007 trans-

73 2033 219 2081 feietur
236 2051 275 2081 Β
347 2049 368 2080 6
390 2049 476 2091 post
496 2046 715 2080 cruentatus
741 2044 828 2080 add.
850 2046 909 2080 est
934 2053 954 2087 β
1028 2048 1050 2080 8
1075 2044 1126 2080 is:
1153 2044 1214 2079 his
1235 2051 1272 2079 Β
1345 2048 1365 2079 9
1391 2055 1459 2090 pa-

75 2093 222 2130 ricidiis
246 2099 285 2129 Β
378 2093 499 2130 habui
523 2099 562 2128 B
667 2097 713 2128 10
743 2092 974 2139 religaverat
999 2099 1027 2127 V
1110 2092 1322 2149 ’mulierum
1347 2099 1418 2128 ΒΓ

76 2178 163 2215 illa:
195 2178 272 2215 ista
295 2185 329 2214 J
437 2182 481 2214 11
514 2177 708 2214 feliciorus
735 2184 778 2214 Μ
887 2182 931 2213 12
963 2153 1213 2214 benefiffimm
1239 2184 1290 2222 B,
1323 2189 1415 2214 corr.
1438 2185 1461 2212 ιι

80 2231 127 2263 13
152 2226 476 2274 singularemque:
505 2237 700 2272 -aremque
726 2238 771 2263 ex
795 2231 1006 2263 correctura
1032 2228 1091 2273 (ex
1116 2226 1290 2273 singulae
1298 2225 1331 2273 ,9)
1355 2232 1391 2261 Β

77 2275 221 2311 blande
247 2281 311 2318 My
411 2279 455 2311 14
487 2286 720 2321 quamquam
752 2275 958 2322 diligenter
990 2275 1104 2312 deleto
1131 2276 1260 2321 priore
1286 2285 1401 2320 quam
1428 2281 1464 2309 Β

82 2328 126 2361 17
158 2323 229 2360 illa
253 2330 324 2359 BV
430 2327 475 2360 19
506 2323 630 2359 fidelis
655 2330 693 2359 Β
788 2326 877 2360 tuus
904 2330 941 2359 Β
1050 2328 1095 2360 22
1130 2323 1393 2359 desiderentur
1417 2335 1462 2358 ea·

78 2374 211 2408 ·antur
241 2379 270 2407 V
379 2377 427 2408 24
459 2373 628 2418 quietem
653 2379 691 2408 Β
715 2373 791 2419 (sed
815 2384 907 2409 corr.
931 2374 974 2408 in
1001 2374 1036 2418 a)
1064 2378 1132 2408 Jls
1255 2376 1300 2407 25
1328 2371 1461 2407 domus

80 2432 127 2457 ex
152 2420 307 2461 domum
332 2427 376 2458 Μ
470 2425 515 2457 27
542 2421 762 2457 interiorem
793 2428 838 2464 Vs
858 2423 963 2468 (corr.
985 2423 1018 2467 s)

152 2488 369 2521 varmxx
387 2495 662 2515 nncnmnoxxs
683 2489 730 2515 ed.
750 2489 774 2514 L
784 2497 799 2514 e
807 2490 828 2514 h
835 2497 856 2514 11
864 2497 879 2515 e
887 2497 902 2514 x
910 2492 930 2514 t.
1219 2485 1239 2516 2
