1638 2560
190 132 248 175 50
660 125 804 162 MILES
829 121 1088 160 MARIANVS

191 247 266 285 hoc
297 244 521 295 exemplum
550 243 591 283 in
624 242 809 281 neutram
839 239 995 290 partem
1026 237 1160 288 potest
1189 235 1328 277 taceri.
1379 235 1558 286 cogitare

194 307 345 346 certum
376 306 436 344 est
465 304 508 343 id
540 314 746 353 quemque,
784 312 874 341 cum
904 298 1077 347 iudicat,
1111 296 1283 348 probare
1314 294 1412 347 quid
1441 294 1486 335 in
1515 307 1559 338 re

194 366 314 406 simili
349 367 435 416 ipse
471 364 639 404 fecisset.
703 360 885 400 omnibus
926 360 1032 398 enim
1073 357 1126 398 ad
1166 357 1282 397 virile
1319 355 1448 396 'robur
1486 368 1560 406 per

194 426 409 477 pueritiam
444 425 522 464 iter
559 425 635 472 est,
680 423 720 460 et
756 422 839 460 iam
878 421 1018 460 contra
1060 418 1271 458 libidinem
1313 416 1559 458 maturuisse

194 500 272 526 non
291 486 462 536 prodest.
512 494 747 534 recognosce
766 481 1012 520 incrementa
1030 481 1103 518 tua
1128 480 1169 518 et
1189 479 1401 518 honestam
1419 477 1560 519 tantae
1598 487 1614 516 5

194 545 462 598 magnitudini
492 542 726 583 memoriam
755 543 949 593 pristinae
979 540 1202 580 tenuitatis.
1252 539 1338 579 sine
1366 537 1488 578 dubio
1519 539 1560 579 te

195 607 245 646 ad
275 607 338 645 tot
370 605 600 645 consulatus
626 605 666 643 et
691 604 800 641 actos
828 602 898 642 aut
923 601 1146 640 destinatos
1170 599 1396 650 triumphos
1423 598 1562 640 divina.

194 668 320 706 virtus
358 668 431 705 tua
469 665 642 704 sustulit.
705 663 904 702 memento
941 663 1096 711 tamen,
1134 662 1175 701 et
1205 662 1252 699 tu
1285 659 1359 701 sub
1397 659 1560 700 tribuno

194 727 397 776 militasti,
434 738 506 764 nec
538 724 589 763 ad
619 724 694 763 hoc
730 723 940 774 fastigium
971 721 1183 773 dignitatis
1219 722 1307 761 tam
1336 719 1451 760 brevi
1483 719 1564 760 tibi

195 789 329 827 venire
361 786 605 838 contigisset,
636 784 670 824 si
702 796 788 823 sero
821 783 1027 834 coepisses.
1579 791 1617 823 ,ιο

284 847 426 888 Dicam
462 857 568 884 nunc
603 857 676 897 ego
713 844 972 895 praecipuam
1009 855 1164 893 semper
1202 854 1338 881 curam
1369 841 1562 883 Romanis

195 908 371 947 moribus
408 906 626 957 pudicitiae
662 903 811 944 fuisse?
872 904 1043 943 referam
1073 903 1304 942 Lucretiam
1335 914 1439 953 quae
1470 914 1564 943 con-

197 969 281 1007 dito
311 970 354 1007 in
384 968 536 1006 viscera
567 978 639 1005 sua
669 966 773 1004 ferro
805 978 976 1015 poenam
1007 977 1032 1003 a
1064 976 1105 1004 se
1142 964 1393 1004 necessitatis
1430 964 1565 1015 exegit

198 1030 250 1078 et,
282 1030 331 1067 ut
357 1041 477 1078 quam
501 1027 678 1077 primum
702 1025 869 1076 pudicus
896 1026 1052 1064 animus
1079 1037 1103 1063 a
1128 1024 1287 1075 polluto
1313 1036 1478 1074 corpore
1503 1036 1562 1063 se-

197 1090 420 1139 pararetur,
452 1100 493 1126 se
524 1089 613 1137 ipsa
644 1087 850 1137 percussit,
883 1086 979 1136 quia
1011 1086 1283 1135 corruptorem
1315 1097 1397 1125 non
1423 1084 1564 1135 patuit
1582 1094 1618 1126 15

199 1147 401 1188 occidere?
463 1148 496 1187 si
528 1159 632 1186 nunc
663 1147 795 1197 placet
825 1146 903 1186 tibi
932 1146 1066 1195 miles,
1098 1145 1195 1196 quid
1227 1158 1301 1197 ego
1332 1144 1565 1198 Virginium

198 1222 355 1248 narrem
392 1209 461 1259 qui
498 1207 603 1247 filiae
641 1207 935 1259 virginitatem,
980 1220 1059 1257 qua
1097 1206 1184 1245 sola
1219 1207 1397 1257 poterat,
1434 1207 1564 1247 morte

199 1269 377 1309 defendit
422 1270 662 1319 raptumque
706 1267 753 1306 de
803 1268 983 1318 proximo
1033 1267 1184 1306 ferrum
1234 1279 1315 1307 non
1363 1266 1566 1306 recusanti

198 1330 354 1380 puellae
385 1327 607 1368 immersit?
657 1328 795 1367 divisit
825 1328 887 1366 illi
919 1328 1048 1368 solum
1073 1326 1252 1378 Appium
1284 1340 1404 1378 quem
1428 1328 1566 1367 tamen

199 1390 371 1440 populus
412 1389 614 1428 Romanus
658 1389 874 1428 secessione
916 1401 940 1426 a
979 1388 1163 1439 patribus
1208 1389 1248 1427 et
1290 1399 1416 1439 prope
1454 1387 1566 1429 civili
1585 1397 1622 1426 πο

198 1450 302 1488 bello
339 1451 567 1500 persecutus
605 1449 647 1487 in
685 1449 847 1488 vincula
884 1448 976 1488 duci
1017 1450 1165 1500 coegit3
1207 1461 1337 1500 neque
1377 1448 1463 1489 ulla
1502 1460 1565 1487 res

199 1512 286 1548 tum
329 1511 454 1561 magis
499 1509 816 1561 indignationem
859 1509 986 1559 plebis
1031 1509 1248 1560 commovit
1292 1521 1412 1560 quam
1458 1508 1567 1560 quod

201 1570 436 1620 pudicitiam
475 1570 628 1608 auferre
666 1571 936 1620 temptaverat
972 1570 1079 1608 filiae
1117 1570 1271 1611 militis.
1334 1569 1432 1609 haec
1473 1570 1568 1608 sunt

200 1630 378 1679 honesta,
408 1630 506 1668 haec
537 1630 737 1669 narranda
762 1631 1001 1669 feminarum
1027 1631 1218 1681 exempla.
1268 1643 1363 1669 nam
1387 1631 1568 1670 virorum

203 1703 303 1740 quae
340 1690 534 1740 pudicitia
572 1692 648 1739 est,
685 1691 763 1728 nisi
800 1703 878 1729 non
918 1689 1196 1741 corrumpere?
1258 1703 1339 1730 non
1377 1691 1431 1730 sit
1466 1690 1568 1731 mihi
1586 1700 1623 1727 25

203 1750 371 1789 forsitan
415 1750 659 1800 querendum
702 1750 877 1789 adversis
923 1751 1084 1790 auribus
1128 1751 1278 1791 saeculi
1321 1752 1364 1790 in
1406 1752 1569 1793 tantum

202 1811 304 1848 vitia
324 1823 511 1861 regnare,
542 1812 588 1849 ut
620 1810 797 1850 obscenis
824 1811 1111 1861 cupiditatibus
1143 1814 1291 1852 natura
1316 1813 1491 1861 cesserit,
1522 1813 1569 1850 ut

202 1870 369 1920 pollutis
399 1870 441 1908 in
472 1870 684 1909 femineam
721 1883 846 1921 usque
878 1872 1117 1921 patientiam
1153 1872 1351 1922 maribus,
1388 1873 1571 1912 incurrat

302 1964 320 1996 1
348 1962 523 1996 neutrum
550 1967 585 1995 P
713 1965 732 1996 2
760 1973 844 1996 cum
869 1963 911 1998 in
935 1975 1007 1999 ras.
1028 1969 1065 1998 Β
1186 1963 1294 2008 quid:
1322 1963 1425 2010 quod
1450 1969 1479 1998 V

205 2013 226 2045 3
253 2007 368 2044 simili
394 2020 438 2044 eoe
462 2008 514 2044 -le
534 2015 570 2043 Β
641 2013 662 2044 4
689 2009 766 2044 iam
791 2021 846 2045 om
878 2017 910 2045 J
982 2015 1000 2046 7
1029 2012 1159 2047 auctos
1189 2018 1243 2046 vd*
1313 2023 1361 2048 au
1380 2018 1427 2057 B,
1454 2013 1521 2047 aut
1546 2018 1570 2046 b

207 2060 251 2092 10
277 2056 439 2102 cepisset
465 2063 500 2092 P
583 2061 625 2092 11
652 2058 914 2104 precipu'ciam
938 2066 975 2094 Β
1057 2070 1186 2095 curam
1210 2071 1277 2097 om.
1299 2066 1343 2096 Μ
1426 2063 1470 2096 12
1496 2060 1569 2096 Lu—

205 2104 365 2140 cretIam
384 2111 421 2139 Β
516 2116 588 2149 quo
615 2112 647 2140 J
742 2109 784 2140 13
813 2117 834 2141 a
860 2118 926 2143 om.
954 2114 981 2142 V
1074 2111 1119 2143 14
1139 2112 1226 2154 post
1250 2110 1289 2144 et
1314 2120 1362 2145 e‘r.
1390 2119 1413 2145 a
1437 2115 1476 2144 Β

208 2157 251 2189 16
277 2152 475 2201 boccidere
500 2159 536 2187 Β
619 2165 717 2188 nunc
743 2166 786 2190 eac
810 2166 886 2190 non
904 2162 958 2199 B3
984 2156 1042 2191 vel
1067 2168 1142 2191 non
1168 2169 1268 2203 supr.
1287 2171 1331 2193 m
1415 2156 1573 2206 plasscet

204 2207 242 2237 Β
317 2200 391 2236 tibi
414 2200 541 2246 placet
566 2207 593 2234 V
689 2202 904 2248 Virginium
928 2210 956 2238 V
1056 2209 1097 2240 17
1124 2208 1284 2242 mortem
1308 2211 1346 2241 Β
1443 2209 1488 2242 18
1513 2215 1572 2241 re-
1635 2236 1638 2245 .

207 2248 374 2293 cusssanti
399 2255 436 2284 Β
515 2252 557 2283 19
584 2249 723 2295 Apium
748 2257 817 2285 BV
894 2255 939 2287 20
967 2263 1005 2288 a:
1034 2255 1055 2288 a
1081 2260 1132 2296 B,
1159 2265 1244 2290 cum
1275 2260 1303 2288 V
1371 2253 1482 2290 civile
1506 2259 1578 2290 BV

207 2299 312 2343 (corr.
333 2297 370 2343 υ)
457 2300 500 2332 22
528 2298 607 2331 tam
633 2307 651 2339 β
737 2299 927 2348 coffiossuit
951 2307 988 2334 Β
1071 2312 1186 2347 quam
1211 2303 1330 2348 quod:
1357 2313 1434 2348 qua
1458 2302 1500 2338 id
1523 2307 1572 2347 Β,

206 2357 297 2382 corr.
319 2352 342 2380 b
440 2348 484 2380 23
510 2346 752 2390 temptaverit
777 2356 796 2389 β
893 2351 938 2382 26
964 2346 1142 2400 forsitant
1167 2357 1204 2385 Β
1288 2351 1427 2387 aversis
1455 2358 1477 2386 ς·

209 2421 253 2453 27
279 2395 373 2454 ηεΨε,
396 2423 448 2462 Β;
473 2418 631 2452 naturae
658 2425 693 2452 P
