1638 2560
472 119 793 157 DECLAMATIO
819 118 924 156 xvn
939 123 1050 156 ‹6—8.
1208 115 1213 119 ·
1368 100 1464 162 307’

74 235 297 278 auotoritas
329 236 400 287 qui
432 235 565 276 filium
596 235 776 276 occidere
809 235 964 275 vocatis
1001 235 1239 286 plerumque
1277 235 1458 288 gravita-

73 300 157 338 tem
194 298 300 338 sicut
336 296 604 337 abdicationis
642 295 980 346 emendationem,
1025 296 1132 336 sicut
1167 295 1326 346 reliqua
1364 309 1456 347 sup-

72 359 198 411 plicia
233 358 373 398 nOstra
409 357 580 397 rationis
620 358 753 397 fronte
792 356 1008 408 protegitis
1053 358 1298 407 cunctosque
1340 370 1457 408 prae-

72 419 230 472 rigidae
259 420 408 459 mentis
441 418 622 458 adfectus
647 418 845 458 vocabulo
871 417 1056 457 molliore
1088 417 1236 457 lenitis.
1285 430 1359 458 nos
1384 430 1457 457 nec

37 495 54 523 s
73 481 211 520 felices
241 480 398 519 facinus
429 478 540 519 istud
574 491 786 531 possumus
819 478 1027 529 concipere
1058 491 1132 518 nec
1162 479 1312 518 miseri.
1375 492 1458 518 non

73 541 316 594 perveniunt
352 540 405 580 ad
441 540 556 580 nefas
592 540 705 580 istud
741 551 815 579 nec
852 540 1122 580 necessitates.
1186 539 1316 579 omnis
1355 540 1457 579 citra

74 601 395 653 desperationem
420 601 546 651 dolor,
565 602 628 640 ira
652 601 890 652 languescit.
936 601 977 639 et
997 602 1151 650 quanto
1178 600 1235 639 dii
1263 599 1457 651 deaeque!

74 662 294 713 difficilius,
326 663 362 702 si
391 664 557 713 paretur
588 663 674 701 sine
700 661 871 711 conscio,
903 661 988 700 sine
1013 661 1214 711 ministro,
1244 662 1457 712 totumque

72 724 230 764 facinus
261 724 302 763 et
332 724 513 762 animum
543 722 618 762 filii
649 723 791 773 poscat
822 724 864 760 et
893 720 1067 761 manus?
1113 723 1316 761 memento
1342 723 1456 762 cuius

19 799 55 826 ιο
75 784 227 825 obicias
257 783 526 823 immanitatis
558 784 778 833 horrorem,
808 785 967 834 patrem
993 782 1172 822 occidere
1198 782 1312 822 velle.
1363 783 1458 823 hinc

74 847 237 885 tantum
269 845 418 897 accipis
450 845 568 894 vires,
599 847 648 884 ut
678 845 782 883 mori
812 844 942 894 possis
976 843 1256 895 deprehensus.

165 901 239 944 ‘Vt
270 902 440 955 sciatis',
470 905 617 956 inquit,
650 901 806 944 ‘verum
839 916 922 944 esse
955 904 1063 954 quod
1095 903 1238 954 obicio,
1271 907 1312 943 et
1344 904 1457 943 abdi—

75 979 165 1007 care
191 963 330 1006 volui?
382 978 463 1005 non
487 968 634 1016 potest,
664 967 792 1017 pater,
824 964 981 1004 efficere
1013 965 1238 1016 pertinacia
1264 965 1458 1016 querendi

75 1038 200 1080 genus
231 1026 493 1078 probationis.
556 1028 623 1076 tu,
662 1039 753 1066 cum
785 1025 901 1065 dicis:
942 1022 1067 1066 ‘filius
1097 1039 1162 1065 me
1193 1026 1324 1075 voluit
1355 1027 1458 1065 occi-

21 1102 56 1129 15
76 1084 198 1138 dere’,
229 1087 380 1127 videris
411 1086 489 1127 tibi
519 1088 651 1127 facere
682 1086 885 1139 prioribus
916 1086 1116 1126 iudicibus
1147 1086 1357 1137 invidiam,
1392 1100 1458 1125 ex—

75 1149 267 1188 clamare:
293 1144 381 1188 ‘vos
407 1147 558 1199 faciles,
582 1160 655 1188 vos
680 1147 956 1187 misericordes
981 1147 1088 1186 hunc
1118 1148 1220 1186 mihi
1243 1147 1412 1187 redditis
1420 1144 1455 1186 ’θ’

166 1208 245 1249 Sed
281 1208 580 1259 iniquissimum
619 1211 697 1259 est,
741 1210 788 1247 ut
831 1208 1034 1247 abdicatio
1072 1221 1175 1259 quae
1207 1221 1280 1247 nec
1311 1208 1355 1247 in
1392 1210 1455 1248 sui
1480 1215 1504 1252 8

74 1269 207 1310 valuit
237 1269 442 1319 effectum,
478 1269 598 1309 fidem
629 1271 774 1308 maiori
806 1269 966 1308 crimini
1002 1270 1190 1319 praestet.
1253 1281 1334 1308 non
1366 1281 1456 1308 sum

74 1343 165 1370 reus
203 1330 446 1381 inexplorati
483 1330 669 1382 pudoris,
707 1343 781 1369 nec
819 1331 912 1368 ante
953 1331 1045 1368 acta
1082 1331 1193 1369 vitae
1230 1341 1343 1368 meae
1382 1329 1455 1368 sub

20 1406 56 1432 20
74 1391 269 1430 hodierna
305 1392 481 1442 primum
519 1391 591 1430 lite
627 1392 866 1430 tractantur.
929 1390 1088 1428 felicior
1127 1390 1359 1429 innocentia
1397 1392 1458 1429 est

75 1453 179 1491 citra
209 1453 475 1503 suspiciones,
514 1452 662 1491 certior
692 1453 786 1502 post
815 1453 984 1490 reatum.
1050 1452 1091 1488 et
1122 1452 1319 1501 quantum
1352 1451 1457 1489 infa-

74 1513 179 1552 miae
210 1514 421 1564 praestant
452 1511 628 1562 obiecta‚
666 1512 761 1550 dum
799 1513 963 1562 nutant,
1002 1511 1242 1550 tantundem
1281 1511 1455 1551 auctori-

74 1573 173 1613 tatis
205 1573 392 1613 absoluta
422 1574 653 1612 restituunt.
718 1585 769 1611 an
801 1572 955 1612 scilicet
985 1574 1198 1623 superatus
1231 1574 1292 1611 est
1322 1573 1456 1624 gratia

76 1635 209 1684 pater,
248 1634 290 1672 et
321 1632 430 1684 apud
461 1645 573 1672 senes
612 1635 652 1672 et
690 1632 798 1684 apud
835 1634 1023 1683 parentes
1062 1633 1306 1672 auctoritate
1340 1645 1455 1684 prae-

20 1708 55 1735 25
75 1692 216 1734 valui?
263 1693 441 1733 viderint
466 1695 543 1744 qui
568 1693 868 1733 calamitatibus
900 1695 982 1732 suis
1015 1695 1072 1733 sic
1102 1692 1379 1744 blandiuntur,
1410 1695 1456 1733 ut

76 1754 153 1794 sibi
179 1754 356 1794 adfuisse
383 1754 548 1793 credant
572 1754 901 1804 misericordiam,
932 1755 1126 1804 favorem,
1157 1753 1264 1793 filius
1290 1767 1315 1793 a
1339 1756 1455 1805 patre

76 1815 234 1854 delatus
272 1827 481 1866 nunquam
517 1815 670 1866 poterit
707 1815 888 1866 superior
927 1827 1010 1854 esse
1055 1816 1135 1854 nisi
1167 1827 1298 1854 causa.
1361 1828 1456 1855 sane

75 1878 212 1915 tamen
242 1875 431 1925 feramus,
462 1877 509 1915 ut
539 1876 672 1927 prima
703 1875 955 1917 abdicatione
987 1888 1067 1914 non
1100 1876 1293 1927 egesseris
1323 1877 1456 1915 totum

76 1936 273 1986 dolorem⁷
309 1936 441 1975 multa
477 1935 555 1974 tibi
592 1936 640 1975 de
679 1936 912 1975 criminibus
948 1936 1048 1975 meis
1084 1936 1324 1976 verecundia
1362 1949 1455 1987 que-

172 2081 193 2112 2
219 2076 483 2112 abdicationes
513 2075 579 2112 Gr.
678 2080 701 2111 4
726 2075 883 2112 meliore
910 2082 953 2111 Μ
1037 2079 1058 2110 6
1086 2075 1199 2111 citra:
1228 2076 1360 2111 contra
1389 2076 1454 2112 Gr.

78 2152 96 2184 7
116 2135 309 2196 languescit
330 2155 367 2183 Β
452 2149 505 2184 et:
528 2147 558 2201 9
573 2154 610 2183 Ρ
675 2152 696 2184 8
717 2136 919 2184 consciOB
990 2148 1140 2184 conscio
1162 2148 1259 2183 sine:
1283 2148 1454 2184 conscisi.

74 2208 123 2233 ne
141 2203 171 2231 V
232 2196 364 2234 mistro
378 2203 416 2232 B
484 2199 527 2232 10
548 2195 678 2232 occide
697 2203 726 2232 V
789 2201 832 2233 11
855 2196 1171 2243 deprehensissB
1238 2200 1282 2232 13
1302 2196 1408 2232 nolui
1422 2203 1459 2232 P

77 2249 122 2281 16
148 2244 262 2282 facile
288 2257 375 2281 suos
401 2251 451 2290 M,
478 2257 569 2282 corr.
591 2259 633 2280 m
717 2249 761 2281 18
788 2245 956 2281 criminis
981 2251 1010 2279 V
1103 2248 1149 2280 20
1173 2244 1412 2303 innoaecentior
1432 2253 1457 2279 σ

1251 2301 1276 2319 5

77 2333 120 2365 21
149 2330 249 2366 circa
288 2329 521 2376 suspiciones
553 2335 580 2364 V
710 2334 754 2366 22
786 2331 985 2376 praestans
1011 2335 1063 2374 B3
1095 2316 1293 2376 praestafft
1325 2331 1381 2375 (nt
1412 2330 1455 2363 in

75 2379 164 2424 ras.)
185 2383 229 2413 Ι
334 2377 425 2414 dum
450 2379 605 2414 nutant:
639 2378 820 2414 damnato
850 2378 914 2414 Gr.
1014 2379 1155 2413 nutunt
1179 2384 1217 2413 B
1325 2379 1454 2413 aucto-

76 2426 170 2462 ritas
197 2426 372 2463 absolnto
402 2427 465 2464 Gr.
543 2430 587 2462 24
615 2427 882 2463 auctoritatem
908 2433 945 2461 B
1024 2430 1068 2462 28
1095 2437 1219 2462 nonne
1244 2425 1406 2472 gesseris
1430 2431 1459 2459 V

1163 2486 1234 2521 20*
