1638 2560
489 99 809 136 DECLAMATIO
835 100 906 136 XV
930 103 1037 138 6-8,
1356 100 1446 144 283

63 215 173 256 diem
207 215 384 268 pervigil
422 216 581 255 amator
616 216 792 267 expecto.
854 227 1021 267 possum
1058 215 1272 267 navigare,
1317 215 1446 255 colere

63 277 214 326 terras,
256 275 413 316 sufficio
456 276 647 325 militiae,
690 275 871 316 redditus
914 275 1015 315 mihi
1058 278 1119 315 est
1164 275 1324 315 animus
1366 289 1446 326 quo

64 336 202 377 fierem
248 337 439 387 maritus,
489 349 568 387 quo
618 336 815 375 senectuti
870 335 1087 387 liberisque
1143 333 1442 388 prospicerem.’

66 398 280 448 quantum,
335 396 394 436 dii
448 396 644 448 deaeque,
704 396 926 436 remedium
981 397 1234 436 condicione.
1271 396 1446 436 bibentis

23 471 46 498 5
67 455 225 498 valuit?
284 457 437 497 fecerat
496 459 539 497 te
599 458 736 508 potius
799 459 881 498 ista
942 457 1118 506 felicem,
1180 459 1216 497 si
1277 457 1447 497 divitem

63 518 212 569 puella.
273 519 334 558 ita
365 518 431 557 vel
466 517 543 557 hoc
579 531 660 557 non
698 518 848 567 solum,
887 517 1059 568 iudices,
1093 518 1446 558 innocentissimae

62 579 225 630 puellae
266 591 341 630 pro
379 577 610 618 defensione
654 578 856 618 sufficeret
892 579 1002 630 quod
1041 578 1146 618 nihil
1186 578 1283 618 fecit
1324 591 1447 618 causa

63 638 167 679 sua?
227 642 452 678 amatorem
482 638 653 688 dimisit,
686 639 880 690 explicuit
910 640 984 679 illa
1016 652 1119 690 quae
1151 641 1315 690 captare
1348 639 1446 679 dici-

62 701 144 750 tur,
180 701 227 739 ut
263 701 432 749 ametur,
470 712 574 750 quae
611 699 823 749 sollicitat,
861 712 965 751 quae
997 700 1220 751 corrumpit
1252 700 1445 739 adfectus.

9 773 46 801 ιο
62 760 241 813 ingrate,
273 762 427 812 quanta
459 760 507 800 de
537 762 579 800 te
616 761 795 811 potuerit
833 761 964 813 gloria
997 759 1106 799 frui?
1168 773 1250 800 non
1282 760 1446 811 quidem

63 821 220 861 confers
256 821 408 872 pretia,
444 834 525 860 non
562 821 706 871 stipes,
745 821 814 860 sed
845 820 1022 870 adsides‚
1060 821 1255 872 sequeris,
1293 822 1447 870 haeres,-

62 883 246 932 praestas
271 881 523 931 comitatum,
548 882 741 931 favorem,
767 881 909 921 laudas
934 882 1096 932 ubique,
1123 882 1295 922 miraris.
1351 882 1446 921 hinc

64 954 160 994 ergo
190 942 275 981 iam
311 941 607 991 meretricibus,
639 942 747 992 quod
783 942 877 981 illas
909 944 1033 982 etiam
1066 955 1264 993 pauperes
1298 944 1445 991 ament,

64 1002 174 1053 quod
209 1002 328 1042 facile
365 1004 624 1054 contingant,
662 1002 769 1053 quod
807 1002 1011 1042 laboribus
1044 1006 1259 1042 exorentur
1298 1002 1446 1042 adeun-

8 1075 44 1103 15
63 1063 180 1113 tium,
212 1056 468 1114 (invidiam)
498 1063 633 1111 facies,
663 1062 729 1102 hic
761 1066 931 1113 amator,
962 1066 1009 1103 ut
1039 1063 1187 1103 divites
1219 1066 1368 1113 ament,
1400 1064 1446 1102 in

62 1125 213 1163 crimen
242 1125 464 1163 maximum
489 1125 629 1175 captas
660 1124 880 1164 transferre
911 1123 1175 1164 beneficium?
1225 1126 1271 1163 ut
1296 1125 1445 1174 aliquis

64 1193 199 1224 amare
230 1183 399 1233 desinat,
430 1197 512 1223 non
543 1185 623 1224 nisi
655 1184 704 1223 ab
737 1187 900 1224 amante
930 1186 1172 1236 praestatur.

154 1243 261 1291 Quid
297 1244 374 1295 ais,
414 1243 601 1284 iuvenis?
662 1246 722 1284 ita
759 1245 900 1284 bibisti
936 1247 1144 1296 potionem
1182 1258 1285 1296 quae
1322 1245 1444 1284 finem
1468 1244 1492 1280 8

63 1304 354 1356 cupiditatibus
386 1305 512 1354 daret,
542 1307 743 1356 premeret
769 1306 965 1356 ardorem,
997 1306 1197 1346 desideria
1222 1306 1445 1358 restingue·

8 1378 45 1404 so
62 1364 153 1405 ret?
214 1365 299 1415 abi,
335 1366 494 1415 recede,
538 1366 635 1405 dum
674 1366 834 1417 puellae
874 1366 1037 1417 publico
1078 1368 1235 1419 generis
1276 1367 1446 1406 humani

62 1427 225 1466 nomine
262 1426 415 1479 gratias
455 1428 612 1478 agimus
650 1426 760 1477 quod
796 1427 872 1466 hoc
908 1426 997 1466 fieri
1033 1439 1150 1477 posse
1189 1426 1444 1466 monstravit.

61 1487 177 1526 furor
206 1487 277 1526 ille
309 1488 392 1538 qui,
424 1488 459 1526 si
490 1487 699 1537 credimus,
735 1488 902 1526 numina
934 1501 1094 1539 quoque
1126 1487 1312 1527 detracta
1341 1487 1446 1527 side·

61 1546 175 1587 ribus
205 1548 319 1587 misit
348 1549 392 1587 in
422 1549 565 1597 terras,
597 1548 667 1598 qui
692 1547 741 1586 de
766 1548 890 1588 sacris
916 1548 1235 1599 venerandisque
1266 1549 1445 1600 pigneri-

61 1607 137 1648 bus
167 1609 349 1647 monstra
381 1609 630 1648 commentus
662 1610 741 1657 est,
780 1608 900 1647 ardor
931 1608 1002 1660 qui
1039 1608 1203 1648 miscuit
1233 1609 1445 1649 hominum

7 1680 43 1707 25
63 1668 320 1719 ferarumque
346 1668 595 1718 concubitus,
626 1669 789 1718 ferrum,
814 1670 934 1721 ignis,
963 1670 1140 1709 claustra
1165 1669 1341 1719 laxabat,
1372 1683 1446 1721 per

61 1730 276 1768 interiecta
318 1729 402 1768 late
445 1730 575 1769 maria
618 1729 817 1781 fugiebat,
862 1731 1041 1780 vetatur,
1086 1730 1203 1780 perit.
1273 1730 1444 1781 accipite

64 1789 173 1840 quod
209 1789 340 1841 magis
382 1789 560 1829 debeatis
606 1791 785 1840 stupere,
828 1790 986 1830 mirari:
1030 1790 1251 1830 remedium
1296 1790 1444 1830 amoris

62 1849 209 1889 mulier
238 1851 407 1889 invenit.
470 1849 639 1890 desinite
670 1863 776 1890 nunc
806 1852 1006 1890 incestum
1039 1852 1201 1899 timere,
1239 1852 1444 1900 mortales,

161 2017 182 2049 2
207 2015 349 2050 terram
374 2020 411 2048 P
507 2017 529 2048 4
554 2024 671 2060 quam
695 2015 734 2050 te
760 2020 851 2058 Βης
878 2016 1021 2060 quante
1048 2021 1076 2049 V
1169 2014 1381 2051 conditioni
1406 2023 1443 2059 ρς

63 2073 143 2098 -3111
167 2070 196 2098 d*
314 2066 335 2098 5
367 2061 475 2108 potio
508 2068 552 2097 ,11
668 2062 784 2098 istam
815 2069 853 2098 Β
973 2067 995 2098 7
1027 2063 1179 2109 puellae
1211 2074 1280 2100 om.
1308 2069 1351 2099 Μ

63 2114 86 2146 8
118 2110 266 2147 dimisit
296 2112 335 2146 et
366 2110 552 2157 explicuit
576 2116 621 2146 Μ
758 2115 801 2147 11
835 2111 976 2157 pretia:
1011 2111 1184 2158 praemia
1209 2120 1230 2155 β
1358 2115 1447 2158 post

63 2159 190 2206 pretia
213 2171 288 2195 ras.
315 2165 344 2194 V
436 2158 624 2195 adsidisse
650 2159 842 2205 quaereris
869 2161 952 2195 erat
976 2166 1028 2204 Βς
1054 2160 1249 2196 absedisse
1275 2160 1443 2207 quereris

62 2207 171 2244 heret
194 2213 235 2251 νς
261 2207 442 2244 3331111333
467 2207 635 2254 quereris
660 2208 770 2244 heres
796 2216 824 2243 σ
920 2212 964 2243 12
991 2208 1099 2244 favor
1123 2211 1182 2244 est
1206 2215 1234 2243 V
1326 2208 1445 2244 lauda

62 2261 134 2292 BV
194 2256 386 2292 miseraris
411 2262 440 2291 V
510 2260 555 2292 14
581 2256 754 2303 contigat
778 2265 799 2299 β
874 2260 918 2292 15
944 2256 1130 2293 invidiam
1155 2258 1242 2294 add.
1263 2257 1370 2294 Dese.

62 2303 153 2340 hinc
178 2312 201 2340 e·
275 2308 319 2339 19
345 2305 593 2351 restringeret
617 2310 646 2339 V
721 2309 764 2341 21
793 2315 952 2352 agamus
979 2311 1023 2340 Μ
1099 2309 1144 2341 23
1170 2305 1395 2352 pignoribus
1421 2311 1450 2338 V

64 2356 111 2389 25
136 2352 244 2400 ignes
265 2358 354 2396 nau·
458 2356 504 2388 26
530 2352 730 2389 interiecta
757 2362 794 2389 e:
822 2353 998 2389 interrita
1023 2369 1053 2388 ω
1160 2353 1287 2390 laetae
1313 2360 1350 2388 B

63 2401 227 2447 accipite
241 2422 287 2428 —
300 2401 447 2438 invenit
472 2402 494 2438 1.
514 2404 567 2438 28
591 2412 661 2438 om.
681 2410 702 2444 β
812 2405 858 2438 28
884 2401 1047 2437 desinite
1066 2424 1106 2428 —
1122 2401 1300 2439 mortales
1326 2413 1394 2437 om.
1415 2407 1449 2436 J
