1638 2560
501 115 820 153 DEGLAMATIO
846 115 916 151 ΧΠ
935 118 1088 152 11—13.
1394 103 1484 158 229

106 233 311 273 existimas
347 232 452 271 hanc
489 232 635 284 legatis
673 230 761 270 dari
792 230 987 281 peccandi
1023 230 1248 279 licentiam,
1283 230 1330 267 ut
1363 241 1485 279 quae-

105 306 261 345 cunque
286 293 438 333 scelera
462 292 505 331 in
531 305 578 331 eo
604 291 737 331 officio
770 293 1067 341 commiserunt,
1093 304 1185 330 cum
1209 291 1273 330 his
1299 288 1485 328 omnibus

103 354 180 395 hac
210 367 293 394 una
329 354 417 406 lege
449 350 663 392 decidant?
726 365 749 391 o
780 352 951 391 nimium
981 351 1242 391 invidendam
1279 350 1398 389 huius
1429 350 1485 389 le-

105 414 281 467 gationis
319 413 612 462 condicionem,
644 414 680 452 si
709 412 786 452 tibi
819 414 860 452 et
889 413 1039 452 famem
1076 413 1233 451 remisit
1270 413 1312 450 et
1341 411 1485 462 legem.

69 487 86 515 ⁵
196 474 276 515 Sed
313 475 530 515 erraverim
574 486 688 523 sane,
724 475 782 523 et,
821 473 917 524 quia
947 473 1109 512 nullum
1139 474 1182 511 in
1220 473 1308 512 foro
1346 472 1485 511 nostro

104 535 300 576 iudicium
336 535 434 584 fuit,
466 535 728 574 desuetudine
759 534 849 602 ipsa
879 535 970 574 iura
1002 533 1233 573 exciderint.
1285 531 1486 583 quomodo

104 596 235 649 legem
265 608 400 636 meam
436 594 609 648 effugis?
670 608 766 634 nam
802 595 881 634 nisi
914 595 1034 634 malis
1073 597 1234 645 stupeo,
1273 593 1351 632 duo
1390 593 1486 632 sunt
1505 592 1560 629 13

105 658 267 697 omnino
293 669 397 708 quae
420 656 464 695 in
490 655 687 696 eiusmodi
719 655 883 695 crimine
910 655 1051 706 quaeri
1082 655 1256 694 soleant.
1292 667 1343 698 an
1375 654 1487 692 laesa

105 718 159 757 sit
188 717 428 768 respublica,
461 730 512 756 an
542 717 592 756 ab
625 729 671 756 eo
699 718 770 767 qui
802 716 999 768 arguitur,
1030 716 1151 755 laesa.
1202 717 1246 754 in
1272 699 1417 766 quibus
1451 714 1486 753 si

50 791 86 818 ιο
105 778 201 829 quid
233 778 312 818 tibi
343 778 514 817 fiduciae
540 778 694 827 fuisset,
725 790 806 816 non
832 790 857 816 a
883 777 1116 816 criminibus
1143 776 1313 815 crimina
1345 774 1485 825 appel-

104 839 209 879 lares
240 851 314 878 nec
346 838 398 878 ad
429 839 601 877 alteram
631 850 804 888 poenam
834 838 1121 890 transfugeres,
1153 837 1222 877 sed
1252 838 1293 876 te
1326 835 1376 875 ab
1409 836 1487 875 hac

108 913 210 950 quae
242 899 480 949 intenditur,
511 900 691 938 tuereris.

196 960 298 1000 Dico
329 960 483 1000 laesam
515 972 599 999 esse
627 959 931 1009 rempublicam.
983 959 1164 998 oratione
1189 958 1255 997 hic
1282 969 1382 1008 opus
1415 958 1488 1006 est,

107 1022 180 1060 aut
203 1021 453 1071 reliquorum
483 1032 594 1059 more
626 1021 906 1060 accusatorum
935 1020 1011 1058 hoc
1035 1032 1142 1058 nunc
1167 1019 1269 1058 mihi
1295 1030 1489 1068 quaeren-

53 1092 87 1120 15
107 1081 204 1120 dum
242 1081 443 1132 quomodo
479 1093 543 1120 res
581 1080 714 1120 verbis
754 1078 1029 1133 adgravetur?
1091 1079 1191 1119 adeo
1229 1078 1391 1118 infirma
1430 1079 1490 1117 est

107 1141 404 1181 calamitatium
422 1140 644 1181 memoria?
677 1154 780 1191 quae
806 1142 841 1180 si
865 1142 1002 1191 posset
1027 1140 1220 1189 excidere,
1245 1153 1326 1179 non
1351 1141 1489 1178 tamen

106 1202 309 1242 narranda
327 1202 455 1252 vobis,
482 1201 551 1242 sed
567 1201 814 1241 ostendenda
834 1203 922 1241 erat
939 1202 1060 1240 ruina
1083 1200 1258 1251 publica.
1305 1199 1490 1252 agedum,

107 1263 142 1302 si
173 1263 345 1313 videtur,
377 1266 490 1302 extra
520 1264 659 1314 portas
690 1263 910 1313 prospicite
943 1262 1129 1312 squalida
1160 1274 1257 1300 arva
1290 1263 1330 1300 et
1362 1261 1489 1311 spinis

107 1324 258 1363 obsitas
290 1325 445 1376 segetes
485 1325 526 1362 et
563 1335 735 1363 semesos
773 1323 964 1362 arborum
1002 1324 1177 1362 truncos.
1240 1321 1374 1360 viduis
1407 1321 1490 1360 cul-

53 1396 88 1423 so
106 1385 194 1424 tore
233 1385 342 1437 agris
381 1386 518 1424 errant
550 1397 574 1422 a
604 1384 712 1423 fame
743 1385 882 1423 nostra
913 1384 1145 1422 innocentes
1183 1383 1310 1431 ferae,
1349 1383 1490 1421 inanes

107 1445 228 1484 villae
255 1446 362 1495 sunt,
389 1446 430 1484 et
449 1445 607 1484 deserta
626 1444 770 1484 horrea
788 1445 831 1483 in
850 1445 1012 1483 ruinam
1030 1444 1310 1494 procumbunt.
1353 1442 1488 1482 nullus

107 1505 277 1545 inversis
315 1508 453 1545 aratro
492 1505 621 1557 glebis
660 1517 824 1555 campus
856 1506 980 1554 nitet,
1018 1504 1177 1543 nullum
1209 1504 1340 1543 solum
1372 1516 1491 1553 opere

106 1568 338 1606 renovatur.
399 1567 483 1604 iam
527 1567 568 1605 et
604 1566 647 1604 in
691 1567 924 1616 sequentem
968 1578 1119 1604 annum
1162 1565 1311 1604 famem
1354 1565 1489 1603 timeo.

107 1626 234 1665 redite
271 1627 315 1665 in
353 1626 492 1666 domos
530 1628 704 1676 vestras,
741 1626 930 1666 videbitis
971 1626 1111 1665 noxios
1150 1626 1260 1664 focos
1299 1626 1340 1664 et
1376 1625 1490 1676 ignes

53 1698 88 1725 25
107 1686 203 1726 tabo
237 1687 479 1726 cadaverum
511 1688 707 1726 extinctos
755 1688 796 1726 et
825 1688 934 1726 tecta
971 1686 1168 1725 mortibus
1206 1686 1366 1738 gravia,
1399 1698 1491 1724 cum

108 1748 282 1787 maxime
324 1748 535 1787 inferimus
585 1748 629 1786 in
673 1747 850 1787 tumulos
895 1760 984 1787 ossa
1034 1746 1257 1797 insepulta,
1307 1746 1490 1784 ducimus

108 1810 270 1858 opertas
309 1809 515 1858 exequias,
554 1810 595 1847 et
633 1808 684 1847 ad
723 1809 975 1858 sepulturam
1014 1807 1176 1847 residua
1217 1807 1490 1856 conferuntur,

109 1870 150 1907 et
180 1868 345 1908 tandem
378 1868 575 1908 cadavera
605 1869 692 1920 igni
723 1869 1008 1919 permittimus.
1059 1868 1129 1906 ubi
1154 1881 1249 1907 vero
1282 1868 1490 1907 universas

108 1928 286 1969 familias
329 1929 456 1968 fames
501 1929 689 1979 extinxit,
736 1943 838 1980 quae
876 1942 969 1979 pars
1008 1929 1185 1968 maxima
1227 1930 1305 1978 est,
1349 1929 1497 1970 inanes.

54 2001 90 2028 30
109 1990 251 2030 domus
283 1991 407 2029 situm
439 1990 608 2039 ducunt,
642 1991 777 2029 iacent
807 1991 972 2029 relictae
1005 1991 1090 2029 sine
1121 1988 1264 2028 herede
1297 1988 1488 2028 sarcinae.

207 2109 229 2141 5
254 2104 402 2140 nullum
428 2116 494 2141 om.
515 2111 549 2140 J
619 2106 747 2141 nostro
774 2117 842 2141 om.
865 2111 907 2140 M
980 2108 999 2140 7
1026 2116 1151 2141 meam
1171 2116 1239 2141 om.
1255 2110 1305 2149 M,
1332 2115 1433 2150 supr.
1449 2117 1491 2138 m

110 2156 132 2189 8
159 2163 257 2199 quae
285 2153 341 2190 in:
376 2153 557 2199 quoniam
583 2160 620 2188 P
716 2157 760 2189 10
787 2153 859 2189 tibi
886 2165 954 2189 orm.
974 2160 1007 2189 .1
1102 2153 1324 2189 criminibus
1350 2164 1395 2187 επ
1421 2151 1491 2187 cri-

109 2201 283 2238 menibus
308 2208 346 2237 Β
463 2205 506 2237 12
533 2202 735 2238 tuerereris
760 2208 797 2237 B
911 2205 954 2237 13
982 2213 1063 2237 esse
1090 2214 1157 2238 om.
1180 2211 1199 2244 β
1317 2204 1361 2235 14
1388 2210 1491 2235 more

110 2260 178 2286 om.
199 2256 236 2285 Β
334 2254 378 2286 15
404 2250 596 2286 infirmata
622 2256 684 2292 My
784 2254 827 2286 16
856 2249 1120 2286 calamitatum
1147 2256 1215 2285 Md
1311 2252 1354 2284 17
1381 2248 1490 2283 nobis

111 2303 200 2341 Μβσ
293 2302 337 2334 18
365 2298 437 2333 sibi
464 2299 614 2334 videtur
638 2305 692 2344 Βς
719 2299 751 2333 si
775 2298 848 2334 tibi
873 2298 1024 2334 videtur
1050 2305 1093 2334 M
1184 2301 1227 2333 19
1255 2297 1418 2333 obsistas
1445 2302 1491 2339 B,

112 2381 128 2405 s
154 2370 220 2406 del.
242 2377 266 2405 b
383 2374 428 2406 20
455 2373 564 2407 erant
589 2377 626 2406 B
740 2375 783 2406 21
811 2370 927 2406 nullis
953 2377 990 2406 Β
1105 2375 1150 2407 26
1180 2357 1346 2413 maximg
1372 2375 1398 2403 1·

112 2421 157 2454 28
182 2419 409 2454 tantundem
434 2426 503 2454 BV
