1638 2560
118 697 143 734 4

169 102 257 145 304
601 84 848 149 VENENVM
873 97 1106 134 EFFVSVM

169 215 371 256 miseritus
402 216 492 264 mei,
523 215 723 254 miseritus
754 214 895 263 patris,
928 225 1018 251 cum
1043 212 1090 250 de
1122 211 1353 263 praeteritis
1384 211 1541 262 prospi-

170 289 315 326 cerem,
353 276 485 327 iurgia
522 277 608 313 tam
645 275 767 326 longa
805 286 926 324 quam
963 273 1109 324 vitam,
1141 268 1329 325 (vitare)
1364 271 1541 322 captavi,

169 337 315 386 fateor,
359 349 516 374 omnem
560 347 765 374 occursum
804 346 921 384 quem
963 333 1064 372 mihi
1100 332 1268 373 videbar
1286 344 1540 384 sexasperare

168 397 411 448 praesentia,
450 409 629 445 exorare,
667 395 761 434 dum
797 395 963 444 morior,
1003 397 1043 433 et
1082 396 1294 444 tamquam
1330 393 1542 434 novissimi

166 457 337 496 ambitus
369 469 493 508 genus
526 457 763 507 excogitavi,
796 457 841 494 ut
871 468 934 494 me
966 455 1009 493 in
1040 455 1233 494 honorem
1264 454 1326 494 sui
1356 466 1539 494 reveren·
1567 454 1593 494 ‘5

164 519 342 567 tiamque
372 519 606 567 pereuntem
637 517 693 555 sic
725 515 854 555 odisse
887 515 1102 565 desineret,
1141 514 1344 566 quomodo
1375 526 1538 566 parcere

166 578 266 617 solet
295 579 358 616 ira
395 577 561 616 cedenti.
624 589 703 616 non
741 576 862 615 habet
893 576 1019 615 alium
1051 589 1175 627 quam
1212 576 1355 615 mortis
1387 574 1540 615 exitum

165 638 271 677 filius
303 638 374 688 qui
403 650 475 676 nec
510 637 761 676 reconciliari
791 638 926 687 potest
957 649 1029 676 nec
1062 636 1252 676 abdicari.

257 698 358 736 Erat
382 699 425 736 in
450 697 566 736 domo
592 699 730 736 nostra
755 698 878 748 locus,
910 699 953 736 in
980 710 1099 747 quem
1124 696 1357 737 secedebam
1384 709 1541 747 semper

165 771 265 808 reus,
297 759 339 796 in
373 771 490 808 quem
514 758 743 797 revertebar
769 757 987 808 absolutus,
1020 758 1194 808 querelis
1218 758 1318 797 meis
1342 757 1539 797 lacn'mis-
1559 770 1595 797 ιο

166 832 241 869 que
272 819 353 857 iam
385 819 574 867 conscius,
606 819 649 856 in
681 832 799 868 quem
831 830 872 857 se
904 818 1047 858 ferant.
1098 819 1141 857 in
1172 819 1292 869 hunc,
1323 830 1405 858 non
1433 819 1539 857 tam-

167 892 286 929 quam
324 879 526 918 custodiae
563 880 691 929 patris
722 880 974 929 inponerem,
1011 892 1107 918 nam
1139 879 1238 930 quid
1267 880 1399 930 possit
1427 879 1540 918 inve-

165 940 244 977 niri
276 952 353 989 quo
385 952 464 978 non
501 952 564 978 me
597 940 798 990 captantis
831 940 986 990 aliquid
1017 939 1313 991 deprehendere
1352 951 1448 979 cura
1479 951 1539 979 se-

168 1002 364 1050 queretur,
397 999 465 1039 sed
497 1000 600 1039 sicut
630 1000 761 1040 solent
793 1000 863 1050 qui
894 1001 1041 1040 inmori
1072 1001 1229 1051 volunt,
1261 1000 1427 1052 pudore,
1457 1012 1539 1039 non

165 1061 238 1109 ira,
271 1060 318 1099 ab
352 1061 533 1100 omnibus
566 1073 667 1110 quae
698 1060 940 1100 videbantur
970 1063 1202 1112 avocatur-a,
1234 1061 1388 1101 secessi.
1443 1073 1539 1099 nam
1559 1073 1594 1100 15

167 1133 237 1159 nec
275 1121 482 1171 placuerat
525 1121 654 1160 exitus
692 1134 816 1173 genus
863 1123 1093 1172 querulum,
1137 1122 1434 1161 tumultuosum
1467 1123 1539 1160 aut

168 1180 273 1230 quod
304 1181 451 1219 faceret
481 1181 685 1221 invidiam.
749 1181 816 1221 sed
850 1183 948 1232 quid
979 1183 1079 1221 mihi
1110 1185 1246 1222 tecum
1279 1182 1341 1222 est
1371 1181 1539 1234 integri-

166 1240 263 1280 tatis
300 1242 424 1279 nimia
462 1241 729 1292 simplicitas?
789 1255 870 1281 non
900 1245 1019 1293 putat
1051 1256 1091 1282 se
1130 1255 1247 1295 posse
1282 1242 1538 1293 deprehendi,

167 1301 346 1351 quisquis
372 1314 569 1341 venenum
600 1305 718 1352 parat
745 1303 831 1352 ipse
863 1305 1043 1353 poturus.
1094 1306 1205 1343 totus
1232 1303 1358 1343 oculis
1384 1303 1537 1343 animo-

167 1374 242 1411 que
274 1374 486 1401 ccnversus
517 1363 731 1402 haerebam
762 1364 883 1403 miser
908 1364 950 1402 in
976 1377 1094 1414 opere
1119 1364 1329 1413 moriendi,
1359 1376 1433 1403 nec
1457 1363 1537 1402 dis·
1557 1377 1593 1403 20

166 1422 321 1472 simulo,
353 1435 444 1461 cum
470 1423 642 1473 quadam
669 1425 943 1473 cunctatione,
979 1438 1069 1464 cum
1101 1437 1226 1476 mora,
1258 1424 1381 1464 sicuin'
1410 1424 1538 1464 bonae

168 1483 431 1521 conscientiae
462 1484 572 1522 lenta
597 1497 716 1533 mors,
747 1497 820 1523 nec
851 1486 1064 1535 praecipiti
1096 1499 1168 1536 per
1193 1498 1382 1536 suprema
1412 1485 1538 1535 trepi-

167 1542 327 1581 datione
358 1543 569 1593 festinant,
602 1557 700 1594 quos
731 1545 806 1583 hoc
837 1546 966 1584 solum
998 1546 1106 1596 quod
1137 1547 1200 1585 sui
1230 1546 1441 1594 miserent,
1475 1556 1538 1584 oc-

168 1602 275 1640 cidit.
328 1602 428 1641 abiit
457 1617 528 1653 per
558 1605 703 1643 tacitas
736 1607 1039 1655 conquestiones
1071 1619 1184 1646 mens
1215 1608 1259 1645 in
1285 1605 1420 1646 obitus
1445 1617 1538 1644 con-

167 1663 428 1712 templatione
459 1665 604 1713 posita,
637 1666 677 1704 et
707 1666 903 1706 hausurus
928 1668 1135 1716 potionem
1161 1679 1241 1718 qua
1265 1667 1541 1706 renuntiarem
1559 1678 1594 1705 25

167 1722 284 1761 rebus
316 1723 518 1773 humanis,
550 1726 678 1763 totam
710 1726 817 1776 apud
848 1739 889 1765 se
920 1727 1128 1778 repetebat
1161 1728 1320 1767 animus
1352 1728 1540 1766 innocen-

167 1783 268 1821 tiam
306 1795 436 1833 suam,
480 1797 570 1822 cum
607 1787 723 1836 pater
760 1789 957 1826 secretum
996 1788 1103 1838 quod
1140 1801 1213 1839 per
1252 1787 1540 1838 inpatientiam

267 1901 283 1932 1
312 1893 500 1953 miseritus
527 1900 581 1935 bis
605 1906 655 1944 B,
683 1901 857 1936 misertus
883 1908 960 1944 1331
1029 1891 1141 1952 patus
1167 1910 1205 1938 B
1229 1904 1336 1949 (corr.
1357 1903 1413 1949 ⁶)3
1437 1902 1540 1948 patri

168 1952 212 1981 M
256 1957 470 1992 prospicere
489 1954 527 1982 Β
574 1952 594 1982 2
621 1948 708 1983 vita'
730 1955 758 1983 Γ
801 1950 920 1986 vitare
944 1951 1029 1986 add.
1050 1952 1156 1988 Dess.
1174 1963 1213 1997 p.
1230 1954 1282 1987 87
1332 1955 1352 1987 3
1373 1961 1539 1986 omnem:

166 1993 358 2029 hominem
377 2001 428 2040 Β;
454 1995 674 2040 hominist}
700 1997 863 2032 hominis
890 2009 1038 2034 omnem
1058 2001 1163 2036 Dese.
1253 2004 1275 2035 6
1301 1999 1483 2047 parcere}
1501 2005 1546 2034 M

170 2082 189 2114 7
217 2078 384 2114 cedentis
405 2094 429 2114 α
491 2083 511 2115 8
537 2057 770 2129 τεοοᾷιοίᾘεηὶ
791 2088 828 2116 Β
890 2086 933 2118 10
960 2084 1180 2130 querelis—
1195 2084 1429 2130 imponerem
1455 2084 1541 2119 &12

167 2138 234 2163 om.
257 2133 299 2161 11
404 2131 491 2173 post
515 2128 709 2164 absolutus
736 2130 822 2166 add.
844 2142 928 2166 reus
955 2140 1015 2174 αβε
1116 2132 1245 2178 ᾷτθΠὶε
1271 2138 1309 2168 Β
1418 2135 1461 2168 11
1489 2143 1541 2168 am

167 2175 328 2210 consciis
353 2174 374 2210 .9
442 2179 485 2211 12
511 2176 705 2222 imponere
731 2187 777 2220 αβ
850 2180 916 2224 qui
937 2186 985 2224 M,
1012 2191 1103 2217 corr.
1124 2196 1166 2216 m
1242 2184 1287 2216 13
1312 2192 1373 2217 me
1391 2191 1460 2217 om.
1481 2186 1545 2216 Βσ

169 2226 214 2258 14
240 2223 355 2260 sicut:
383 2223 415 2258 si
441 2224 573 2259 dicunt
598 2232 677 2270 ΒΓς
705 2226 817 2262 sicuti
843 2234 885 2262 M
961 2229 1055 2263 mori
1083 2236 1125 2264 M
1207 2233 1250 2264 19
1278 2229 1408 2265 oculus
1433 2235 1471 2264 Β

147 2275 211 2316 ,21
239 2271 432 2318 quandam
451 2279 488 2307 Β
607 2273 706 2309 bona
733 2276 770 2310 et
795 2281 877 2320 Βῐ’;
903 2275 1000 2312 bone
1026 2288 1094 2312 om.
1117 2283 1167 2322 M,
1192 2289 1293 2323 supr.
1314 2291 1357 2312 m
1381 2281 1416 2313 et
1439 2289 1465 2323 p
1491 2288 1540 2313 er.

167 2323 213 2355 22
239 2320 357 2368 mossrs
382 2326 420 2356 Β
492 2324 537 2355 23
564 2321 788 2358 miserentur
807 2330 850 2358 M
921 2328 966 2359 24
993 2325 1234 2372 conplatione
1254 2332 1292 2361 Β
1363 2328 1408 2360 25
1430 2335 1542 2360 ausu-

165 2403 229 2427 rus
256 2407 280 2427 α
376 2380 634 2429 Υθηῧηοίαΐθηι
661 2401 697 2429 Β
793 2399 837 2431 26
864 2397 985 2431 totum
1012 2404 1039 2431 V
1130 2399 1337 2444 reputabat
1361 2403 1442 2433 ΒΜ
