1638 2560
188 116 276 158 296
707 112 846 148 AMICI
871 111 1049 147 VADEs.

187 231 292 270 illud
329 230 539 269 exclamet:
582 229 710 268 filium
747 240 880 267 meum
919 226 1062 265 civitas
1102 226 1316 277 peregrina
1352 225 1560 276 sollicitat,

189 293 236 330 ut
273 303 456 330 amoenos
495 290 626 329 nescio
665 289 777 327 cuius
814 299 990 326 recessus
1029 286 1136 326 orbis
1179 287 1312 336 petat,
1356 285 1560 326 debilitati

189 364 300 391 meae
338 350 540 390 subtrahit
576 350 770 388 humeros.
833 347 989 387 iuvenis
1026 359 1141 386 meus
1174 346 1390 386 abducitur
1423 359 1559 386 amore

189 411 407 451 meretricis
439 412 480 450 et
511 410 560 449 ab
599 410 740 449 officiis
779 408 956 448 civitatis
987 408 1099 447 vitiis
1138 406 1388 447 abstrahitur
1425 407 1558 447 oculo·

188 486 288 511 rum.
352 471 546 510 eiusmodi
577 471 729 522 gemitu
760 469 889 508 filium
920 481 1079 507 necesse
1112 470 1174 507 est
1203 469 1475 519 persequaris,
1512 469 1560 508 ut
1596 481 1614 508 5

191 532 296 582 quod
327 531 516 581 detineor,
548 531 677 570 obiter
708 533 748 569 et
777 542 907 580 poena
939 529 1002 568 sit.
1058 542 1140 567 non
1170 529 1272 568 facit
1300 529 1382 568 ista.
1411 528 1478 568 lex
1508 528 1560 568 ad

189 593 333 631 liberos
366 592 434 642 qui
465 591 738 630 misericordia
766 591 1007 630 detinentur.
1058 591 1106 628 ut
1135 590 1255 640 turpe
1287 590 1342 629 sit
1367 588 1476 640 quod
1498 602 1560 628 re-

190 653 298 702 cedo,
328 654 371 691 in
404 665 449 691 eo
481 654 640 691 tantum
672 654 749 701 est,
781 651 832 690 ad
864 664 985 701 quem
1015 652 1208 700 revertor,
1240 651 1292 701 et,
1326 651 1374 689 ut
1403 650 1560 690 facinus

190 714 243 752 sit
283 713 426 752 relicta
468 714 615 762 mater,
664 725 744 751 non
786 712 942 750 faciunt
984 711 1063 750 nisi
1107 723 1250 751 causae
1293 710 1559 761 relinquendi.

188 774 306 812 homo
340 774 409 823 qui
440 773 491 812 ad
522 775 737 823 tyrannum
768 773 960 821 revertor,
997 772 1032 811 si
1062 771 1171 811 malo
1204 772 1338 811 animo
1376 771 1561 822 relinquo
1581 784 1619 811 10

189 835 377 883 matrem,
415 833 560 885 dignus
593 846 680 872 sum
713 834 784 884 qui
821 832 1013 872 detinear.
1076 845 1157 871 non
1190 833 1251 881 est
1283 832 1422 883 itaque
1453 831 1562 882 quod

132 908 134 910 ’
191 894 355 933 subinde
387 893 557 932 nominis
589 894 714 932 vestri
744 893 952 943 beneficia,
984 894 1126 942 mater,
1158 905 1356 945 opponas,
1387 904 1468 932 non
1500 893 1562 932 est

192 954 299 1004 quod
330 954 483 993 vilitati
518 956 612 992 tuae
650 954 735 993 fieri
773 956 907 1006 putes,
946 955 979 992 si
1018 953 1215 993 credimus
1247 965 1332 993 esse
1369 954 1412 992 in
1442 952 1561 993 rebus

190 1014 375 1053 humanis
408 1016 448 1053 et
480 1015 651 1054 alterum
683 1015 881 1062 affectum,
915 1014 1093 1054 amicitia
1125 1015 1204 1065 est,
1241 1015 1276 1054 si
1307 1027 1432 1065 quam
1461 1013 1563 1053 mihi

190 1075 350 1114 videtur
380 1076 525 1114 natura
557 1076 819 1126 excogitasse,
851 1076 897 1114 ut
929 1076 1033 1114 coire
1064 1076 1237 1114 invicem
1270 1076 1400 1126 possit
1429 1076 1563 1114 totum
1583 1088 1620 1115 15

191 1135 397 1174 hominum
427 1148 569 1186 genus,
605 1148 707 1185 quae
739 1136 829 1175 ideo
861 1136 1040 1174 nondum
1072 1136 1178 1175 circa
1209 1148 1251 1176 80
1282 1137 1395 1175 tenet
1425 1147 1564 1174 omnes

193 1195 494 1245 admirationes,
533 1197 627 1246 quia
663 1198 752 1235 tota
789 1209 868 1236 non
907 1197 1124 1248 contingit,
1160 1209 1263 1247 quae
1299 1197 1437 1235 tamen
1475 1208 1564 1246 per-

192 1257 356 1294 venerat
387 1256 437 1294 ad
468 1256 763 1295 incredibilium
794 1257 924 1306 fidem,
955 1258 1036 1296 nisi
1065 1257 1180 1296 illam
1211 1269 1283 1296 vos
1314 1257 1564 1308 inpediretis.

193 1317 382 1366 amicitia,
402 1317 621 1367 plurimum
647 1330 857 1367 corporum
883 1331 987 1357 unus
1015 1319 1184 1368 animus,
1209 1318 1384 1358 vicariae
1409 1329 1565 1367 manus,

192 1376 335 1414 fortior
367 1389 487 1427 quam
518 1379 661 1417 matris
694 1378 871 1418 affectus.
1584 1391 1622 1417 20

284 1436 415 1488 Rogo,
458 1438 557 1488 quid
572 1439 732 1487 ,refert‚
778 1439 876 1489 quid
913 1440 1077 1478 vocetur
1118 1440 1188 1478 ille
1225 1440 1295 1489 qui
1332 1440 1389 1478 sic
1427 1436 1567 1477 amat?

194 1496 293 1546 quid
322 1498 499 1548 interest,
533 1511 580 1536 ex
606 1499 750 1548 quibus
781 1512 930 1551 magna
954 1499 1098 1538 merita
1124 1498 1398 1539 descendant?
1439 1499 1565 1543 vultis

194 1557 294 1595 scire
320 1557 417 1607 quid
441 1558 488 1596 de
513 1559 588 1597 hoc
615 1559 758 1598 affectu
785 1560 934 1599 sentiat
957 1559 1114 1599 mater?
1165 1562 1206 1599 et
1231 1560 1407 1600 amicum
1431 1572 1567 1598 meum

193 1619 312 1667 putat
342 1618 480 1668 malle,
512 1633 560 1657 ne
592 1622 782 1659 revertar.
844 1620 949 1672 finge
980 1634 1043 1659 me
1074 1621 1217 1671 positis
1249 1620 1455 1672 paulisper
1484 1632 1567 1659 me-

194 1677 285 1716 ritis
330 1677 472 1727 quibus
517 1679 718 1732 obligatus
763 1694 868 1730 sum,
911 1681 986 1720 hoc
1023 1683 1183 1720 tantum
1222 1681 1370 1721 dicere:
1414 1682 1567 1720 amicus
1586 1693 1624 1720 25

195 1737 384 1789 alligatus
423 1741 500 1788 est,
531 1741 589 1778 ire
620 1742 730 1791 volo,
767 1743 906 1790 mater,
944 1743 991 1780 ut
1020 1741 1177 1792 redeat,
1215 1743 1262 1781 ut
1293 1742 1485 1791 consoler,
1522 1742 1570 1779 ut

194 1797 399 1837 dominum
424 1812 573 1850 rogem,
606 1802 662 1850 111,
695 1803 729 1841 81
759 1803 955 1852 tyrannus
982 1803 1170 1853 exegerit,
1202 1803 1400 1841 vicarium
1425 1813 1569 1853 corpus

292 1929 310 1960 1
339 1925 527 1962 exclamat
552 1933 594 1961 Μ
690 1933 709 1963 2
737 1916 893 1964 amssnos
918 1935 955 1964 B
1044 1929 1149 1965 urbis
1175 1936 1203 1964 V
1296 1929 1510 1966 debilitatis
1530 1935 1573 1964 Μ

195 2000 216 2032 3
241 1984 392 2033 umgras
417 2005 455 2033 B
563 2003 584 2033 4
610 2000 658 2035 ob
685 2009 704 2043 β
811 2005 832 2035 5
858 2001 991 2047 genitu
1015 2008 1053 2036 Β
1150 2006 1169 2037 7
1196 2002 1319 2048 turpis
1346 2003 1385 2038 et
1408 2006 1480 2037 BV

195 2049 216 2080 9
241 2046 362 2081 matre
386 2052 415 2080 V
509 2051 551 2082 12
578 2043 795 2097 benefissitia
819 2055 857 2084 Β
952 2051 1120 2096 opponat
1143 2057 1173 2085 V
1260 2054 1305 2086 13
1330 2049 1494 2087 utilitati
1513 2055 1570 2095 ,ης

192 2092 349 2130 vilitate
373 2095 430 2130 tui
466 2095 530 2131 Gr.
666 2098 793 2142 potest
823 2112 872 2141 ως
906 2109 996 2134 corr.
1022 2099 1086 2134 Gr.
1225 2103 1270 2134 14
1302 2097 1497 2135 amicitiae
1522 2113 1571 2143 ως

193 2153 286 2178 corr.
307 2144 411 2179 Dess.
535 2155 611 2189 qua
642 2150 728 2180 VPd
848 2150 890 2181 16
919 2157 1046 2182 omnes
1071 2149 1178 2183 tenet
1203 2154 1245 2182 M
1365 2151 1411 2183 17
1437 2147 1571 2183 ammi—

191 2190 359 2227 rationes
385 2201 405 2234 β
501 2193 623 2228 totam
647 2199 741 2228 Bur
828 2195 908 2229 tam
932 2200 1026 2229 Βῐῖν
1122 2199 1166 2231 18
1192 2195 1434 2231 ineredilium
1459 2201 1504 2230 Μ

191 2262 261 2299 illa
285 2270 379 2300 ΒΓσ
474 2268 516 2299 19
545 2253 699 2301 anicitia
724 2272 761 2301 Β
849 2266 1057 2312 plurimum
1083 2280 1127 2304 eac
1152 2279 1276 2304 -orum
1303 2274 1362 2312 M3
1388 2267 1573 2314 plurimo·

191 2323 276 2349 rum
302 2321 330 2347 d·
422 2312 603 2348 vicariae:
630 2313 670 2349 in
697 2314 855 2350 caritate
882 2321 937 2359 M3
964 2316 1004 2351 in
1034 2327 1151 2352 carne
1176 2323 1212 2352 Ρ
1321 2320 1365 2352 21
1391 2315 1509 2352 refert
1534 2324 1572 2353 e:

194 2359 318 2396 ferent
343 2375 390 2405 ω;
417 2361 550 2397 fierent
575 2367 619 2396 Ν
722 2365 873 2398 amatur
898 2370 941 2398 Μ
1050 2369 1095 2400 23
1123 2365 1217 2401 scire
1243 2377 1310 2401 om.
1332 2370 1383 2409 Μ,
1408 2376 1510 2410 supr.
1529 2378 1573 2399 m

194 2412 241 2444 26
268 2408 483 2445 consoletur
509 2410 702 2446 dominum
729 2425 758 2446 ω
857 2415 902 2447 27
928 2423 1057 2459 regem
1083 2428 1134 2458 ως
1160 2425 1251 2450 corr.
1275 2422 1296 2448 ς
