1638 2560
162 105 285 141 XXIV
708 102 999 139 PRAEFATIO.

254 220 314 259 De
347 233 467 272 grege
500 219 681 258 codicum
713 218 1052 268 interpolatorum
1087 229 1256 267 quorum
1289 216 1458 267 plurimi
1490 216 1547 255 eis

161 280 408 330 temporibus
442 279 637 318 debentur
676 279 820 329 quibus
852 278 1002 317 litteris
1034 277 1186 317 renatis
1218 277 1398 316 omnium
1430 276 1550 316 ardor

163 343 284 391 atque
299 340 456 380 animus
471 340 522 379 ad
536 339 669 379 studia
683 339 922 378 humaniora
936 338 1258 388 convertebatur,
1273 338 1322 377 cf.
1337 338 1548 387 Dessauer,

162 416 199 452 p.
229 403 283 440 42
300 414 387 451 sqq.
398 395 431 454 1)

252 462 477 511 Archetypi
508 461 848 499 declamationum
880 460 1014 510 qualis
1045 460 1170 498 fuerit
1200 459 1376 509 indoles,
1408 459 1550 509 paucis

161 524 322 560 tantum
353 523 428 560 hoc
461 522 547 560 loco
581 521 820 559 adumbrare
852 521 896 558 in
929 521 1063 559 animo
1097 521 1169 570 est,
1204 533 1254 558 ne
1285 519 1384 559 fines
1416 520 1550 558 trans-

162 582 321 633 grediar
342 583 412 632 qui
436 582 555 620 huius
577 581 765 620 editionis
786 581 1030 631 praefationi
1056 581 1239 631 impositi
1265 583 1370 619 sunt.
1423 581 1549 630 atque

160 644 341 692 primum
367 644 483 692 patet
515 642 707 680 damnum
739 641 1006 692 syllabarum,
1038 653 1203 690 vocum,
1243 641 1548 679 enuntiatorum

162 715 264 752 quae
305 703 347 741 in
389 718 414 741 α
459 704 500 741 et
540 702 565 754 β
606 702 901 750 desiderantur,
942 703 1161 741 maximam
1202 703 1361 752 partem
1401 713 1482 740 non
1525 713 1551 738 a

160 763 417 802 librariorum
450 763 519 813 qui
552 762 705 801 codices
738 763 918 801 servatos
957 761 1215 812 scripserunt,
1249 760 1431 800 socordia
1464 773 1550 800 esse

162 823 443 874 repetendum,
483 823 551 862 sed
583 823 834 861 referendum
868 822 919 861 ad
955 817 1270 875 archetypum.²)
1329 822 1413 860 alia
1445 834 1550 871 quae

163 885 312 923 omissa
346 885 471 932 erant,
503 885 546 922 in
580 884 798 934 archetypo
826 883 909 922 sive
944 884 1015 932 qui
1050 896 1140 921 eum
1167 883 1434 921 exaraverunt
1466 883 1553 921 sive

164 944 233 994 qui
267 946 541 993 correxerunt,
578 944 819 982 addiderunt
852 945 922 982 aut
953 945 996 982 in
1034 943 1216 995 margine
1250 945 1321 982 aut
1351 943 1395 982 in
1425 942 1551 982 inter—

161 1005 279 1044 vallis
314 1018 416 1054 quae
447 1006 557 1043 intra
582 1017 719 1043 versus
747 1004 927 1056 singulos
961 1007 1086 1042 erant.
1133 1004 1238 1042 unde
1270 1003 1390 1043 facile
1422 1003 1550 1054 expli-

162 1067 277 1104 catur
322 1065 428 1115 quod
469 1067 554 1104 tam
599 1065 831 1115 frequenter
872 1064 1084 1103 collocatio
1126 1064 1339 1103 verborum
1381 1064 1548 1103 alterius

161 1126 342 1164 familiae
390 1126 514 1164 distat
552 1125 601 1164 ab
645 1126 829 1174 alterius,
874 1138 969 1163 nam
1009 1125 1116 1163 haud
1164 1138 1256 1164 raro
1298 1138 1378 1163 non
1415 1125 1549 1174 primo

162 1186 306 1225 obtutu
331 1186 591 1224 manifestum
617 1187 705 1224 erat
725 1199 803 1236 quo
828 1186 917 1224 loco
938 1185 1214 1224 additamenta
1240 1186 1312 1224 illa
1337 1185 1551 1224 inserenda

162 1248 304 1285 essent.
356 1259 436 1296 qua
467 1248 509 1284 in
541 1259 583 1284 re
618 1246 830 1284 librarium
869 1247 1079 1297 archetypi
1117 1246 1297 1284 familiae
1330 1261 1356 1284 α
1388 1247 1549 1297 saepius

168 1320 303 1345 verum
335 1307 482 1346 vidisse
517 1320 637 1357 quam
670 1307 786 1345 illum
819 1308 883 1345 cui
915 1306 940 1358 β
973 1306 1158 1355 debetur,
1193 1308 1276 1345 iam
1308 1319 1433 1356 supra
1463 1319 1550 1345 mo-

161 1369 333 1406 nuimus.
391 1380 511 1417 porro
550 1367 673 1406 verba
717 1380 818 1417 quae
852 1367 1079 1417 explicandi
1097 1388 1100 1390 -
1118 1368 1252 1419 gratia
1290 1368 1332 1405 in
1364 1368 1549 1418 margine

165 1428 350 1477 apposita
389 1429 521 1477 erant,
565 1440 776 1478 perperam
814 1427 854 1465 in
900 1429 1056 1466 textum
1093 1421 1392 1480 irrepserunt.3)
1459 1429 1547 1466 tum

165 1488 425 1538 archetypum
453 1488 653 1538 scriptura
686 1489 876 1527 continua
902 1488 1028 1527 fuisse
1055 1490 1263 1526 exaratum
1289 1501 1392 1538 quae
1418 1500 1548 1537 neqne

163 1549 366 1599 elegantia
397 1562 525 1598 neque
557 1549 844 1598 perspicuitate
878 1549 1061 1597 eminuit,
1094 1548 1276 1588 codicum
1308 1549 1549 1599 corruptelis

162 1609 413 1658 maximeque
446 1609 755 1660 Bambergensis
789 1610 997 1648 evincitur.
1056 1621 1102 1647 ac
1134 1623 1183 1647 ne
1216 1609 1427 1648 enuntiata
1460 1610 1549 1658 qui-

163 1668 254 1707 dem
287 1670 471 1708 accurate
504 1669 779 1720 distinguendi
816 1671 923 1709 notis
963 1670 1094 1708 divisa
1126 1671 1252 1708 erant.
1311 1669 1550 1719 compendia

164 1741 322 1778 quoque
356 1741 473 1778 saepe
507 1742 645 1768 ansam
673 1729 869 1768 dederunt
902 1743 1100 1778 errorum,
1142 1743 1173 1769 e.
1201 1744 1238 1781 g.
1271 1730 1425 1769 formae
1455 1743 1547 1780 pro-

163 1789 336 1828 nominis
368 1789 530 1828 relativi
568 1792 689 1840 atque
727 1791 1033 1829 terminationes
1072 1792 1112 1829 et
1150 1792 1358 1829 nominum
1390 1791 1431 1829 et
1461 1802 1547 1829 ver-

163 1849 306 1888 borum
337 1849 443 1888 inter
475 1862 515 1888 se
548 1852 801 1899 permutatae
834 1852 938 1890 sunt.
1004 1851 1248 1889 accedebant
1285 1850 1363 1890 loci
1402 1850 1548 1901 quibus

263 1953 296 1997 1)
322 1963 440 1986 unum
468 1963 511 1986 ex
538 1952 592 1987 eis
618 1952 727 1988 libris
759 1953 830 1988 hoc
857 1965 1007 1998 quoque
1039 1953 1124 1989 loco
1150 1965 1225 1988 non
1252 1953 1366 1999 plane
1393 1952 1548 1988 silentio

165 2000 396 2045 opprimam,
437 1999 653 2036 Seldensem
690 2006 733 2036 22
774 2013 870 2037 saec.
903 2002 973 2036 XV
1010 2002 1359 2046 membranaceum,
1398 2001 1464 2046 qui
1503 2013 1549 2036 ex

165 2048 375 2094 exemplari
414 2048 608 2083 Laurentii
648 2049 782 2085 Vallae
822 2050 1009 2096 originem
1046 2051 1167 2086 trahit
1206 2050 1265 2096 (cf.
1299 2050 1548 2094 Dessauer,

164 2109 199 2142 p.
224 2098 293 2142 55).
335 2096 470 2132 Vallae
498 2097 599 2132 enim
624 2098 793 2134 recensio
821 2099 887 2144 qui
913 2110 999 2134 cum
1024 2099 1189 2134 maxime
1217 2097 1454 2141 Quintiliano
1482 2098 1548 2134 de-

162 2144 386 2187 lectaretur,
422 2145 584 2180 multum
617 2146 733 2181 studii
766 2147 880 2192 atque
912 2147 1054 2182 laboris
1083 2147 1124 2182 in
1150 2147 1395 2182 emendandis
1432 2148 1548 2192 atque

165 2193 461 2238 interpretandis
483 2193 825 2230 declamationibus
846 2195 985 2240 posuit,
1007 2195 1256 2230 fundament-0
1274 2196 1355 2230 erat
1370 2194 1549 2230 editioni-

163 2241 234 2296 bus
255 2241 357 2324 tzpis
378 2240 613 2287 pervulgatis
632 2254 752 2288 usque
767 2244 815 2278 ad
835 2243 1015 2279 Obrechti
1031 2245 1068 2279 et
1087 2244 1309 2287 Burmanni,
1328 2255 1404 2278 non
1425 2243 1549 2278 solum

164 2301 281 2335 priori
309 2301 365 2324 us.

262 2339 297 2383 2)
324 2337 370 2373 cf.
398 2337 643 2383 Dessauer,
670 2352 705 2384 p.
728 2343 784 2374 86.

263 2388 297 2432 3)
325 2385 371 2422 cf.
398 2385 642 2430 Dessauer,
669 2399 704 2432 p.
727 2391 783 2423 83.
