1638 2560
154 130 210 173 14
599 121 772 160 PARms
797 117 1059 157 PALMATvs

153 256 269 283 verca
299 241 419 291 istud,
450 251 618 279 noverca
649 237 793 276 securis
821 234 1030 284 conposuit
1056 231 1194 282 oculis,
1224 230 1299 270 illa
1322 229 1512 268 miserm

155 304 292 343 dextra
318 302 548 352 sanguinem
577 298 676 338 tulit
705 299 744 336 et
773 308 936 334 manum
962 293 1128 334 subinde
1152 290 1374 331 renovavit.
1423 289 1510 340 pal-

155 366 284 403 matus
317 363 376 401 est
405 361 548 412 paries,
578 359 699 397 habet
730 357 975 405 distantiam,
1006 354 1126 393 vacat
1151 351 1306 402 aliquid
1330 350 1421 400 loci,
1451 350 1511 388 in-

154 426 311 475 tegrum
354 421 497 471 ubique
540 419 756 470 vestigium
800 418 879 455 est:
930 427 1068 454 caecus
1118 425 1261 452 manus
1310 412 1511 450 traxisset.

156 496 301 535 quaero
329 495 442 531 nunc,
474 480 577 519 unde
602 480 761 518 tantum
786 475 993 528 sanguinis
1017 475 1060 513 in
1084 471 1236 513 manu?
1283 474 1380 512 tunc
1406 471 1513 510 enim
1550 484 1569 511 5

155 557 202 583 ex
239 543 345 582 omni
381 542 543 581 vulnere
581 552 696 578 cruor
730 537 894 589 profluit
933 538 973 575 et
1010 534 1244 584 effunditur,
1289 545 1380 572 cum
1415 531 1513 571 ferri

154 605 350 643 recentem
379 603 484 641 viam
522 600 710 650 sequitur.
773 600 816 637 at
848 596 1031 647 quotiens
1069 595 1207 634 eodem
1242 605 1320 644 quo
1359 592 1513 632 factum
1569 610 1572 613 *

157 666 226 713 est,
257 663 431 702 cluditur
453 661 547 711 telo,
571 661 672 699 latet
696 660 784 698 tota
808 658 949 696 mortis
973 655 1137 696 invidia.
1187 656 1398 706 praeterea
1423 665 1513 692 cum

155 736 293 763 manus
325 736 370 761 ex
400 723 514 773 parte
541 733 618 771 qua
648 720 825 770 palmare
851 718 1066 769 vestigium
1097 716 1243 766 potest,
1273 714 1446 765 plicetur
1468 714 1513 752 in

156 783 295 834 capulo
328 784 368 821 et
392 795 443 834 se,
475 781 570 820 dum
594 781 719 819 telum
744 780 923 830 occupat,
955 776 1129 827 claudat,
1162 787 1321 815 necesse
1348 775 1421 824 est,
1447 786 1511 813 ex·
1532 789 1569 815 10

156 844 299 882 tei-iore
336 844 382 881 ut
416 843 530 893 parte
567 853 747 892 respersa
785 841 847 879 sit.
909 840 1002 878 tuus
1034 838 1169 876 autem
1200 836 1271 887 qui
1307 835 1512 886 palmatus

157 906 227 953 est,
257 903 387 954 paries
418 902 632 953 vestigium
663 902 745 940 eius
776 900 903 951 partis
936 897 1127 949 ostendit,
1159 897 1211 936 ad
1242 909 1366 948 quam
1397 907 1515 936 cruor

156 963 361 1014 pervenire
391 975 471 1002 non
500 962 642 1013 potuit.
692 962 871 1000 vestrum
903 961 973 1009 est,
1004 971 1109 997 nunc
1141 957 1275 997 omnia
1307 956 1390 996 ista
1420 968 1514 996 con-

156 1036 313 1074 parare,
350 1023 602 1073 perpendere.
664 1034 733 1061 cur
768 1019 1005 1071 prudentior
1042 1019 1095 1058 sit
1134 1017 1253 1057 iudex
1289 1017 1332 1056 in
1373 1016 1512 1068 depre-

156 1083 359 1123 hendendo
391 1084 533 1122 scelere
577 1095 695 1132 quam
731 1094 820 1120 reus
857 1082 900 1119 in
937 1079 1204 1129 admittendo,
1240 1078 1315 1117 hoc
1347 1090 1432 1117 esse
1468 1077 1512 1116 in
1532 1091 1568 1119 1⁵

159 1156 276 1182 causa
313 1144 409 1194 puto
436 1143 542 1193 quod
579 1143 680 1181 alter
715 1143 874 1181 tantum
909 1153 982 1192 pro
1014 1153 1054 1180 se
1093 1141 1264 1192 cogitat,
1301 1139 1405 1178 alter
1437 1150 1512 1189 pro

158 1206 272 1254 parte
302 1205 483 1254 utraque.

90 1262 139 1299 13
248 1263 387 1302 Tuitus
425 1276 514 1302 sum
551 1262 811 1302 adulescentis
849 1261 1060 1300 miserrimi
1098 1273 1278 1310 causam,
1314 1272 1421 1299 1111110
1451 1259 1513 1298 in-

160 1324 307 1373 spicere
345 1323 453 1373 volo,
497 1324 644 1374 quanto
688 1322 920 1361 certioribus
959 1321 1205 1374 argumentis
1245 1332 1417 1360 noverca
1453 1321 1513 1359 te-

159 1386 309 1422 neatur.
370 1385 528 1423 transeo
571 1383 688 1422 illum
726 1383 933 1434 vulgarem
975 1383 1015 1421 et
1055 1381 1236 1421 omnibus
1280 1382 1423 1420 notum
1464 1379 1512 1420 de
1531 1395 1570 1422 20

161 1445 439 1494 conparatione
470 1456 726 1494 personarum
756 1444 897 1482 locum.
949 1443 1050 1481 alius
1082 1442 1231 1481 diceret
1255 1441 1447 1481 maritum
1472 1443 1514 1480 et

161 1516 331 1553 uxorem,
365 1504 443 1542 nisi
472 1504 606 1543 liberis
636 1503 902 1553 initiarentur,
932 1517 1012 1543 non
1043 1503 1270 1542 fortissimis
1302 1515 1514 1553 corporum

161 1563 327 1602 vinculis
363 1564 576 1603 inhaerere.
639 1577 711 1615 ego
741 1564 843 1602 illud
879 1564 1013 1614 potius
1052 1563 1198 1602 dicam:
1237 1563 1403 1613 decepta
1440 1563 1514 1612 est,

161 1623 313 1673 mulier,
344 1624 582 1674 exspectatio
611 1625 692 1662 tua.
742 1636 905 1663 veneras
938 1624 1054 1674 quasi
1084 1625 1126 1662 in
1151 1636 1322 1663 vacuam
1351 1623 1514 1663 domum

163 1684 203 1721 et
233 1683 315 1721 sine
351 1683 501 1722 herede.
563 1685 878 1734 exspectaveras,
914 1686 961 1722 ut
996 1684 1136 1723 infelix
1165 1685 1242 1723 iste
1274 1684 1430 1724 iuvenis
1463 1683 1513 1723 ab
1532 1697 1569 1725 25

161 1742 258 1792 ipsis
301 1744 480 1793 protinus
523 1745 753 1794 nuptiarum
794 1746 957 1783 tuarum
1007 1745 1268 1796 expelleretur
1311 1743 1514 1795 auspiciis,

163 1803 356 1842 extorrem
394 1804 433 1842 et
469 1804 626 1854 inopem
664 1806 924 1844 summoveret
960 1807 1075 1856 pater
1111 1805 1259 1844 blando
1302 1805 1513 1855 corruptus

259 1897 279 1927 3
306 1892 526 1928 distantiam
556 1905 600 1929 επ
632 1894 847 1930 distentiam
872 1902 908 1930 B
1004 1899 1024 1931 6
1057 1907 1141 1931 011111
1172 1908 1239 1933 om.
1261 1902 1317 1942 M,
1349 1906 1451 1942 supr.
1470 1909 1514 1930 m

165 1943 183 1975 7
217 1941 348 1976 eodem
378 1941 452 1987 telo
484 1952 556 1986 quo
583 1948 625 1976 M
726 1946 746 1977 9
778 1954 838 1978 ex:
875 1954 920 1978 ea
952 1944 1016 1981 Gr.
1125 1948 1169 1980 10
1200 1944 1320 1980 telum
1351 1944 1515 1990 occupat

162 1996 222 2030 ye:
256 1988 449 2034 telocupat
478 1996 528 2033 B3
567 1990 641 2025 telo
675 1992 833 2036 occupat
862 1998 946 2036 Vsd3
983 1992 1100 2028 telum
1136 2004 1202 2029 om.
1224 1999 1279 2038 M3
1319 1992 1385 2029 del.
1406 1992 1512 2029 Dese.

161 2048 197 2082 p.
213 2039 263 2072 83
361 2041 402 2073 11
429 2038 487 2072 ut:
520 2048 565 2072 ex
590 2047 609 2080 β
703 2041 811 2084 parte
841 2051 1010 2085 respersa
1036 2041 1100 2076 sit:
1133 2041 1294 2086 pai-teris
1323 2040 1515 2087 persuasit

163 2090 200 2119 Β
278 2086 419 2139 autem:
447 2089 502 2120 aff
516 2092 552 2120 Ρ
647 2091 690 2121 14
715 2087 754 2121 in
780 2087 1107 2133 deprehendendo:
1135 2100 1180 2125 ex
1205 2089 1294 2126 inde
1318 2089 1512 2136 prehendo

163 2138 214 2177 B3
248 2133 380 2187 exlnde
411 2133 592 2179 prehenso
623 2140 651 2168 V
749 2139 791 2170 15
823 2136 862 2170 in
894 2136 1143 2173 admittendo:
1176 2138 1218 2172 id
1247 2137 1434 2173 mittendo
1459 2143 1513 2182 B3

163 2180 398 2216 admittendo
426 2187 516 2223 31⁷1!
610 2186 652 2217 16
683 2194 750 2228 pro
782 2184 929 2219 tantum
955 2191 997 2219 M
1090 2186 1234 2232 cogitat
1266 2186 1378 2222 alter:
1412 2186 1514 2233 cogi-

162 2229 246 2264 tata
277 2228 349 2264 iter
373 2235 424 2272 B3
458 2229 601 2275 cogitat
631 2230 702 2264 iter
732 2237 760 2265 V
851 2231 960 2268 alter:
995 2233 1114 2280 algter
1146 2234 1172 2280 (i
1197 2236 1260 2281 er.)
1293 2241 1336 2270 M
1363 2235 1419 2271 bis

165 2280 208 2312 18
235 2276 476 2312 adoliscentis
501 2283 538 2311 B
622 2281 664 2313 19
692 2279 925 2316 certioribus:
952 2282 1173 2317 tercioribus
1198 2289 1235 2317 B
1313 2287 1358 2319 23
1383 2282 1516 2319 inhae-

161 2371 242 2396 rere
261 2360 420 2396 vinculis
441 2367 484 2396 M
542 2351 683 2407 decep}
702 2368 738 2396 Β
808 2367 852 2399 24
877 2366 958 2400 tua:
984 2366 1049 2401 tuo
1070 2373 1112 2410 P,
1134 2377 1223 2403 corr.
1240 2382 1268 2408 p
1342 2371 1387 2403 25
1414 2331 1518 2403 9315)ss

163 2412 206 2444 27
234 2409 273 2444 et
297 2420 362 2445 om.
385 2415 421 2444 P
