1638 2560
228 102 316 146 378
604 98 863 136 EXCERPTA
888 97 1220 135 MONAOENSIA.

224 216 296 256 ubi
336 228 471 256 sensus
512 215 662 255 doloris
697 227 778 254 non
818 213 1016 263 inveniat,
1056 226 1201 264 nempe
1234 214 1371 253 tamen
1402 213 1601 253 cadavera

225 278 321 317 feris
347 277 503 316 obiciet.
561 274 798 315 circumdati
822 276 917 314 sunt
943 273 1108 324 quidam
1132 274 1317 324 fiammis,
1347 275 1439 325 ipsa
1461 276 1601 314 tamen

225 351 354 389 poena
378 337 521 376 habuit
546 336 806 387 sepulturam.
863 335 1006 374 funera
1029 335 1168 374 nostra
1193 347 1274 374 non
1299 335 1452 375 caverit
1481 336 1600 387 ignis,

225 399 272 437 ut
315 398 460 438 saltem
503 398 654 436 cineres
696 397 958 435 remanerent.
1031 408 1113 435 non
1155 395 1264 435 ferae
1308 395 1599 446 laceraverunt,

225 471 306 498 non
356 471 448 497 aves
500 458 740 510 attigerunt,
797 456 865 496 sed
917 456 987 507 qui
1037 457 1279 507 genuerant,
1329 456 1597 496 comederunt.

224 531 418 558 memores
445 519 638 558 scelerum
662 517 787 568 pudet
812 530 884 556 nos
909 517 1056 556 vivere.
1114 517 1237 568 caput
1262 516 1315 556 ad
1339 516 1495 556 caelum
1519 529 1601 556 non

225 579 414 618 audemus
440 579 585 619 levare.
636 579 830 617 morimur
847 578 995 628 miseri,
1021 578 1126 617 sicut
1146 579 1239 617 ante
1258 577 1504 617 desideratos
1530 577 1601 616 diu

222 639 332 679 cibos
377 639 492 678 avide
528 640 753 688 haurimus,
798 640 839 677 et
875 639 1070 678 morimur
1101 638 1233 678 adhuc
1274 638 1475 678 frumento
1516 639 1598 677 tuo.

223 699 351 739 credis
370 700 484 739 nobis
505 700 689 739 attulisse
709 699 914 750 pabulum,
942 700 982 738 et
1002 699 1180 739 attulisti
1197 711 1407 738 venenum.
1446 711 1537 738 cum
1559 699 1600 738 te

222 761 415 810 misimus,
448 773 470 799 o
502 760 646 812 legate,
679 773 770 799 cum
800 759 978 799 lacrimis
1006 761 1162 811 pariter
1193 759 1484 799 clamabamus:
1509 771 1599 798 mo·
1619 773 1638 799 ιῚ

222 822 367 871 rimur,
403 821 637 870 defecimus,
675 821 824 860 festina
860 821 1104 870 misericors,
1143 833 1279 860 omnes
1313 820 1449 871 excipe
1480 832 1600 859 auras

222 883 275 931 et,
307 883 342 920 si
372 883 461 920 tota
492 881 675 921 secundis
706 881 868 920 flatibus
901 882 993 920 vela
1022 881 1270 920 tetenderint
1302 881 1431 931 venta,
1461 881 1600 920 tamen

221 943 341 981 remis
380 942 536 981 adiuva.
600 942 773 980 salutem
809 942 1014 992 publicam
1054 942 1186 992 vehis,
1227 941 1418 992 spiritum
1457 941 1600 992 populi

221 1004 284 1041 tui
322 1003 516 1053 reportas.
589 1004 767 1041 omnium
808 1004 991 1042 nostrum
1031 1003 1074 1040 in
1114 1003 1195 1041 ista
1235 1002 1361 1042 classe
1401 1003 1599 1054 navigant

222 1064 390 1102 animae.
462 1062 627 1113 festina,
670 1075 751 1102 non
788 1064 871 1103 stat
907 1064 1072 1102 interim
1110 1063 1213 1113 dies,
1254 1064 1296 1102 et
1325 1063 1457 1114 plenis
1497 1062 1597 1102 velis
1618 1075 1638 1102 15

221 1135 327 1162 mors
371 1124 492 1164 venit.
556 1124 636 1162 cito
676 1123 772 1162 redi.
834 1137 980 1174 parum
1024 1124 1165 1163 afferre
1211 1135 1292 1163 non
1328 1124 1454 1174 potes.
1516 1134 1598 1162 non

222 1183 384 1222 delicati
414 1196 571 1234 sumus,
609 1197 689 1223 non
721 1184 902 1223 luxuriae
941 1185 1151 1235 quaeritur
1190 1183 1486 1229 habundantia,
1528 1183 1599 1224 sed

220 1244 325 1283 unde
367 1244 554 1295 spiritum
594 1246 881 1294 sustineamus,
927 1247 968 1284 et
998 1245 1104 1284 unde
1142 1246 1314 1284 mortem
1354 1243 1595 1284 differamus.

220 1305 256 1342 si
295 1304 386 1356 plus
427 1317 526 1356 opus
567 1305 707 1354 fuerit,
747 1305 915 1355 redibis,
963 1305 1212 1345 solummodo
1254 1306 1382 1345 citum
1420 1304 1597 1344 reditum

219 1376 417 1417 rogamus.
468 1366 511 1403 in
531 1365 649 1404 litore
670 1367 834 1417 stamus,
853 1365 1002 1405 intenti
1020 1368 1061 1406 te
1088 1367 1364 1417 exspectantes
1389 1366 1595 1416 morimur,
1615 1378 1638 1405 2·

219 1425 263 1463 in
294 1438 403 1464 mare
429 1427 579 1464 mortui
611 1426 769 1465 cadunt.
834 1427 1018 1477 quotiens
1045 1427 1129 1467 sole
1160 1438 1349 1478 percussa
1379 1426 1504 1466 nubes
1535 1439 1596 1465 re-

220 1485 347 1535 fulsit,
378 1498 522 1524 navem
553 1488 761 1537 putamus,
800 1488 984 1537 quotiens
1017 1488 1169 1527 stactus
1206 1488 1327 1526 vento
1359 1486 1504 1527 fluctus
1535 1487 1595 1525 in-

211 1547 369 1595 canuit,
400 1546 491 1585 vela
515 1547 844 1597 interpretamur:
877 1549 975 1588 haec
1006 1549 1113 1587 certe
1138 1549 1255 1587 navis
1282 1549 1353 1597 est,
1385 1559 1474 1587 ecce
1505 1547 1598 1586 vela

219 1605 469 1656 panduntur,
515 1608 681 1658 propius
732 1607 903 1658 accedit,
944 1621 1182 1660 prosperum
1228 1609 1395 1647 ventum
1441 1607 1596 1658 habuit,

219 1666 395 1716 respexit
434 1679 505 1706 nos
545 1667 651 1706 deus.
713 1668 811 1707 haec
844 1669 1030 1719 dicimus,
1074 1671 1117 1708 at
1156 1669 1230 1708 illa
1270 1669 1434 1708 interim
1464 1669 1596 1708 trans-
1615 1681 1638 1707 τι

219 1726 342 1765 volat.
404 1727 520 1766 fletus
545 1728 637 1766 inde
670 1729 711 1767 et
742 1729 980 1779 desperatio,
1012 1730 1115 1769 nihil
1147 1731 1255 1769 enim
1280 1729 1442 1782 gravius
1474 1741 1596 1779 quam

220 1786 436 1825 destitutae
481 1800 569 1838 spes
604 1790 804 1838 torquent.
875 1791 1125 1843 interrogare
1163 1789 1326 1841 quidem
1355 1802 1438 1829 non
1467 1789 1595 1840 licuit,

220 1859 337 1885 nemo
371 1848 477 1886 enim
509 1849 749 1899 applicabat.
813 1850 957 1889 saltem
989 1852 1025 1890 si
1057 1851 1157 1890 scire
1188 1851 1380 1900 licuisset,
1411 1849 1481 1888 ubi
1512 1849 1595 1888 fru-

218 1908 399 1945 mentum
442 1908 703 1959 vendidisses,
747 1911 827 1960 ipsi
868 1912 1117 1961 petissemus.
1186 1912 1234 1950 tu
1276 1911 1440 1953 interim
1483 1911 1594 1950 sinus

218 1968 342 2006 maris
369 1968 523 2018 circuis,
555 1969 688 2008 nullus
716 1983 904 2010 amoenus
930 1972 1272 2022 praetermittitur
1295 1971 1449 2022 portus,
1480 1970 1595 2009 nulla
1613 1983 1638 2010 ³⁴

219 2027 385 2066 celebris
424 2028 566 2068 civitas
604 2030 816 2069 invisitata
852 2033 1059 2071 transitur.
1122 2033 1371 2071 frumentum
1411 2032 1595 2070 nostrum

217 2088 376 2137 vendis,
412 2089 535 2127 immo
568 2089 739 2129 salutem
770 2093 950 2130 nostram
982 2092 1158 2144 exponis.
1229 2092 1476 2131 ‘firmentum
1512 2103 1594 2131 non

217 2149 431 2200 naufragio
462 2149 683 2200 perdimus,
717 2163 798 2190 non
829 2152 1059 2202 latrocinio,
1100 2153 1211 2192 lucro
1242 2152 1430 2203 perimus.
1492 2153 1593 2190 tem-

217 2211 352 2260 pestas
386 2221 543 2260 quoque
582 2211 759 2260 aliquam
797 2224 942 2251 navem
975 2214 1018 2251 in
1056 2226 1192 2252 meum
1229 2213 1326 2251 litus
1357 2211 1594 2264 impingerit

217 2270 259 2308 et
299 2282 345 2308 ex
386 2269 509 2309 classe
547 2283 758 2310 numerosa
796 2284 931 2311 omnes
978 2273 1122 2312 fluctus
1164 2273 1422 2312 exhausisset.
1485 2273 1593 2323 perit
1611 2285 1638 2312 οι

314 2400 334 2432 6
362 2397 471 2442 putet
496 2403 538 2432 M
634 2401 678 2432 35
705 2397 849 2434 fructus
877 2405 919 2433 Μ
