1638 2560
470 107 790 145 DEGLAMATIO
817 107 887 143 XII
908 110 1012 144 1—3.
1348 107 1437 150 219

56 236 128 264 ora
157 222 454 273 temeravimus,
486 223 596 274 quod
622 222 672 261 ab
702 223 864 262 homine
891 221 1144 262 descivimus.
1195 235 1276 261 non
1300 223 1348 261 ut
1376 222 1437 261 in-

54 285 213 324 felicem
256 284 433 324 animam
477 283 783 333 sustineremus,
827 296 908 322 non
946 284 992 321 ut
1032 283 1209 322 invisum
1247 283 1436 334 spiritum

53 345 373 396 produceremus,
398 344 582 383 fecimus:
608 357 690 383 una
710 356 831 383 causa
855 345 1028 383 mortem
1048 343 1291 393 distulimus,
1316 343 1436 394 quod,

54 406 88 445 si
126 406 456 458 exspirassemus,
499 405 608 444 idem
650 404 903 443 timebamus.
967 406 1008 444 et
1052 417 1125 456 ego
1168 404 1331 454 quidem
1370 417 1435 443 me

16 479 34 506 5
54 466 300 518 consumptis
339 477 481 505 excuso
520 465 592 515 qui
629 466 731 504 mihi
767 465 848 515 ipsi
884 466 1005 504 irasci
1036 478 1117 504 non
1151 478 1327 515 possum.
1392 467 1436 504 at

52 526 130 566 iste
159 527 323 566 interim
354 527 448 575 stat,
479 527 528 565 ut
559 526 719 576 videtis,
750 526 873 577 longa
905 526 974 565 via
1005 526 1216 578 saginatus
1250 527 1290 564 et
1321 526 1436 564 satur

52 589 175 639 atque
210 587 449 627 habundans
486 586 648 638 publico
682 588 926 636 commeatu,
960 586 1009 625 ad
1046 586 1293 626 mentionem
1328 586 1435 625 cibo-

51 661 146 687 rum
171 650 402 688 nostrorum
431 648 597 698 plenum
629 642 795 686 fasffidio
821 647 980 686 vultum
1011 648 1141 686 trahit
1166 649 1207 686 et
1231 659 1433 698 exangues

53 721 99 748 ac
134 709 308 760 pallidos
347 708 399 748 ad
437 708 638 748 calculum
675 709 811 757 vocat,
856 708 972 758 quasi
1011 720 1084 760 ego
1122 721 1203 747 non
1241 707 1435 747 confitear

0 769 168 810 101Π11111
211 771 335 808 etiam
378 769 551 808 nimium
594 769 768 807 multum
807 768 1005 807 attulisse.
1069 770 1156 807 tam
1192 768 1312 818 pauci
1350 769 1434 806 rari

50 843 124 880 per
153 831 241 870 vias
272 830 529 879 interlucent,
562 831 603 868 et
628 830 814 880 quamvis
841 829 932 868 odio
959 830 1153 868 eversoris
1185 829 1315 868 nostri
1342 842 1432 868 evo-

51 892 165 930 catus
198 904 218 930 e
251 890 418 930 latebris
450 890 532 929 suis
570 890 742 940 populus
779 890 969 929 subsellia
1001 903 1081 928 non
1121 890 1260 940 inplet.
1312 889 1433 940 pauci

51 951 268 991 sceleribus
299 951 425 1002 pasti,
458 951 601 990 alienis
633 951 830 990 mortibus
863 951 985 999 salvi,
1018 950 1127 1000 quod
1158 951 1313 1000 vivunt,
1352 951 1433 1000 ipsi

50 1011 127 1051 sibi
157 1011 230 1062 rei,
260 1024 403 1064 graves
435 1024 558 1063 aegra
585 1013 625 1050 et
654 1011 795 1050 tabida
821 1011 1001 1050 membra
1025 1011 1068 1049 in
1101 1011 1306 1062 publicum
1340 1023 1432 1062 pro-

0 1084 29 1112 15
49 1073 241 1112 tulerunt.
303 1072 380 1111 hae
421 1077 515 1111 sunt
556 1071 734 1111 civitatis
773 1072 970 1122 reliquiae
1012 1084 1112 1122 quas
1150 1071 1310 1111 videtis.
1375 1073 1432 1110 sic

48 1133 264 1183 tabuimus,
296 1135 343 1172 ut
372 1132 509 1172 miseri
540 1145 614 1172 nec
639 1134 752 1171 vivos
777 1132 996 1171 habeamus
1028 1145 1101 1171 nec
1130 1134 1320 1172 mortuos.
1364 1132 1431 1171 hic

49 1195 110 1233 est
140 1194 333 1245 populus,
364 1194 441 1233 hae
472 1194 596 1242 vires,
627 1193 703 1232 hae
736 1206 844 1244 spes,
878 1193 954 1232 hae
986 1205 1093 1243 opes.
1156 1194 1236 1232 nisi
1267 1192 1432 1232 tandem

50 1255 102 1293 ad
137 1254 433 1304 vadimonium,
470 1255 621 1306 legate,
659 1255 853 1302 venisses,
897 1267 977 1292 non
1017 1254 1237 1292 multorum
1275 1253 1431 1292 dierum

48 1317 318 1355 commeatum
349 1315 605 1354 habebamus.
658 1327 737 1364 quo
769 1327 876 1352 nunc
901 1315 1063 1353 tantum
1094 1313 1316 1353 frumenti?
1349 1326 1427 1364 quo
1453 1315 1479 1351 3

0 1386 30 1413 10
49 1376 217 1415 classem
249 1377 475 1415 commeatu
507 1373 702 1427 gravem?
756 1375 931 1413 multum
961 1375 1122 1414 hercule
1153 1375 1429 1426 negotiatione

47 1438 120 1476 tua
157 1438 293 1475 actum
331 1439 402 1476 est.
466 1436 714 1474 frumentum
751 1435 897 1485 habeo,
936 1435 1132 1486 populum
1170 1448 1250 1474 non
1288 1435 1428 1474 habeo.

47 1509 247 1548 nusquam
277 1497 453 1548 prodest,
488 1509 687 1546 nusquam
719 1508 819 1546 opus
853 1498 930 1535 est:
962 1497 1045 1534 iam
1077 1496 1174 1535 licet
1205 1496 1366 1535 vendas.

138 1557 247 1596 Dum
277 1560 324 1596 tu
356 1558 501 1596 salutis
532 1556 718 1607 publicae
750 1557 1000 1595 nundinator
1030 1557 1259 1607 proximum
1291 1570 1428 1607 quem-

49 1630 125 1668 que
152 1619 373 1669 emptorem
405 1618 596 1666 dimittis,
623 1617 718 1656 dum
744 1618 815 1655 aut
846 1617 989 1656 funera
1014 1619 1152 1657 nostra
1184 1617 1324 1656 vendis
1357 1619 1429 1656 aut

0 1690 28 1719 ³5
49 1678 216 1728 scelera,
260 1678 357 1717 dum
401 1679 551 1729 populo
589 1680 661 1716 tuo
698 1677 805 1716 fame
842 1679 1038 1716 moriente
1076 1678 1233 1717 alienae
1268 1678 1430 1717 civitati

48 1739 206 1790 legatus
246 1751 286 1778 es
319 1739 467 1788 factus,
505 1747 577 1777 nos
609 1739 773 1777 interim
811 1738 920 1778 cibos
953 1751 999 1777 ex
1031 1739 1150 1778 malis
1188 1739 1427 1789 invenimus,

50 1801 90 1838 et
119 1800 246 1839 fames
273 1812 313 1838 se
345 1800 435 1850 ipsa
467 1800 594 1850 pavit,
627 1801 667 1838 et
691 1800 877 1838 miseriae
903 1801 1063 1839 nostrae
1089 1799 1268 1838 crudeles
1295 1800 1427 1839 factae

48 1861 152 1899 sunt.
215 1861 422 1911 patiamur
458 1862 498 1899 te
531 1859 710 1908 defendi,
748 1861 783 1899 si
815 1860 970 1899 absolvi
1007 1860 1152 1899 saltem
1184 1873 1255 1899 nos
1288 1873 1427 1910 possu-

47 1934 146 1961 mus.
197 1921 296 1960 haec
326 1933 444 1970 nunc,
475 1920 639 1970 iudices,
672 1933 745 1972 ego
778 1920 885 1960 solus
913 1919 1084 1970 queror?
1117 1920 1170 1958 ad
1201 1934 1263 1959 me
1296 1921 1426 1971 magis

0 1993 29 2022 ιο
48 1979 281 2032 pertinent?
318 1980 474 2031 aliquid
512 1982 673 2032 proprie
711 1994 852 2032 passus
891 1980 1007 2020 sum?
1050 1994 1131 2020 non
1175 1994 1427 2020 communem

48 2041 225 2081 dolorem
258 2044 466 2081 accusator
502 2041 630 2080 habeo
668 2054 759 2080 cum
796 2040 955 2080 iudice?
1019 2043 1234 2092 quisquam
1271 2043 1315 2079 in
1352 2041 1427 2080 hac

146 2172 164 2204 1
191 2180 267 2205 non
293 2167 520 2204 descivimus
547 2177 574 2203 σ
668 2172 688 2203 2
714 2169 838 2204 visum
862 2175 895 2203 J
996 2172 1017 2203 3
1045 2169 1147 2215 quod
1173 2168 1222 2204 si:
1250 2169 1360 2214 quasi
1387 2174 1429 2203 Μ

49 2221 69 2252 6
95 2219 140 2254 ut
162 2217 318 2253 videtis:
345 2217 525 2252 invidetis
550 2223 583 2252 J
678 2218 782 2252 satus
807 2223 846 2252 B
943 2220 987 2252 10
1013 2217 1174 2252 nimium
1200 2218 1239 2252 et
1263 2217 1426 2252 multum

48 2271 92 2301 Μ
184 2266 298 2312 pauci
331 2266 397 2302 del.
419 2266 525 2302 Dess.
545 2276 580 2311 p.
597 2268 646 2300 84
731 2265 883 2310 rarique
910 2271 954 2300 Μ
1049 2269 1091 2301 11
1125 2265 1368 2301 interducent
1393 2271 1430 2299 P

49 2317 92 2349 12
118 2314 252 2360 paucis
280 2320 322 2349 M
394 2317 439 2349 14
465 2313 539 2348 sibi
564 2313 639 2359 ipsi
664 2320 693 2348 V
763 2318 807 2349 15
839 2313 910 2348 hec
935 2320 963 2348 Γ
1034 2317 1075 2348 17
1103 2314 1176 2349 hae
1203 2325 1247 2348 ae
1273 2314 1370 2349 vires
1391 2319 1428 2348 B

48 2366 94 2398 22
119 2363 261 2398 vendas
286 2374 354 2399 om.
370 2371 398 2397 <r
456 2366 502 2397 24
529 2361 701 2397 admittis
721 2362 800 2398 Sch.
867 2366 910 2396 25
939 2361 1105 2398 civitatis
1127 2369 1170 2397 Μ
1229 2365 1272 2396 27
1301 2362 1425 2407 ipsam

46 2417 100 2446 «ῖς
198 2411 330 2447 crudes
358 2417 407 2455 Μ,
434 2422 525 2447 corr.
547 2424 589 2445 m
688 2414 732 2446 28
759 2422 844 2445 nos:
872 2422 947 2445 non
973 2416 1054 2445 ΒΜ
1149 2415 1192 2446 31
1221 2410 1316 2445 abeo
1341 2417 1379 2446 Β
