1638 2560
193 103 279 145 174
736 100 1022 137 GLAmA'roR

191 218 312 268 longa
331 216 579 267 temporibus
599 217 746 255 nostris
766 215 863 255 fides
888 215 1130 266 intercepta:
1157 215 1350 267 quicquid
1372 217 1566 257 historiae

190 277 457 326 tradiderunt,
483 278 661 315 carmina
686 276 897 326 finxerunt,
929 276 1091 315 fabulae
1118 276 1361 327 adiecerunt,
1392 277 1466 317 sub
1491 278 1569 318 hac

193 338 477 388 conparatione
520 338 692 376 taceant.
755 338 843 387 quis
887 336 1082 386 crederet,
1127 337 1162 375 si
1200 337 1382 377 dubitari
1419 341 1567 390 posset,

192 399 298 436 inter
341 398 439 437 duos
485 399 633 436 amicos
672 410 843 448 quorum
888 397 1060 436 alterum
1102 396 1324 437 immunem
1366 399 1567 438 malorum

193 459 371 497 omnium
408 458 574 497 fortuna
611 459 777 507 fecerat,
817 458 989 496 alterum
1020 459 1166 508 piratis
1199 470 1246 498 ac
1279 459 1452 499 lanistae
1483 461 1565 499 tra-
1604 473 1625 500 5

192 518 367 567 diderat,
405 518 612 557 meliorem
650 518 922 557 condicionem
960 518 1084 558 fuisse
1122 517 1305 569 captivi?
1367 516 1419 560 ‘si
1455 520 1566 560 dives

192 575 346 628 essem'‚
377 579 527 629 inquit,
561 575 787 629 ‘pecuniam
818 592 891 629 pro
923 580 964 618 te
997 579 1237 618 attulissem.
1301 580 1409 631 quod
1439 593 1567 620 unum

190 638 436 689 pauperibus
467 639 716 689 praesidium
747 640 818 689 est,
850 652 992 678 manus
1025 639 1164 679 habeo.
1214 640 1288 679 has
1318 641 1464 692 piratis
1496 641 1564 680 da-

191 701 304 738 turus
336 699 407 748 fui,
442 699 514 738 has
546 713 619 750 pro
651 701 691 739 te
723 701 766 738 in
797 713 975 751 pugnam
1007 701 1179 740 vicarias
1211 697 1343 741 dabo?
1405 701 1566 754 ignosce

190 761 307 810 pater
333 759 439 809 quod
466 760 592 798 nimia
618 760 872 799 contentione
905 761 1085 800 adfectus
1116 774 1244 812 paene
1274 761 1353 800 tibi
1377 762 1566 801 orbitatis
1586 777 1628 804 io

191 820 336 859 vulnus
368 821 634 870 inpresserim.
685 822 812 860 testor
837 821 930 860 deos
963 834 1044 860 non
1075 835 1148 872 per
1178 835 1241 861 me
1274 823 1434 862 stetisse
1459 823 1567 874 quod

190 881 294 919 vivo.
357 893 484 930 neque
517 882 623 919 enim
654 882 714 920 ita
744 895 808 920 me
841 881 1033 921 efferabat
1063 882 1195 932 ludus,
1227 885 1301 922 aut
1330 884 1374 922 in
1403 885 1566 923 tantum

192 940 407 979 duraverat
433 941 612 979 animum
638 942 768 981 caedis
800 943 922 993 longa
947 943 1171 993 meditatio,
1202 943 1249 982 ut
1274 955 1366 983 eum
1391 945 1566 983 amicum

190 1001 335 1039 vellem
361 1001 487 1039 occidi
519 1002 588 1051 qui
619 1015 692 1052 pro
723 1016 786 1041 me
817 1003 921 1042 mori
953 1005 1126 1053 poterat.
1176 1004 1433 1044 vindicabam
1464 1004 1566 1043 mihi

190 1061 393 1099 fortunam
424 1074 554 1100 meam
587 1064 626 1101 et
658 1063 787 1102 adhuc
818 1065 1067 1103 necessitatis
1100 1064 1304 1116 gladiator
1335 1065 1566 1117 depugnare
1584 1077 1625 1106 ιε

192 1122 313 1160 etiam
339 1122 523 1160 volebam
548 1136 676 1172 neque
700 1124 794 1163 ullis
827 1124 1011 1174 precibus
1039 1126 1223 1175 poteram
1250 1126 1392 1175 evinci,
1425 1138 1565 1176 quam-

193 1194 314 1231 quam
334 1195 374 1220 se
394 1195 474 1220 non
500 1184 801 1233 superfuturum
829 1185 1009 1234 alioquin
1035 1185 1268 1225 minabatur
1291 1186 1414 1237 idque
1439 1199 1564 1226 unum

192 1241 429 1281 adfirmabat
453 1244 643 1283 interesse
668 1246 805 1283 utrum
831 1247 1028 1284 vicarium
1053 1247 1219 1285 mallem
1242 1246 1390 1286 habere
1421 1248 1565 1286 mortis

193 1315 243 1339 an
276 1303 471 1342 comitem.
533 1317 614 1342 non
646 1306 735 1343 vici.
787 1306 885 1356 quid
915 1307 1043 1358 igitur
1075 1308 1211 1346 actum
1243 1309 1307 1357 sit,
1341 1306 1564 1358 quaeritis?

192 1362 305 1400 duxit
335 1376 399 1401 me
428 1363 480 1402 ad
509 1367 794 1415 munerarium,
825 1366 988 1406 iudices.
1040 1380 1139 1417 quas
1166 1381 1239 1420 ego
1270 1368 1382 1408 illius
1412 1381 1562 1419 preces,
1583 1382 1621 1408 20

191 1435 311 1472 quam
336 1425 559 1473 pertinaces
585 1426 784 1476 lacrimas,
809 1440 930 1477 quam
955 1428 1226 1467 miserabilem
1252 1428 1564 1468 obtestationem

190 1482 290 1521 vidi!
341 1497 455 1522 nemo
488 1498 666 1534 unquam
697 1488 754 1526 sic
778 1489 941 1538 rogavit
971 1489 1214 1528 missionem.
1264 1489 1565 1529 transferuntur

189 1544 233 1580 in
262 1543 378 1582 illum
417 1545 595 1583 detracta
628 1548 786 1597 corpori
816 1561 904 1587 meo
937 1561 1067 1599 arma,
1107 1551 1148 1588 et
1178 1550 1283 1589 male
1317 1551 1468 1601 aptatis
1499 1551 1561 1589 in-

192 1603 369 1653 signibus
401 1605 636 1644 festinatum
666 1620 741 1657 par
771 1609 1017 1658 producitur.

142 1661 167 1697 9
284 1663 388 1709 Quid
430 1679 492 1704 me
537 1666 759 1707 admonetis
803 1681 1080 1719 supremarum
1119 1672 1239 1710 amici
1275 1672 1356 1724 mei
1398 1684 1563 1722 precum
1582 1684 1618 1712 25

192 1723 334 1772 quibus
371 1725 468 1763 haec
507 1727 698 1766 alimenta
736 1741 828 1767 earo
874 1732 1009 1780 empta
1045 1732 1160 1782 inopi
1196 1733 1326 1782 patris
1364 1733 1563 1772 senectuti

189 1782 346 1833 petita?
387 1785 632 1825 adiutorium
675 1789 749 1827 hoc
788 1790 839 1828 ad
883 1803 1046 1830 causam
1091 1790 1275 1842 putatis?
1336 1804 1401 1832 me
1436 1792 1563 1844 pudet

191 1843 297 1893 quod
328 1847 492 1896 rogatus
525 1860 623 1886 sum.
687 1844 774 1899 eper
804 1848 936 1900 hanc’,
972 1853 1123 1902 inquit,
1157 1849 1273 1891 ‘mihi
1303 1853 1435 1892 lucem
1466 1853 1560 1892 ulti-

189 1916 308 1954 mam,
339 1918 412 1955 per
435 1908 685 1946 notissimam
712 1912 858 1949 amoris
884 1914 1012 1951 nostri
1043 1912 1173 1963 fidem,
1205 1926 1286 1952 non
1312 1915 1420 1953 sinas
1450 1927 1561 1953 men-

287 2106 307 2138 2
335 2104 543 2141 fincxerunt
568 2113 605 2140 B
677 2108 918 2156 adiesscerunt
941 2117 978 2146 B
1075 2115 1095 2146 3
1122 2111 1298 2148 dubitare
1322 2119 1361 2148 B
1455 2117 1478 2149 4
1504 2113 1560 2148 al-

189 2151 312 2186 terum
337 2163 405 2188 om.
426 2159 477 2198 B,
511 2154 596 2190 add.
623 2156 665 2190 in
690 2168 804 2203 mary.
827 2165 850 2192 b
949 2163 968 2194 7
1000 2160 1127 2205 inquit
1158 2171 1279 2196 essem
1308 2170 1328 2204 β
1426 2165 1446 2197 9
1477 2162 1560 2209 {vi-

189 2199 311 2235 carias
338 2212 406 2237 om.
433 2208 461 2235 V
554 2203 669 2239 dabo:
702 2204 824 2241 habeo
852 2208 889 2242 et
915 2208 1014 2243 dabo
1041 2215 1091 2253 P;
1122 2208 1246 2244 habeo
1273 2215 1299 2244 s
1399 2214 1442 2245 12
1470 2209 1559 2246 effe-

186 2248 299 2283 rabat
329 2255 369 2292 νς
395 2249 502 2285 -ebat
526 2257 664 2296 ΒΜβσς
698 2252 874 2290 efferarat
900 2264 920 2289 ς
1020 2260 1063 2292 16
1090 2268 1338 2303 quamquam:
1369 2258 1498 2304 qd’qd’
1525 2265 1562 2294 P

189 2299 231 2331 17
260 2307 299 2332 se
324 2297 442 2333 michi
466 2310 542 2334 non
566 2306 609 2334 M
729 2305 773 2337 18
803 2302 1046 2351 affirmabat}
1071 2307 1105 2351 (1
1132 2306 1187 2342 vel
1211 2308 1237 2342 2
1262 2307 1329 2342 litt.
1351 2308 1414 2354 er.)
1439 2313 1468 2342 V

186 2343 320 2380 vellem
347 2354 374 2380 tr
444 2350 488 2382 21
517 2348 571 2383 bis
596 2360 726 2393 quam:
754 2362 827 2394 quo
848 2358 885 2386 P
950 2354 1243 2398 optestationem
1262 2361 1299 2390 P
1371 2359 1417 2391 24
1442 2355 1558 2391 desti-

185 2393 319 2428 natum
343 2394 418 2430 Bu.
519 2399 563 2431 25
591 2398 813 2434 ammonetis
840 2406 876 2434 P
971 2413 1259 2448 suppremamm
1284 2410 1321 2438 P
