1638 2560
525 619 772 662 Addenda
804 622 853 662 et
886 618 1208 676 corrigenda.

278 704 373 751 Leye
396 715 433 750 p.
456 706 516 746 39,
535 705 586 738 20
605 703 792 738 texerunt.
840 705 923 746 101,
948 704 996 737 12
1022 701 1235 737 consilium.
1282 704 1368 747 128,
1389 704 1433 737 11
1454 700 1564 737 adice

180 765 235 789 θο.
294 755 378 796 157,
403 755 453 788 23
486 751 755 797 extinguatur?
800 761 846 786 ex
883 750 1046 797 geminis
1081 780 1087 786 .
1117 779 1123 785 .
1154 779 1161 785 .
1191 753 1304 794 .161,
1333 752 1356 786 7
1387 749 1561 796 profecit.

181 805 264 845 171,
284 805 309 837 8
336 802 446 836 sorte.
492 803 578 843 181,
599 803 622 835 6
649 799 771 835 sortis.
833 802 916 843 191,
935 801 986 834 26
1007 800 1105 834 sunt.
1156 801 1246 843 227,
1267 801 1318 835 20
1344 797 1561 845 segnitiam.

180 853 268 894 237,
290 853 338 886 16
362 849 615 895 inopinatum.
659 850 745 891 244,
764 850 814 883 18
839 847 1030 882 mortium.
1074 847 1180 883 velut
1203 876 1209 882 .
1227 876 1257 882 ..
1277 849 1366 891 257,
1385 849 1438 883 26
1457 846 1563 882 dam-

179 911 280 933 num.
327 900 412 941 322,
433 901 456 933 9
480 896 681 933 relaturae.
729 899 813 940 324,
833 899 856 931 4
881 897 1034 931 tuorum
1066 907 1150 931 cnm
1187 896 1363 931 maxime.
1410 897 1495 940 347,
1514 898 1563 931 17

179 957 295 992 quam
332 948 384 982 ut.
437 948 522 989 363,
549 948 597 980 33
639 945 687 980 ab
702 944 903 980 -invieem
962 947 1049 988 369,
1076 947 1124 980 18
1168 944 1366 990 rependas.
1426 946 1511 988 370,
1537 947 1563 980 2

179 995 395 1041 perferebat
434 994 529 1029 mihi
570 993 709 1029 illatos.
765 996 853 1037 378,
879 995 928 1029 35
962 992 1108 1028 fructus
1150 992 1269 1029 deleta
1309 993 1561 1029 adnotatione.

180 1047 266 1087 379,
294 1047 314 1079 1
339 1054 418 1078 nos.
470 1044 511 1077 in
542 1042 848 1078 adnotationibus
879 1042 930 1078 ad
962 1044 1022 1086 39,
1050 1044 1072 1077 7
1103 1042 1272 1087 paratur.
1325 1041 1376 1077 ad
1408 1043 1491 1085 143,
1509 1043 1562 1076 28

180 1092 346 1128 dicerem
370 1093 433 1127 M:
461 1090 587 1126 dicere
611 1091 741 1126 BVd.

275 1141 430 1185 fortasse
455 1140 646 1186 leyendwm
667 1151 706 1185 p.
728 1142 810 1184 272,
832 1142 852 1173 6
880 1139 918 1174 et
944 1138 1084 1173 statim.

280 1189 399 1224 Texta
423 1189 536 1223 huius
561 1188 736 1224 editionis
766 1188 844 1223 iam
875 1187 974 1233 typis
1004 1187 1183 1222 mandato
1208 1188 1251 1222 in
1277 1187 1392 1222 lucem
1415 1186 1562 1231 prodiit

179 1238 324 1273 Alberti
343 1237 511 1272 Becker
531 1236 739 1272 dissertatio
760 1236 958 1272 Pseudo·
971 1235 1297 1282 Quintilianea
1312 1237 1456 1279 (1904).
1496 1235 1562 1280 qni

173 1287 372 1331 proposuit
395 1286 500 1329 haec,
534 1286 609 1320 sive
641 1296 683 1320 ea
709 1286 786 1330 ipse
818 1284 976 1328 invenit,
1008 1284 1083 1319 sive
1114 1284 1280 1320 codicum
1311 1283 1480 1319 lectiones
1505 1284 1561 1319 vel

174 1335 347 1379 priorum
360 1334 591 1370 coniecturas
603 1333 887 1369 commendavit:
901 1344 942 1379 p.
965 1335 1000 1378 6,
1015 1335 1037 1367 3
1057 1333 1255 1377 tamquam
1269 1331 1397 1367 etiam.
1437 1333 1498 1376 52,
1510 1334 1559 1367 21

180 1382 350 1418 escendit
374 1383 429 1418 vel
449 1381 622 1417 ascendit
641 1393 714 1427 pro
734 1381 961 1417 extenditur.
1008 1384 1069 1425 56,
1090 1384 1110 1416 1
1137 1380 1355 1426 quicunque
1374 1379 1471 1428 (te)
1499 1391 1560 1415 ca-

179 1442 242 1465 sus
262 1432 401 1466 manet.
447 1433 510 1474 80,
525 1433 571 1466 13
589 1429 806 1466 formatum.
846 1432 906 1474 91,
920 1433 967 1465 15
980 1429 1213 1476 properanti.
1253 1431 1315 1473 93,
1326 1431 1377 1464 23
1391 1439 1436 1464 ac
1454 1427 1558 1464 tolle.

180 1482 264 1522 154,
285 1482 331 1514 19
351 1478 526 1514 maxima.
567 1481 651 1522 155,
670 1482 696 1514 2
714 1478 909 1525 plangore.
956 1480 1042 1522 192,
1062 1480 1086 1513 9
1106 1488 1266 1523 sperare.
1313 1479 1398 1521 193,
1422 1479 1471 1512 18
1499 1489 1559 1512 va-

180 1539 280 1574 gum.
325 1530 411 1571 221,
433 1530 480 1562 17
506 1527 652 1563 arbuta.
697 1529 785 1571 226,
807 1530 852 1562 15
872 1526 947 1562 nisi
966 1527 1115 1562 tantum
1138 1525 1384 1571 sepulturam.
1427 1527 1515 1570 231,
1537 1528 1559 1561 7

179 1576 324 1621 positis.
369 1579 456 1619 249,
478 1579 500 1611 7
526 1575 748 1611 confertum.
792 1578 881 1619 262,
902 1579 924 1610 9
950 1575 1010 1610 his
1040 1574 1280 1610 animalibus.
1324 1576 1413 1618 263,
1433 1577 1452 1609 1
1480 1584 1559 1609 ore-

179 1624 279 1660 dere.
324 1626 412 1667 263,
433 1627 456 1659 9
475 1623 593 1659 fucos.
638 1626 726 1667 269,
747 1626 795 1658 17
820 1623 894 1659 nisi
914 1625 1063 1659 tantum
1084 1623 1186 1668 quod
1206 1621 1357 1658 occidit.
1402 1624 1490 1667 274,
1509 1625 1557 1658 21

179 1672 354 1708 ferarum.
393 1675 481 1716 275,
493 1675 544 1708 20
563 1671 632 1707 illa
646 1672 970 1717 concorporalium
989 1671 1205 1708 maledieta.
1255 1673 1341 1715 281,
1354 1673 1406 1707 22
1424 1673 1558 1706 mutua

181 1720 361 1756 convivia.
411 1723 502 1764 286,
526 1724 574 1756 21
612 1720 853 1766 ferarumque
891 1720 1125 1756 concubitus.
1177 1722 1262 1764 324,
1289 1723 1334 1755 11
1368 1716 1569 1766 singultus

174 1781 246 1815 pro
274 1769 407 1804 cultus.
454 1772 539 1813 324,
557 1772 607 1805 27
632 1768 786 1804 factum.
832 1772 918 1813 397,
938 1772 985 1804 15
1012 1780 1130 1804 arare.
