1638 2560
155 96 244 139 334
555 93 757 129 INFAMIS
782 92 835 127 IN
860 90 1074 127 MATREM
1097 90 1116 126 I
1166 105 1168 108 ⁴

154 210 284 262 poscit
309 209 536 249 sollicitudo
569 209 723 260 generis
755 207 931 245 humani.
983 206 1094 245 stant
1119 205 1225 245 circa
1248 204 1399 245 liberos
1422 206 1527 244 atto-

154 271 232 310 niti
262 271 459 321 parentes,
491 270 628 308 horret
655 268 828 307 invicem
855 280 895 306 se
922 267 1070 306 caritas
1095 266 1278 305 fraterna
1302 265 1528 317 complecti,

154 333 274 381 rupta
307 332 366 369 est
396 330 468 368 illa
506 329 731 368 osculorum
763 329 868 366 inter
900 339 1055 367 soceros
1094 338 1339 378 generosque
1372 326 1529 378 simpli-

155 392 265 430 citas.
318 403 524 441 quousque
556 402 628 428 nos
658 402 748 428 cum
779 388 931 427 silentii
962 388 1024 427 tui
1055 387 1388 438 interpretatione
1421 399 1528 426 com-

154 450 313 491 mittis?
374 451 408 490 si
439 450 542 489 nihil
572 450 725 488 factum
758 450 818 488 est
851 448 957 498 quod
989 447 1134 487 debeat
1165 447 1395 488 erubescere
1426 448 1528 487 tem·
1565 461 1582 490 ις

153 525 296 563 porum
336 511 476 562 pudor,
519 510 614 560 quid
656 510 732 549 sibi
769 510 912 549 volunt
949 509 1071 548 verba
1111 508 1264 559 media,
1303 506 1528 560 suspensa?

153 574 188 611 si
218 572 330 611 nefas
362 571 602 623 prodigiosis
635 571 765 609 simile
797 569 945 609 fabulis
978 568 1294 620 deprehendisti,
1326 569 1528 619 miserere,

153 647 202 671 ne
236 633 289 671 sis
322 645 402 671 una
431 633 560 670 morte
594 633 816 670 contentus.
872 631 1068 669 incestam
1100 629 1266 682 gravius
1298 629 1430 669 odisse
1461 628 1528 668 de-

153 693 238 743 bes,
277 693 383 743 quod
422 694 462 731 et
492 692 605 731 venit
641 693 684 730 in
721 692 869 740 forum,
909 690 1014 740 quod
1054 690 1266 730 audaciam
1301 690 1527 730 innocentis

153 753 339 792 imitatur
383 754 423 792 et
466 752 617 791 tacenti
659 752 818 791 videtur
860 751 993 790 irasci.
1055 764 1146 790 cum
1189 750 1319 789 filium
1362 752 1528 802 propter
1547 765 1584 793 10

152 826 352 852 rumorem
371 814 548 862 torseris,
567 814 733 864 propter
751 813 953 851 tormenta
973 811 1177 862 occideris,
1202 824 1282 850 non
1309 813 1370 851 est
1394 810 1528 850 media

151 886 226 924 res,
257 877 304 912 ut
335 875 523 912 neutrum
549 874 733 912 sciamus.
784 875 914 911 mater
941 872 1114 923 quidem,
1145 871 1309 922 iudices,
1339 872 1527 911 innocen-

152 935 307 974 tissima
344 934 418 973 hoc
450 934 689 984 complorat,
727 934 802 972 hoc
839 934 942 972 ferre
981 946 1062 972 non
1099 934 1250 984 potest,
1283 932 1390 983 quod
1424 932 1528 971 nihil

82 997 132 1034 16
152 994 353 1045 parricida
395 994 620 1044 respondet.
684 994 754 1032 sed
794 993 907 1033 nobis
948 993 1111 1032 videtur
1153 994 1399 1044 iamiamque
1443 1005 1527 1032 esse

153 1055 342 1094 dicturus.
405 1067 484 1093 non
515 1055 624 1094 fallit
655 1067 744 1104 nos,
777 1053 965 1104 nefande,
999 1053 1097 1104 quid
1130 1056 1279 1105 captes,
1311 1054 1387 1093 hoc
1419 1052 1526 1104 quod
1546 1066 1584 1096 ιε

152 1128 272 1166 supra
305 1115 510 1154 silentium
540 1115 667 1154 trahis
701 1115 786 1154 alta
818 1115 1005 1166 suspiria,
1037 1114 1144 1165 quod
1175 1116 1218 1153 in
1248 1113 1526 1165 prorumpenti

151 1176 299 1215 videris
332 1175 619 1214 exclamatione
650 1175 827 1226 deficere,
858 1176 1066 1215 mendacio
1098 1176 1268 1226 paratur
1293 1175 1526 1224 auctoritas,

153 1237 192 1275 et
223 1236 264 1274 in
296 1235 415 1274 fidem
447 1237 660 1286 erupturae
687 1238 796 1275 vocis
823 1236 1015 1286 adfertur,
1047 1237 1094 1275 ut
1118 1236 1240 1275 fateri
1264 1235 1439 1275 videaris
1464 1236 1525 1274 in-

149 1297 269 1335 vitus.
332 1297 396 1335 dic
427 1298 581 1346 tamen,
620 1309 694 1347 par
726 1298 786 1336 est
817 1297 911 1336 huic
942 1298 1001 1335 rei
1032 1298 1175 1336 matris
1209 1296 1442 1348 integritas,
1479 1297 1527 1334 ut

149 1355 388 1396 mentiaris?
439 1370 462 1395 o
496 1359 646 1407 quanto
679 1370 786 1396 nunc
819 1357 955 1396 dolore
993 1358 1194 1407 torqueris
1233 1356 1340 1407 quod
1370 1356 1525 1396 instan-
1544 1370 1582 1398 πο

148 1418 231 1456 tem
261 1430 341 1456 non
372 1419 487 1468 potes
518 1418 655 1467 aliqua
686 1418 793 1456 truci
824 1418 1141 1468 proclamatione
1174 1417 1383 1457 discutere.
1444 1429 1525 1456 non

148 1477 271 1516 verba
311 1477 388 1516 tibi
426 1479 565 1517 contra
608 1478 799 1517 miseram
842 1479 909 1517 sed
956 1479 1195 1530 argumenta
1239 1478 1401 1527 desunt,
1444 1490 1525 1517 non

149 1550 244 1576 voce
283 1538 352 1576 sed
388 1538 625 1588 probatione
664 1538 853 1578 deficeris.
916 1539 1024 1590 quod
1062 1539 1191 1578 solum
1227 1538 1366 1588 datur,
1402 1537 1526 1577 relin-

150 1597 237 1647 quis
269 1598 459 1636 infamiae
493 1601 533 1637 et
563 1612 634 1638 nos
669 1611 759 1637 cum
789 1602 987 1649 perpetua
1013 1612 1240 1639 sermonum
1267 1598 1524 1651 malignitate

149 1657 379 1697 committis.
441 1659 510 1708 qui
554 1660 872 1711 interrogantem
914 1673 1080 1699 uxorem
1123 1673 1195 1699 nec
1241 1659 1409 1698 damnat
1450 1671 1523 1699 nec
1543 1671 1593 1700 25·

149 1716 333 1767 absolvit,
365 1731 523 1757 rumore
556 1721 766 1759 contentus
798 1722 868 1759 est.
928 1721 1168 1760 modestiam
1199 1720 1338 1759 mariti
1369 1720 1524 1771 pariter

149 1780 188 1817 et
219 1779 347 1829 patris
386 1780 566 1830 accipite.
629 1780 677 1819 de
708 1780 875 1819 muliere
909 1794 1011 1830 quae
1050 1781 1233 1820 convinci
1263 1793 1344 1819 non
1376 1781 1523 1832 potest,

148 1838 327 1878 sufficere
366 1839 444 1877 sibi
479 1842 615 1890 putat,
657 1842 705 1879 ut
741 1842 896 1880 incesta
934 1841 1131 1880 credatur.
1196 1842 1285 1891 quis
1329 1853 1521 1891 umquam

146 1900 233 1938 tam
262 1899 455 1938 nefandas
489 1901 604 1950 artes,
637 1902 721 1939 tam
754 1904 964 1940 cruentum
993 1902 1256 1952 deprehendit
1286 1899 1522 1953 ingenium?

148 1959 244 2009 quia
275 1972 355 1998 non
385 1962 521 2009 potest
551 1960 720 2011 probare
755 1962 860 2012 quod
893 1962 1050 2012 dixerit,
1086 1963 1225 2014 captat
1255 1963 1303 2001 ut
1335 1961 1522 2001 credatur
1541 1974 1578 2001 so

1383 2108 1424 2142 at

246 2145 266 2176 2
292 2140 477 2176 fraterna:
506 2153 667 2188 superna
688 2148 731 2177 M
802 2146 822 2177 3
849 2143 1072 2189 tenerosque
1098 2150 1126 2178 V
1219 2147 1240 2179 5
1268 2143 1422 2187 deberet
1445 2148 1475 2177 V

146 2187 411 2240 erubescessssre
435 2195 473 2224 B
590 2193 611 2225 8
638 2191 876 2251 contemptus
902 2191 1089 2227 incestum
1114 2198 1158 2227 M
1278 2194 1322 2227 10
1348 2190 1524 2228 videatur

149 2250 178 2279 V
265 2255 367 2280 cum:
394 2256 485 2279 num
510 2244 589 2280 Seh.
692 2248 735 2279 16
762 2244 802 2279 in
829 2257 896 2281 om
919 2255 937 2288 β
1037 2250 1080 2281 19
1106 2257 1194 2292 pars
1221 2260 1246 2281 α
1342 2245 1456 2282 huius
1482 2251 1527 2280 M

144 2296 190 2328 20
217 2293 382 2329 stantem
412 2299 441 2328 V
558 2297 600 2328 21
628 2282 756 2348 potest
779 2299 818 2328 B
937 2297 982 2329 23
1009 2294 1193 2330 defeceris
1221 2300 1314 2340 ΒΜς
1347 2293 1476 2331 deficis
1500 2301 1522 2341 β

144 2344 188 2424 {77
215 2340 355 2425 maItzauz
367 2346 424 2425 A}
481 2351 578 2386 quae
605 2352 689 2376 cum
714 2341 814 2377 vinci
839 2347 880 2377 M
953 2346 997 2378 28
1023 2342 1170 2378 incerta
1188 2348 1289 2381 ΒΜ
1339 2345 1385 2380 30
1405 2342 1522 2423 capta
