1638 2560
477 93 798 130 DECLAMA'I'IO
823 93 858 130 X
878 97 1032 131 10—13.
1361 95 1447 139 199

652 167 663 190 ί

70 209 157 260 bor,
185 210 419 262 amplectar,
449 209 552 249 flebo
584 221 717 259 supra.
777 222 858 248 non
889 211 950 249 est
979 211 1086 249 ratio
1116 210 1300 249 fortasse.
1355 210 1447 250 ideo

72 270 262 322 quicquid
289 270 491 310 rafionem
521 270 633 319 vicit,
666 270 831 310 affectus
863 272 934 310 est.
985 271 1090 309 nihil
1120 273 1182 310 est
1213 271 1447 311 sceleratius

69 329 259 382 prudenti
288 330 473 371 orbitate.
522 330 642 379 levia,
672 331 822 381 inquit,
852 331 960 370 levia
996 331 1152 382 loquor.
1209 345 1283 383 ego
1317 331 1448 371 filium

69 404 207 431 meum
234 391 431 432 videbam.
495 403 694 442 quaenam
725 391 849 431 istum
879 392 1056 441 fortuna,
1087 404 1190 442 quae
1221 392 1449 432 indulserat

32 463 52 492 5
70 451 251 492 condicio
294 450 494 491 naturae?
561 464 643 491 non
686 451 923 491 excludebat
966 452 1118 492 orbitas
1163 453 1300 493 oculos
1343 456 1446 493 tuos.

70 525 160 552 eras
190 513 274 552 iam
305 515 533 562 consecuta,
570 514 713 562 mater,
743 514 791 552 ut
820 512 1007 552 iuvenem
1038 513 1103 552 die
1135 513 1342 552 absentem
1373 527 1448 565 pu-

68 574 191 614 tares.
250 573 468 613 maximam
498 573 678 623 perdidit
707 586 816 612 mors
848 573 1127 624 acerbitatem,
1160 575 1196 613 si
1227 574 1358 625 possis
1388 576 1448 614 vi—

47 633 164 674 dere
193 647 314 685 quem
344 635 536 673 amiseris.
600 633 737 673 videre
768 647 862 687 ergo
894 634 972 673 tibi
1002 634 1274 686 contingebat,
1306 648 1329 674 o
1360 649 1450 675 mu-

68 693 162 745 lier,
192 695 370 744 vultum,
405 694 609 744 habitum,
647 707 808 745 corpus,
846 696 1058 735 incessum.
1121 708 1202 734 non
1234 696 1448 746 crederem,

13 766 52 794 ιο
68 754 148 795 nisi
178 757 220 794 te
257 725 479 806 perdidisse
511 756 691 794 sentires.
753 757 938 806 tempora
969 768 1063 807 ergo
1096 769 1188 796 cum
1226 759 1356 796 morte
1388 757 1448 796 di-

67 815 220 856 viseras
246 817 288 855 et
311 816 527 866 superstite
551 815 637 855 filio
662 816 860 856 fruebaris
880 816 1065 856 omnibus
1090 817 1279 856 tenebris.
1322 830 1448 868 quan-

67 878 157 915 tum
187 876 422 928 perdideris,
451 876 544 916 hinc
576 878 764 916 aestima:
795 877 871 916 hoc
901 877 989 926 tibi,
1021 879 1057 916 si
1087 890 1168 917 non
1200 879 1449 930 contigisset,

67 950 149 976 non
179 949 267 976 eras
297 938 385 976 tam
414 937 618 988 improba,
648 939 696 976 ut
726 939 898 988 optares.
962 938 1122 989 aliquis,
1154 951 1177 978 ο
1209 939 1355 989 pietas,
1388 951 1447 979 se-

67 997 210 1048 pultus
240 999 283 1037 et
313 997 516 1047 condituS,
547 999 672 1037 ceteri
702 999 880 1049 corporis
912 998 1012 1038 cinis
1044 1001 1085 1038 et
1116 999 1276 1050 favilla,
1310 1002 1448 1039 tamen

13 1068 49 1096 ιο
68 1070 213 1109 corpus
251 1058 438 1098 sumebat
473 1059 517 1097 in
556 1060 674 1098 nocte
713 1063 753 1098 et
791 1059 843 1098 ad
880 1059 1011 1098 solida
1048 1061 1223 1099 viventis
1267 1061 1449 1100 membra

66 1120 281 1159 revocatus
311 1118 532 1170 praebebat
563 1132 604 1159 se
635 1121 779 1159 matris
811 1120 940 1160 oculis
967 1121 1131 1170 qualem
1161 1133 1243 1161 non
1267 1121 1448 1161 crederes
1486 1147 1488 1150 f

66 1191 325 1220 recessurum.
375 1192 448 1219 nec
474 1180 588 1230 queri
613 1179 662 1219 de
681 1180 769 1219 luce
794 1183 1037 1232 poteramus.
1084 1184 1281 1232 quantum
1300 1182 1449 1221 licebat

68 1239 221 1279 aderat.
281 1240 447 1280 videbas
491 1254 609 1292 ergo,
658 1241 822 1291 mulier,
873 1254 919 1281 ac
962 1242 1193 1292 praesentia
1236 1243 1447 1282 fruebaris.

68 1296 300 1350 ‘videbam',
342 1301 495 1352 inquit,
533 1297 591 1341 ‘et
633 1301 807 1340 fruebar.
870 1304 911 1341 et
955 1302 1008 1341 ad
1045 1316 1163 1352 quem
1206 1303 1448 1354 pertinebat,

12 1371 50 1398 ὀ
67 1373 184 1413 rogo,
222 1362 382 1400 etiamsi
412 1359 684 1412 decipiebar?'
749 1363 819 1401 sed
851 1362 947 1413 quid
980 1375 1053 1415 ego
1085 1365 1181 1402 utor
1214 1365 1447 1403 testimonio

66 1420 166 1461 tuo?
215 1434 335 1474 mago
361 1422 478 1461 credo
510 1424 552 1462 et
576 1422 723 1462 vidisse
755 1425 796 1462 te
827 1423 958 1462 filium
990 1426 1031 1462 et
1055 1437 1162 1463 nunc
1193 1438 1274 1464 non
1299 1424 1447 1464 videre.

156 1482 215 1521 At
243 1484 292 1522 tu
321 1484 470 1522 misera
500 1483 602 1521 nihil
634 1483 832 1523 crudelius
864 1497 911 1523 ex
942 1485 1090 1523 marito
1121 1485 1293 1524 timebas
1326 1498 1449 1536 quam
1469 1485 1521 1522 13

67 1556 118 1581 ne
154 1543 231 1582 tibi
267 1555 347 1582 non
381 1543 569 1582 crederet.
633 1540 795 1594 ‘nemo’,
832 1545 984 1595 inquit,
1018 1542 1159 1585 ‘oculis
1191 1547 1290 1585 meis
1328 1546 1448 1585 fidem

68 1603 265 1644 detrahat.
315 1603 387 1653 fili,
411 1604 760 1656 indulgentissime
787 1605 1029 1655 adolescens,
1048 1606 1135 1645 vidi
1159 1608 1210 1656 te,
1230 1619 1303 1646 nec
1325 1608 1448 1646 semel

13 1673 49 1701 2⁶
67 1663 164 1703 vidi.
227 1665 383 1703 certum
415 1667 492 1714 est,
529 1664 654 1704 fixum
685 1667 764 1715 est,
796 1665 897 1716 eripi
928 1679 1010 1706 non
1039 1668 1184 1717 potest.
1249 1670 1447 1718 quatenus

67 1724 216 1775 impius
254 1726 371 1775 pater
408 1728 449 1764 et
484 1725 560 1765 hoc
597 1725 675 1764 tibi
712 1726 868 1765 auferre
907 1729 1091 1777 conatur,
1130 1730 1177 1766 ut
1214 1729 1254 1767 te
1291 1729 1447 1768 venisse

68 1797 150 1824 non
188 1783 375 1824 credam?
435 1798 508 1825 nec
544 1786 648 1825 illud
685 1787 849 1838 garrula
885 1800 958 1826 nec
994 1800 1102 1827 vana
1135 1801 1231 1828 voce
1269 1789 1447 1842 vulgavi,

67 1845 205 1885 venire
235 1847 277 1885 te
307 1845 411 1884 nulli
447 1845 642 1896 indicavi,
679 1847 758 1886 nisi
790 1848 860 1898 qui
897 1848 1060 1888 deberet
1097 1851 1254 1900 optare,
1289 1852 1335 1889 ut
1372 1850 1448 1889 hoc

67 1918 216 1957 posses.
278 1906 387 1957 patri
423 1909 585 1946 tantum
616 1910 704 1958 tuo,
742 1908 851 1959 patri
882 1931 942 1935 —
973 1910 1134 1961 ignosce
1167 1909 1356 1961 deceptae
1393 1932 1444 1937 —

13 1976 50 2004 so
69 1967 250 2006 confessa
281 1979 382 2017 sum,
413 1967 510 2006 dum
541 1969 759 2020 interrogo,
791 1981 843 2007 an
874 1971 915 2008 te
947 1972 988 2009 et
1018 1970 1089 2009 ille
1121 1968 1315 2010 vidisset?

165 2073 186 2105 2
211 2070 333 2106 vincit
361 2077 389 2105 V
500 2074 520 2105 3
547 2071 754 2119 prudenti}
779 2074 816 2119 (a
840 2074 905 2119 er.)
932 2079 974 2107 η
1081 2077 1103 2108 4
1133 2085 1231 2119 quae
1258 2086 1324 2110 om.
1354 2081 1381 2109 V

68 2158 90 2189 5
115 2153 246 2190 oculos
270 2156 356 2190 tuos
383 2155 527 2191 orbitas
553 2164 573 2198 β
648 2159 667 2191 '1
693 2131 808 2204 vide}2
829 2163 867 2192 B
951 2161 995 2192 14
1022 2159 1148 2194 cetera
1173 2159 1252 2195 Sch.
1338 2163 1382 2194 15
1410 2160 1449 2195 et

68 2209 124 2238 M:
152 2203 218 2238 sed
242 2204 378 2249 reliqui
463 2204 638 2240 niventus
663 2206 719 2241 vel
743 2205 918 2241 iuventus
945 2212 1022 2241 MP
1096 2210 1140 2242 18
1167 2207 1378 2243 adherebat
1397 2214 1447 2250 M,

67 2250 129 2286 vel
153 2250 314 2287 adherat
338 2266 380 2287 ιη
478 2252 551 2288 hac
582 2259 610 2287 V
705 2257 748 2289 19
774 2253 927 2289 fruebat
954 2260 1003 2298 Μ,
1028 2266 1121 2292 corr.
1142 2270 1185 2290 m
1283 2259 1329 2291 20
1355 2267 1447 2302 rogo

68 2310 137 2335 om.
154 2305 195 2347 β
269 2304 314 2336 21
341 2311 418 2336 non
442 2312 510 2337 om.
533 2307 577 2336 Μ
664 2305 710 2337 24
736 2302 807 2338 fili:
835 2301 904 2337 filii
923 2308 975 2346 B,
1001 2303 1081 2339 vidi
1110 2303 1193 2340 Obr.
1283 2308 1328 2339 25
1355 2314 1446 2349 qua-

68 2347 172 2382 tinus
202 2354 229 2383 V
323 2352 366 2384 27
394 2349 523 2395 vulgvi
550 2356 604 2393 M,
631 2360 723 2386 corr.
744 2365 786 2385 u·
886 2354 931 2386 29
958 2351 1118 2398 decepta
1145 2361 1164 2395 β
1263 2356 1308 2387 30
1335 2363 1384 2387 an
1410 2354 1447 2387 te

68 2407 136 2432 om.
159 2402 208 2440 Μ,
234 2408 335 2443 supr.
356 2412 398 2432 m
