1638 2560
182 136 269 179 348
581 133 783 170 INFAMIS
808 132 862 168 IN
887 131 1102 168 MATREM
1125 131 1161 168 Π

183 252 365 302 captavit
395 262 517 300 quam
550 249 756 288 silentium
788 247 895 298 quod
924 248 1132 298 praestare
1163 247 1251 286 vita
1276 259 1357 287 non
1387 248 1560 299 poterat.

184 311 367 362 quisquis
398 310 441 348 in
467 309 678 349 tormentis
710 308 919 360 occiditur,
950 307 1041 347 ideo
1067 309 1199 347 tortus
1231 309 1305 358 est,
1329 295 1377 347 ut
1407 307 1560 348 occide-

182 374 306 411 retur.
371 383 423 409 an
453 372 500 409 tu
533 371 807 420 quaestionem
839 369 954 407 illam
988 369 1114 407 fuisse
1147 367 1275 408 credis
1307 369 1442 419 qualis
1473 382 1560 409 ver-

182 432 331 471 nilibus
358 430 588 481 corporibus
615 428 858 468 adhibetur?
911 429 1002 468 ideo
1036 428 1143 467 enim
1169 429 1325 470 eculeos
1350 429 1561 470 movebam

183 492 329 531 artifex
349 504 479 542 SeneX,
504 490 719 530 tendebam
736 489 920 529 fidiculas
942 490 1100 528 ratione
1120 489 1328 540 saevitiae,
1352 491 1400 529 ut
1417 489 1562 530 leviter
1597 503 1619 530 5

183 552 343 592 sedibus
375 553 459 592 suis
490 553 647 590 remota
685 563 880 602 compago
915 563 988 601 per
1025 550 1204 602 singulos
1239 551 1351 590 artus
1381 549 1561 590 membra

184 613 350 652 laxaret.
409 612 671 662 consumptus
704 613 765 650 est
806 611 972 661 spiritus
1004 611 1166 650 silentio
1199 612 1280 662 sui,
1322 612 1363 651 et
1393 611 1562 651 verbera

182 673 376 724 ignesque
409 673 589 711 animum
620 671 774 722 pariter
811 684 1031 722 vocemque
1065 671 1284 712 cluserunt.
1345 671 1563 712 videbatur

182 733 283 772 mihi
313 746 492 783 premere
525 733 716 784 gemitus,
753 734 890 771 tenere
923 733 1117 782 suspiria,
1153 734 1195 771 et
1226 733 1282 772 sic
1313 732 1416 771 nihil
1448 732 1562 783 dixit,

111 794 163 831 13
183 796 390 843 tamquam
421 795 678 843 torqueretur
709 793 759 831 ab
785 793 945 832 homine
978 795 1050 843 qui
1082 793 1211 832 sciret.
1274 793 1435 833 miraris
1459 793 1563 833 hanc
1582 806 1619 833 ιο

184 855 225 892 in
257 854 341 893 filio
383 853 696 902 contumaciam,
736 853 778 892 in
819 854 962 892 iuvene
1004 851 1274 904 patientiam?
1334 854 1445 904 patri
1480 855 1562 893 tor·

185 915 323 965 quenti
354 928 435 953 non
466 916 600 964 potest
638 914 758 952 aliter
788 914 1037 965 responderi,
1071 927 1195 966 quam
1225 915 1275 953 ut
1310 914 1414 954 mori
1444 914 1564 954 malit

185 988 306 1025 quam
347 974 538 1014 confiteri.
603 975 711 1025 quod
754 974 903 1014 sufficit
941 974 1071 1026 igitur
1114 975 1461 1027 interrogantibus
1501 988 1562 1014 re-

185 1035 377 1086 spondeo,
418 1035 582 1074 mulier:
625 1035 762 1074 occidi.
824 1035 1002 1086 fallitur,
1050 1035 1234 1086 quisquis
1273 1037 1476 1087 expectat,
1516 1037 1564 1075 ut

185 1096 404 1135 obiciamus
441 1095 513 1134 illa
545 1096 789 1134 communia:
829 1108 903 1146 ego
941 1109 1036 1135 vero
1074 1096 1298 1147 proclamo,
1335 1109 1417 1135 non
1448 1097 1563 1136 luxu·
1583 1109 1618 1136 15

183 1156 352 1205 riosum,
392 1169 473 1196 non
506 1169 640 1195 amore
680 1156 900 1195 meretricis
937 1156 1148 1206 infamem,
1188 1156 1291 1196 nihil
1327 1157 1398 1196 ille
1436 1157 1563 1196 delin-

186 1216 335 1267 quebat
361 1217 560 1267 quomodo
587 1216 704 1255 liberi
730 1217 871 1256 solent.
927 1219 1152 1256 monstrum
1181 1219 1270 1256 erat
1293 1217 1564 1257 inenarrabile

185 1277 292 1327 quod
323 1278 472 1316 nollem
504 1277 810 1327 deprehendere,
844 1277 953 1327 quod
983 1279 1088 1317 ferre
1119 1291 1201 1316 non
1232 1290 1402 1329 possem.

274 1337 446 1376 Miratur
478 1337 627 1388 aliquis
667 1338 776 1387 quod
811 1351 892 1377 non
932 1338 1203 1378 abdicaverim
1243 1351 1315 1378 nec
1352 1338 1564 1379 notissima

185 1397 339 1436 ultione
372 1400 535 1449 patrum
560 1398 707 1436 fuerim
738 1400 898 1437 tantum
925 1399 1125 1449 expulisse
1158 1398 1400 1439 contentus?
1455 1401 1564 1448 tuus,
1583 1412 1621 1438 ιο

185 1459 347 1507 mulier,
387 1459 586 1508 nefarius,
624 1461 719 1497 tuus
750 1459 1002 1498 inconsultus
1033 1473 1114 1499 non
1154 1459 1340 1511 permisit
1371 1460 1563 1499 adfectus.

183 1519 314 1557 filium
359 1520 424 1557 cui
469 1521 608 1558 contra
659 1519 914 1558 severitatem
963 1533 1095 1559 meam
1138 1520 1392 1572 ignoscebas‚
1444 1533 1565 1571 quem

185 1591 343 1617 mecum
376 1579 505 1618 odisse
537 1592 618 1618 non
649 1581 822 1629 poteras,
855 1582 993 1619 secuta
1025 1582 1170 1620 fuisses
1204 1581 1445 1620 abdicatum.

277 1639 402 1691 Finge
441 1641 627 1679 iuvenem
666 1639 811 1679 dixisse
849 1642 982 1680 nescio
1022 1641 1138 1692 quid,
1177 1654 1250 1693 ego
1289 1641 1430 1681 audire
1462 1640 1565 1680 nihil

187 1700 315 1750 potui.
378 1713 457 1738 non
485 1700 591 1738 enim
616 1701 830 1750 potestatis
858 1701 1029 1741 alicuius
1055 1715 1165 1741 more
1191 1702 1460 1752 consederam,
1491 1714 1565 1741 nec
1585 1714 1621 1741 25

186 1760 468 1809 torquentibus
490 1760 582 1799 aliis
603 1760 772 1812 agebam
790 1761 965 1800 iudicem
990 1765 1160 1813 patrem.
1213 1775 1286 1814 ego
1302 1765 1402 1802 tunc
1422 1763 1565 1802 cuncta

291 1890 306 1920 1
337 1897 467 1931 quam:
496 1888 597 1932 quod
617 1894 654 1922 P
725 1891 745 1922 2
774 1875 986 1924 o‘dideretur
1011 1896 1049 1924 B
1127 1894 1149 1925 4
1174 1889 1284 1926 video
1310 1896 1348 1925 B
1426 1893 1447 1926 ὅ
1474 1889 1566 1926 arti-

187 1934 250 1969 fex
276 1946 341 1970 om.
371 1941 420 1980 P;
449 1935 617 1971 carnifex
642 1935 722 1972 Sch.
848 1940 868 1972 5
894 1937 1073 1973 tenebam
1098 1945 1197 1983 Ββᾶς
1223 1938 1362 1986 tenebo
1389 1944 1445 1984 M3
1472 1949 1565 1975 corr.

191 2018 255 2054 Gr.
381 2023 399 2054 7
429 2020 486 2055 est
512 2031 578 2055 om.
607 2029 626 2062 β
747 1997 884 2056 17θῖ813,
909 2028 946 2077 Β
1067 2026 1087 2058 8
1113 2023 1334 2070 pariterque
1359 2029 1410 2068 M,
1435 2033 1566 2059 vocem

186 2114 288 2148 supr.
314 2117 356 2137 m
475 2107 518 2138 10
545 2103 629 2150 quiss
655 2111 693 2139 Β
807 2109 851 2140 11
878 2082 1012 2142 i1ii¹ene
1037 2114 1075 2142 Β
1196 2112 1240 2143 12
1265 2107 1494 2154 respondere
1518 2113 1566 2152 Β,

187 2175 237 2210 -ri
264 2182 286 2209 b
378 2175 504 2211 mallit
531 2183 586 2221 M3
612 2177 746 2213 mallet
770 2184 802 2212 J
893 2182 936 2213 13
965 2155 1022 2222 Qd
1049 2180 1088 2226 (d
1107 2191 1208 2226 supr.
1229 2182 1285 2227 m)
1305 2186 1349 2216 Μ
1438 2184 1483 2216 16
1508 2179 1567 2215 in-

187 2259 354 2342 famhqlM
448 2264 493 2296 20
521 2260 694 2297 affuerim
721 2276 745 2296 α
772 2261 828 2308 (af
850 2274 897 2298 er.
920 2264 972 2309 M)
1073 2268 1118 2299 24
1145 2241 1304 2312 disssses
1330 2251 1458 2300 nescio
1483 2270 1522 2300 B

188 2319 251 2342 nlo
281 2320 293 2342 1

242 2345 266 2353 κ

241 2352 266 2391 mxl

324 2346 437 2391 (supr.
465 2346 520 2391 m)
542 2352 585 2380 M
656 2350 700 2382 25
729 2346 963 2382 consideram
983 2354 1029 2392 B,
1056 2348 1104 2383 ab
1124 2360 1226 2395 supr.
1248 2356 1271 2383 b
1346 2353 1391 2384 26
1417 2349 1567 2396 patrem

187 2429 298 2475 pater
325 2443 348 2463 α
448 2433 493 2465 26
515 2405 651 2466 ἳξὲἓίῑει
677 2433 712 2477 (v
738 2442 783 2466 ew
809 2432 844 2476 a>
871 2437 922 2476 Β;
948 2433 1029 2467 tam
1055 2439 1106 2477 M,
1132 2433 1191 2468 vel
1217 2435 1309 2469 tuno
1334 2445 1434 2479 supr.
1461 2447 1503 2468 m
