1638 2560
142 125 265 161 XVIII
687 121 978 158 PRAEFATIO.

145 241 298 279 tionem
330 239 580 288 formamque
605 237 938 288 perspiciendam,
973 249 1020 275 ea
1051 235 1171 275 laude
1203 233 1420 274 fraudandi
1451 246 1532 273 non

147 302 242 339 sunt
274 299 380 350 quod
413 311 516 349 quae
548 300 798 347 invenerant,
836 297 950 336 nulla
988 296 1241 335 coniectandi
1272 294 1440 334 libidine
1472 294 1533 332 in-

148 361 265 399 citati
306 373 388 399 non
420 359 742 409 depravaverunt
774 360 814 396 et
846 370 893 395 ea
937 369 1041 407 quae
1083 356 1324 407 exemplaris
1365 355 1533 406 propria

147 423 278 470 erant,
310 433 401 458 raro
435 419 688 458 deterserunt
726 420 846 468 atque
883 418 1129 457 deleverunt.
1186 417 1287 466 iam,
1325 418 1373 455 ut
1403 414 1531 454 mani-

147 482 250 520 festo
282 480 544 531 intellegatur
568 481 675 518 recte
707 479 931 517 iudicatum
957 491 1040 517 esse
1074 477 1121 516 de
1154 477 1335 516 familiae
1367 491 1393 516 α
1425 475 1533 515 codi-

148 541 258 580 cibus
290 541 393 579 hanc
421 540 594 580 adiciam
625 539 807 579 tabulam
841 540 1070 590 excerptam
1101 551 1148 577 ex
1180 538 1322 589 primis
1347 536 1532 589 pagellis.

147 712 184 748 p.
213 699 253 746 4,
282 699 304 735 2
339 690 719 750 probaveritisl)
769 695 1107 746 probaveritis
1169 694 1403 745 probaverit

163 788 188 810 ,,
222 759 261 807 4,
289 759 313 796 5
348 759 465 796 erunt
770 757 888 794 erunt
1170 757 1311 794 erant

165 849 187 868 „
221 819 259 867 4,
289 819 341 856 12
377 819 605 856 acraessent
770 818 998 856 acraessent
1170 818 1279 855 acta
1312 817 1477 855 essent

162 909 183 928 ‚,
217 879 256 928 4,
286 869 349 916 17'
372 878 550 916 miserim
572 872 732 931 (mise-
769 878 986 915 miserrimi
1169 876 1387 916 miserrimi

370 933 487 991 rini)

163 1029 185 1051 „
220 1000 257 1048 7,
286 999 310 1037 5
345 1001 531 1047 suscepta
770 999 1002 1047 suspecta
1170 998 1357 1047 suscepta

163 1090 186 1109 „
220 1059 257 1108 8,
287 1060 311 1097 3
346 1058 560 1097 discedit
771 1057 977 1097 descendit
1172 1057 1385 1096 discedit

164 1150 185 1169 „
220 1120 259 1168 8,
287 1121 339 1158 21
375 1119 578 1158 blandiori
770 1118 990 1157 blandiri
1170 1117 1391 1157 blandiri

166 1210 187 1230 „
222 1181 260 1229 8,
289 1180 343 1218 27
377 1180 490 1217 invia
771 1179 851 1217 via
1171 1179 1251 1217 via

164 1270 185 1290 „
221 1241 259 1288 9,
289 1240 343 1277 14
377 1239 526 1290 gradus
772 1239 925 1290 gradu
1027 1242 1030 1247 ’
1172 1239 1320 1291 gradus

165 1331 187 1350 „
223 1302 290 1350 11,
319 1301 340 1338 1
378 1299 511 1338 dicens
545 1294 715 1352 (dices)
772 1300 871 1338 dicis
1172 1299 1306 1339 dicens

167 1391 188 1410 „
223 1362 291 1409 14,
320 1361 375 1398 10
407 1360 614 1409 telocupat
643 1355 733 1414 (te-
770 1360 852 1398 telo
887 1362 1060 1410 occupat
1172 1361 1343 1410 occupat

394 1420 491 1458 lum
505 1414 731 1474 occupat)

165 1511 186 1530 „
222 1482 289 1530 14,
319 1482 371 1518 15
404 1480 446 1518 id
478 1481 675 1519 mittendo
772 1480 1022 1520 admittendo
1170 1482 1219 1519 in
1237 1479 1536 1519 admittendo

169 1571 190 1590 „
226 1543 292 1590 15,
323 1542 376 1579 14
409 1541 514 1579 hunc
548 1536 674 1594 (huc)
770 1541 864 1580 hinc
1171 1540 1266 1580 huic

419 1603 454 1622 00

167 1667 189 1686 „
225 1637 292 1685 16,
321 1638 344 1675 6
379 1638 636 1676 conlorare
773 1637 993 1676 colorare
1173 1637 1422 1688 complorare

167 1728 188 1746 „
224 1697 290 1746 18,
320 1698 375 1735 20
409 1697 733 1737 exheredatus
773 1698 1096 1737 exheredatus
1171 1698 1386 1737 heredatus

167 1787 188 1807 „
225 1758 293 1806 18,
321 1753 377 1795 24
410 1759 545 1808 gravis
773 1759 908 1809 gravis
1173 1759 1374 1811 gravius

168 1847 188 1868 „
225 1818 292 1867 19,
322 1819 345 1855 2
380 1819 423 1855 at
774 1820 824 1856 at
1174 1820 1305 1858 omisit

168 1908 189 1926 „
224 1878 292 1926 21,
320 1878 345 1915 4
380 1878 532 1927 eperire
774 1878 996 1928 deperire
1173 1880 1305 1930 perire

169 1967 190 1987 „
226 1939 293 1987 23,
317 1938 370 1976 28
404 1938 628 1976 infamatur
690 1951 736 1977 ac
773 1939 997 1977 infamatur
1029 1951 1075 1978 ao
1174 1940 1313 1978 omisit.

392 1993 735 2052 (infamatura)

1367 2062 1375 2084 k

248 2094 351 2132 Tum
383 2094 540 2133 saeculo
567 2094 646 2133 ΧΠ
676 2095 840 2133 ineunte
866 2095 931 2133 vel
963 2099 1069 2134 certe
1102 2108 1182 2134 non
1207 2097 1300 2146 post
1330 2095 1406 2133 hoc
1437 2097 1539 2134 tem-

156 2167 231 2205 pus
251 2154 370 2193 homo
391 2154 556 2204 quidam
577 2155 718 2194 doctus
738 2155 836 2194 duas
857 2155 949 2193 illas
969 2155 1147 2194 familias
1168 2157 1353 2194 accurate
1374 2155 1480 2194 inter
1497 2168 1538 2195 se

158 2214 332 2254 contulit
356 2214 628 2264 lectionesque
661 2215 840 2253 familiae
866 2215 892 2267 β
918 2228 1017 2265 quas
1044 2215 1299 2266 probaverat,
1330 2216 1381 2255 ad
1408 2229 1538 2255 exem-

159 2275 249 2326 plar
290 2287 405 2314 suum
448 2275 554 2324 quod
596 2289 641 2313 ex
682 2274 990 2326 Bambergensis
1031 2289 1110 2314 non
1153 2275 1341 2315 Vossiani
1380 2276 1543 2315 familia,

258 2404 291 2448 1)
316 2401 457 2437 litteris
484 2401 650 2437 diductis
677 2402 844 2448 genuina
863 2401 976 2437 lectio
1003 2401 1251 2448 significatur.
