<?xml version="1.0" encoding="UTF-8"?>
<!DOCTYPE html PUBLIC "-//W3C//DTD XHTML 1.0 Transitional//EN"
    "http://www.w3.org/TR/xhtml1/DTD/xhtml1-transitional.dtd">
<html xmlns="http://www.w3.org/1999/xhtml" xml:lang="en" lang="en">
 <head>
  <title>
</title>
<meta http-equiv="Content-Type" content="text/html;charset=utf-8" />
  <meta name='ocr-system' content='tesseract 3.04.00' />
  <meta name='ocr-capabilities' content='ocr_page ocr_carea ocr_par ocr_line ocrx_word'/>
</head>
<body>
  <div class='ocr_page' id='page_1' title='image "./quintilianiquaef00lehnuoft_0080.png"; bbox 0 0 1638 2560; ppageno 0'>
   <div class='ocr_carea' id='block_1_1' title="bbox 137 125 1037 175">
    <p class='ocr_par' dir='ltr' id='par_1_1' title="bbox 137 125 1037 175">
     <span class='ocr_line' id='line_1_1' title="bbox 137 125 1037 175; baseline -0.009 -6"><span class='ocrx_word' id='word_1_1' title='bbox 137 133 198 175; x_wconf 90' lang='lat'><strong>44</strong></span> <span class='ocrx_word' id='word_1_2' title='bbox 608 127 753 165; x_wconf 83' lang='lat' dir='ltr'>MILES</span> <span class='ocrx_word' id='word_1_3' title='bbox 778 125 1037 163; x_wconf 78' lang='lat' dir='ltr'><strong>MARIANVS</strong></span> 
     </span>
    </p>
   </div>
   <div class='ocr_carea' id='block_1_2' title="bbox 99 236 1575 1682">
    <p class='ocr_par' dir='ltr' id='par_1_2' title="bbox 138 236 1509 414">
     <span class='ocr_line' id='line_1_2' title="bbox 138 236 1508 294; baseline -0.009 -7"><span class='ocrx_word' id='word_1_4' title='bbox 138 247 362 286; x_wconf 88' lang='lat' dir='ltr'><strong>laudandus</strong></span> <span class='ocrx_word' id='word_1_5' title='bbox 394 247 454 285; x_wconf 89' lang='lat' dir='ltr'><strong>est</strong></span> <span class='ocrx_word' id='word_1_6' title='bbox 483 246 546 284; x_wconf 86' lang='lat' dir='ltr'><strong>vir</strong></span> <span class='ocrx_word' id='word_1_7' title='bbox 576 244 706 294; x_wconf 88' lang='lat' dir='ltr'><strong>fortis,</strong></span> <span class='ocrx_word' id='word_1_8' title='bbox 736 243 903 282; x_wconf 89' lang='lat' dir='ltr'><strong>idoneus</strong></span> <span class='ocrx_word' id='word_1_9' title='bbox 927 239 1048 289; x_wconf 89' lang='lat' dir='ltr'><strong>bello,</strong></span> <span class='ocrx_word' id='word_1_10' title='bbox 1078 240 1292 290; x_wconf 88' lang='lat' dir='ltr'><strong>promptus</strong></span> <span class='ocrx_word' id='word_1_11' title='bbox 1317 237 1369 277; x_wconf 84' lang='lat' dir='ltr'><strong>ad</strong></span> <span class='ocrx_word' id='word_1_12' title='bbox 1400 236 1508 288; x_wconf 89' lang='lat' dir='ltr'><strong>peri—</strong></span> 
     </span>
     <span class='ocr_line' id='line_1_3' title="bbox 141 297 1509 357; baseline -0.008 -10"><span class='ocrx_word' id='word_1_13' title='bbox 141 308 249 357; x_wconf 85' lang='grc'><strong>01118,</strong></span> <span class='ocrx_word' id='word_1_14' title='bbox 287 306 529 357; x_wconf 81' lang='lat' dir='ltr'><strong>praestantis</strong></span> <span class='ocrx_word' id='word_1_15' title='bbox 571 305 696 343; x_wconf 82' lang='lat' dir='ltr'><strong>animi</strong></span> <span class='ocrx_word' id='word_1_16' title='bbox 725 325 784 329; x_wconf 86' lang='lat'><strong>-—</strong></span> <span class='ocrx_word' id='word_1_17' title='bbox 815 302 939 340; x_wconf 90' lang='lat' dir='ltr'><strong>libere</strong></span> <span class='ocrx_word' id='word_1_18' title='bbox 981 301 1114 340; x_wconf 90' lang='lat' dir='ltr'><strong>dicam</strong></span> <span class='ocrx_word' id='word_1_19' title='bbox 1146 321 1201 326; x_wconf 92' lang='lat'>—</span> <span class='ocrx_word' id='word_1_20' title='bbox 1235 299 1396 352; x_wconf 76' lang='lat' dir='ltr'><strong>dignior</strong></span> <span class='ocrx_word' id='word_1_21' title='bbox 1437 297 1509 348; x_wconf 87' lang='lat' dir='ltr'><strong>qui</strong></span> 
     </span>
     <span class='ocr_line' id='line_1_4' title="bbox 140 358 1507 414; baseline -0.007 -7"><span class='ocrx_word' id='word_1_22' title='bbox 140 368 324 407; x_wconf 88' lang='lat' dir='ltr'><strong>tribunus</strong></span> <span class='ocrx_word' id='word_1_23' title='bbox 351 368 462 406; x_wconf 80' lang='lat' dir='ltr'><strong>esset.</strong></span> <span class='ocrx_word' id='word_1_24' title='bbox 512 366 587 404; x_wconf 90' lang='lat' dir='ltr'><strong>hoc</strong></span> <span class='ocrx_word' id='word_1_25' title='bbox 607 365 713 403; x_wconf 89' lang='grc'><strong>0111111</strong></span> <span class='ocrx_word' id='word_1_26' title='bbox 730 363 970 414; x_wconf 83' lang='lat' dir='ltr'><strong>propinquo,</strong></span> <span class='ocrx_word' id='word_1_27' title='bbox 996 361 1112 410; x_wconf 84' lang='lat' dir='ltr'><strong>Mari,</strong></span> <span class='ocrx_word' id='word_1_28' title='bbox 1137 372 1219 399; x_wconf 92' lang='lat' dir='ltr'><strong>non</strong></span> <span class='ocrx_word' id='word_1_29' title='bbox 1245 358 1507 399; x_wconf 83' lang='lat' dir='ltr'><strong>erubesceres.</strong></span> 
     </span>
    </p>

    <p class='ocr_par' dir='ltr' id='par_1_3' title="bbox 142 417 1570 899">
     <span class='ocr_line' id='line_1_5' title="bbox 231 417 1509 473; baseline -0.006 -7"><span class='ocrx_word' id='word_1_30' title='bbox 231 427 352 466; x_wconf 82' lang='lat' dir='ltr'><strong>Pater</strong></span> <span class='ocrx_word' id='word_1_31' title='bbox 376 427 468 465; x_wconf 84' lang='lat' dir='ltr'><strong>huic</strong></span> <span class='ocrx_word' id='word_1_32' title='bbox 495 425 669 465; x_wconf 90' lang='lat' dir='ltr'><strong>emeritis</strong></span> <span class='ocrx_word' id='word_1_33' title='bbox 694 424 800 462; x_wconf 91' lang='lat' dir='ltr'><strong>bello</strong></span> <span class='ocrx_word' id='word_1_34' title='bbox 827 422 1039 473; x_wconf 83' lang='lat' dir='ltr'><strong>stipendiis</strong></span> <span class='ocrx_word' id='word_1_35' title='bbox 1065 423 1165 471; x_wconf 78' lang='lat' dir='ltr'><strong>tum,</strong></span> <span class='ocrx_word' id='word_1_36' title='bbox 1185 433 1277 460; x_wconf 89' lang='lat' dir='ltr'><strong>cum</strong></span> <span class='ocrx_word' id='word_1_37' title='bbox 1301 420 1391 460; x_wconf 86' lang='lat' dir='ltr'><strong>tota</strong></span> <span class='ocrx_word' id='word_1_38' title='bbox 1415 417 1509 458; x_wconf 87' lang='lat' dir='ltr'><strong>sub-</strong></span> 
     </span>
     <span class='ocr_line' id='line_1_6' title="bbox 142 480 1565 537; baseline -0.006 -10"><span class='ocrx_word' id='word_1_39' title='bbox 142 489 279 527; x_wconf 88' lang='lat' dir='ltr'><strong>nixum</strong></span> <span class='ocrx_word' id='word_1_40' title='bbox 315 486 507 526; x_wconf 85' lang='lat' dir='ltr'><strong>Numidia</strong></span> <span class='ocrx_word' id='word_1_41' title='bbox 543 486 734 537; x_wconf 80' lang='lat' dir='ltr'><strong>fregimus</strong></span> <span class='ocrx_word' id='word_1_42' title='bbox 771 483 1026 536; x_wconf 85' lang='lat' dir='ltr'><strong>Iugurtham,</strong></span> <span class='ocrx_word' id='word_1_43' title='bbox 1065 482 1347 521; x_wconf 76' lang='lat' dir='ltr'><strong>exauctoratae</strong></span> <span class='ocrx_word' id='word_1_44' title='bbox 1385 480 1508 519; x_wconf 86' lang='grc'><strong>8111113</strong></span> <span class='ocrx_word' id='word_1_45' title='bbox 1547 491 1565 518; x_wconf 81' lang='lat'><strong>5</strong></span> 
     </span>
     <span class='ocr_line' id='line_1_7' title="bbox 143 535 1510 611; baseline -0.006 -24"><span class='ocrx_word' id='word_1_46' title='bbox 143 560 283 587; x_wconf 82' lang='lat' dir='ltr'><strong>manus</strong></span> <span class='ocrx_word' id='word_1_47' title='bbox 321 547 471 599; x_wconf 77' lang='lat' dir='ltr'><strong>agresti</strong></span> <span class='ocrx_word' id='word_1_48' title='bbox 507 545 643 585; x_wconf 81' lang='lat' dir='ltr'><strong>labore</strong></span> <span class='ocrx_word' id='word_1_49' title='bbox 681 545 848 596; x_wconf 86' lang='lat' dir='ltr'><strong>subegit.</strong></span> <span class='ocrx_word' id='word_1_50' title='bbox 910 543 1111 611; x_wconf 76' lang='lat' dir='ltr'><strong>praedura</strong></span> <span class='ocrx_word' id='word_1_51' title='bbox 1147 542 1291 592; x_wconf 79' lang='lat' dir='ltr'><strong>priscis</strong></span> <span class='ocrx_word' id='word_1_52' title='bbox 1330 535 1510 580; x_wconf 88' lang='lat' dir='ltr'><strong>moribus</strong></span> 
     </span>
     <span class='ocr_line' id='line_1_8' title="bbox 143 601 1511 659; baseline -0.005 -12"><span class='ocrx_word' id='word_1_53' title='bbox 143 610 282 657; x_wconf 86' lang='lat' dir='ltr'><strong>mater,</strong></span> <span class='ocrx_word' id='word_1_54' title='bbox 318 607 535 659; x_wconf 86' lang='lat' dir='ltr'><strong>frigoribus</strong></span> <span class='ocrx_word' id='word_1_55' title='bbox 567 619 613 645; x_wconf 88' lang='lat' dir='ltr'><strong>ac</strong></span> <span class='ocrx_word' id='word_1_56' title='bbox 644 605 793 645; x_wconf 82' lang='lat' dir='ltr'><strong>solibus</strong></span> <span class='ocrx_word' id='word_1_57' title='bbox 824 605 990 654; x_wconf 85' lang='lat' dir='ltr'><strong>perusta</strong></span> <span class='ocrx_word' id='word_1_58' title='bbox 1021 605 1063 642; x_wconf 88' lang='lat' dir='ltr'><strong>et</strong></span> <span class='ocrx_word' id='word_1_59' title='bbox 1092 603 1136 642; x_wconf 89' lang='grc'><strong>111</strong></span> <span class='ocrx_word' id='word_1_60' title='bbox 1170 603 1374 653; x_wconf 85' lang='lat' dir='ltr'><strong>plerisque</strong></span> <span class='ocrx_word' id='word_1_61' title='bbox 1405 601 1511 640; x_wconf 86' lang='lat' dir='ltr'><strong>ruris</strong></span> 
     </span>
     <span class='ocr_line' id='line_1_9' title="bbox 146 639 1514 719; baseline -0.005 -12"><span class='ocrx_word' id='word_1_62' title='bbox 146 639 329 719; x_wconf 82' lang='lat' dir='ltr'><strong>operibus</strong></span> <span class='ocrx_word' id='word_1_63' title='bbox 354 668 501 706; x_wconf 83' lang='lat' dir='ltr'><strong>marito</strong></span> <span class='ocrx_word' id='word_1_64' title='bbox 526 667 740 717; x_wconf 72' lang='lat' dir='ltr'><strong>particeps,</strong></span> <span class='ocrx_word' id='word_1_65' title='bbox 764 665 946 714; x_wconf 87' lang='lat' dir='ltr'><strong>adfirmo,</strong></span> <span class='ocrx_word' id='word_1_66' title='bbox 977 675 1100 715; x_wconf 83' lang='lat' dir='ltr'><strong>quam</strong></span> <span class='ocrx_word' id='word_1_67' title='bbox 1125 675 1242 702; x_wconf 89' lang='lat' dir='ltr'><strong>nemo</strong></span> <span class='ocrx_word' id='word_1_68' title='bbox 1268 661 1514 714; x_wconf 77' lang='lat' dir='ltr'><strong>appellasset</strong></span> 
     </span>
     <span class='ocr_line' id='line_1_10' title="bbox 143 723 1513 779; baseline -0.004 -13"><span class='ocrx_word' id='word_1_69' title='bbox 143 730 301 779; x_wconf 89' lang='lat' dir='ltr'><strong>inpune.</strong></span> <span class='ocrx_word' id='word_1_70' title='bbox 351 728 413 767; x_wconf 88' lang='lat' dir='ltr'><strong>his</strong></span> <span class='ocrx_word' id='word_1_71' title='bbox 440 729 550 767; x_wconf 90' lang='lat' dir='ltr'><strong>ortus</strong></span> <span class='ocrx_word' id='word_1_72' title='bbox 574 728 661 777; x_wconf 90' lang='lat' dir='ltr'><strong>ipse</strong></span> <span class='ocrx_word' id='word_1_73' title='bbox 686 726 826 777; x_wconf 90' lang='lat' dir='ltr'><strong>procul</strong></span> <span class='ocrx_word' id='word_1_74' title='bbox 851 724 901 764; x_wconf 89' lang='lat' dir='ltr'><strong>ab</strong></span> <span class='ocrx_word' id='word_1_75' title='bbox 928 724 1038 764; x_wconf 87' lang='lat' dir='ltr'><strong>omni</strong></span> <span class='ocrx_word' id='word_1_76' title='bbox 1067 724 1256 763; x_wconf 82' lang='lat' dir='ltr'><strong>contactu</strong></span> <span class='ocrx_word' id='word_1_77' title='bbox 1281 723 1513 771; x_wconf 79' lang='lat' dir='ltr'><strong>recesserat,</strong></span> 
     </span>
     <span class='ocr_line' id='line_1_11' title="bbox 144 783 1570 839; baseline -0.005 -12"><span class='ocrx_word' id='word_1_78' title='bbox 144 789 309 839; x_wconf 88' lang='lat' dir='ltr'><strong>puerilis</strong></span> <span class='ocrx_word' id='word_1_79' title='bbox 339 800 495 839; x_wconf 89' lang='lat' dir='ltr'><strong>quoque</strong></span> <span class='ocrx_word' id='word_1_80' title='bbox 528 799 651 827; x_wconf 89' lang='lat' dir='ltr'><strong>annos</strong></span> <span class='ocrx_word' id='word_1_81' title='bbox 683 787 820 836; x_wconf 88' lang='lat' dir='ltr'><strong>aliquo</strong></span> <span class='ocrx_word' id='word_1_82' title='bbox 846 797 1003 836; x_wconf 89' lang='lat' dir='ltr'><strong>semper</strong></span> <span class='ocrx_word' id='word_1_83' title='bbox 1028 797 1147 835; x_wconf 87' lang='lat' dir='ltr'><strong>opere</strong></span> <span class='ocrx_word' id='word_1_84' title='bbox 1172 783 1367 833; x_wconf 80' lang='lat' dir='ltr'><strong>durando,</strong></span> <span class='ocrx_word' id='word_1_85' title='bbox 1398 783 1514 833; x_wconf 89' lang='lat' dir='ltr'><strong>sequi</strong></span> <span class='ocrx_word' id='word_1_86' title='bbox 1534 793 1570 820; x_wconf 82' lang='lat'><strong>10</strong></span> 
     </span>
     <span class='ocr_line' id='line_1_12' title="bbox 145 842 1514 899; baseline -0.004 -11"><span class='ocrx_word' id='word_1_87' title='bbox 145 861 287 899; x_wconf 85' lang='lat' dir='ltr'><strong>pecora</strong></span> <span class='ocrx_word' id='word_1_88' title='bbox 312 849 454 898; x_wconf 87' lang='lat' dir='ltr'><strong>primo,</strong></span> <span class='ocrx_word' id='word_1_89' title='bbox 481 860 613 887; x_wconf 85' lang='lat' dir='ltr'><strong>arcere</strong></span> <span class='ocrx_word' id='word_1_90' title='bbox 640 846 827 899; x_wconf 82' lang='lat' dir='ltr'><strong>gregibus</strong></span> <span class='ocrx_word' id='word_1_91' title='bbox 852 846 970 895; x_wconf 84' lang='lat' dir='ltr'><strong>feras,</strong></span> <span class='ocrx_word' id='word_1_92' title='bbox 1003 844 1158 896; x_wconf 88' lang='lat' dir='ltr'><strong>aliquid</strong></span> <span class='ocrx_word' id='word_1_93' title='bbox 1184 857 1340 895; x_wconf 87' lang='lat' dir='ltr'><strong>semper</strong></span> <span class='ocrx_word' id='word_1_94' title='bbox 1366 842 1514 883; x_wconf 84' lang='lat' dir='ltr'><strong>audere</strong></span> 
     </span>
    </p>

    <p class='ocr_par' dir='ltr' id='par_1_4' title="bbox 99 904 1571 1188">
     <span class='ocr_line' id='line_1_13' title="bbox 99 904 1516 956; baseline -0.002 -10"><span class='ocrx_word' id='word_1_95' title='bbox 99 908 123 945; x_wconf 82' lang='lat'>4</span> <span class='ocrx_word' id='word_1_96' title='bbox 148 910 276 947; x_wconf 87' lang='lat' dir='ltr'><strong>maius</strong></span> <span class='ocrx_word' id='word_1_97' title='bbox 315 909 439 948; x_wconf 88' lang='lat' dir='ltr'><strong>annis.</strong></span> <span class='ocrx_word' id='word_1_98' title='bbox 500 908 618 946; x_wconf 89' lang='lat' dir='ltr'><strong>ludus</strong></span> <span class='ocrx_word' id='word_1_99' title='bbox 656 908 736 946; x_wconf 84' lang='lat' dir='ltr'><strong>fuit</strong></span> <span class='ocrx_word' id='word_1_100' title='bbox 773 908 908 946; x_wconf 85' lang='lat' dir='ltr'><strong>rotare</strong></span> <span class='ocrx_word' id='word_1_101' title='bbox 952 918 1066 956; x_wconf 83' lang='lat' dir='ltr'><strong>saxa,</strong></span> <span class='ocrx_word' id='word_1_102' title='bbox 1102 905 1261 944; x_wconf 80' lang='lat' dir='ltr'><strong>vibrare</strong></span> <span class='ocrx_word' id='word_1_103' title='bbox 1301 905 1385 943; x_wconf 85' lang='lat' dir='ltr'><strong>iam</strong></span> <span class='ocrx_word' id='word_1_104' title='bbox 1425 904 1516 943; x_wconf 87' lang='lat' dir='ltr'><strong>tum</strong></span> 
     </span>
     <span class='ocr_line' id='line_1_14' title="bbox 149 965 1514 1020; baseline -0.002 -13"><span class='ocrx_word' id='word_1_105' title='bbox 149 969 282 1019; x_wconf 89' lang='lat' dir='ltr'><strong>sudes,</strong></span> <span class='ocrx_word' id='word_1_106' title='bbox 314 969 440 1007; x_wconf 87' lang='lat' dir='ltr'><strong>saltus</strong></span> <span class='ocrx_word' id='word_1_107' title='bbox 471 968 627 1020; x_wconf 82' lang='lat' dir='ltr'><strong>agitare</strong></span> <span class='ocrx_word' id='word_1_108' title='bbox 658 969 825 1017; x_wconf 84' lang='lat' dir='ltr'><strong>venatu,</strong></span> <span class='ocrx_word' id='word_1_109' title='bbox 863 979 955 1005; x_wconf 81' lang='lat' dir='ltr'><strong>mox</strong></span> <span class='ocrx_word' id='word_1_110' title='bbox 985 965 1216 1018; x_wconf 86' lang='lat' dir='ltr'><strong>vigentibus</strong></span> <span class='ocrx_word' id='word_1_111' title='bbox 1247 966 1410 1005; x_wconf 89' lang='lat' dir='ltr'><strong>lacertis</strong></span> <span class='ocrx_word' id='word_1_112' title='bbox 1440 965 1514 1004; x_wconf 84' lang='lat' dir='ltr'><strong>hu-</strong></span> 
     </span>
     <span class='ocr_line' id='line_1_15' title="bbox 147 1025 1514 1080; baseline -0.002 -13"><span class='ocrx_word' id='word_1_113' title='bbox 147 1043 255 1067; x_wconf 90' lang='lat' dir='ltr'><strong>mum</strong></span> <span class='ocrx_word' id='word_1_114' title='bbox 296 1028 491 1078; x_wconf 82' lang='lat' dir='ltr'><strong>scindere,</strong></span> <span class='ocrx_word' id='word_1_115' title='bbox 535 1041 696 1080; x_wconf 88' lang='lat' dir='ltr'><strong>segnem</strong></span> <span class='ocrx_word' id='word_1_116' title='bbox 736 1028 884 1067; x_wconf 88' lang='lat' dir='ltr'><strong>futuris</strong></span> <span class='ocrx_word' id='word_1_117' title='bbox 925 1027 1136 1066; x_wconf 88' lang='lat' dir='ltr'><strong>novalibus</strong></span> <span class='ocrx_word' id='word_1_118' title='bbox 1177 1038 1315 1065; x_wconf 85' lang='lat' dir='ltr'><strong>eruere</strong></span> <span class='ocrx_word' id='word_1_119' title='bbox 1355 1025 1514 1065; x_wconf 78' lang='lat' dir='ltr'><strong>silvam.</strong></span> 
     </span>
     <span class='ocr_line' id='line_1_16' title="bbox 149 1087 1571 1139; baseline -0.003 -11"><span class='ocrx_word' id='word_1_120' title='bbox 149 1090 206 1128; x_wconf 87' lang='lat' dir='ltr'><strong>sic</strong></span> <span class='ocrx_word' id='word_1_121' title='bbox 237 1088 418 1128; x_wconf 88' lang='lat' dir='ltr'><strong>effectum</strong></span> <span class='ocrx_word' id='word_1_122' title='bbox 452 1090 529 1139; x_wconf 86' lang='lat' dir='ltr'><strong>est,</strong></span> <span class='ocrx_word' id='word_1_123' title='bbox 561 1090 625 1138; x_wconf 89' lang='lat' dir='ltr'><strong>ut⁷</strong></span> <span class='ocrx_word' id='word_1_124' title='bbox 657 1087 991 1139; x_wconf 85' lang='lat' dir='ltr'><strong>quemadmodum</strong></span> <span class='ocrx_word' id='word_1_125' title='bbox 1023 1087 1151 1138; x_wconf 88' lang='lat' dir='ltr'><strong>aliqui</strong></span> <span class='ocrx_word' id='word_1_126' title='bbox 1181 1088 1347 1137; x_wconf 83' lang='lat' dir='ltr'><strong>putant,</strong></span> <span class='ocrx_word' id='word_1_127' title='bbox 1378 1087 1516 1137; x_wconf 88' lang='lat' dir='ltr'><strong>posset</strong></span> <span class='ocrx_word' id='word_1_128' title='bbox 1535 1096 1571 1123; x_wconf 75' lang='lat'><strong>15</strong></span> 
     </span>
     <span class='ocr_line' id='line_1_17' title="bbox 150 1149 447 1188; baseline -0.003 0"><span class='ocrx_word' id='word_1_129' title='bbox 150 1150 229 1188; x_wconf 88' lang='lat' dir='ltr'><strong>cito</strong></span> <span class='ocrx_word' id='word_1_130' title='bbox 260 1149 447 1188; x_wconf 85' lang='lat' dir='ltr'><strong>militare.</strong></span> 
     </span>
    </p>

    <p class='ocr_par' dir='ltr' id='par_1_5' title="bbox 149 1197 1575 1682">
     <span class='ocr_line' id='line_1_18' title="bbox 238 1197 1516 1260; baseline -0.001 -13"><span class='ocrx_word' id='word_1_131' title='bbox 238 1209 403 1248; x_wconf 89' lang='lat' dir='ltr'><strong>Interim</strong></span> <span class='ocrx_word' id='word_1_132' title='bbox 437 1222 482 1248; x_wconf 83' lang='lat' dir='ltr'><strong>ex</strong></span> <span class='ocrx_word' id='word_1_133' title='bbox 513 1209 656 1248; x_wconf 91' lang='lat' dir='ltr'><strong>ultimo</strong></span> <span class='ocrx_word' id='word_1_134' title='bbox 687 1208 806 1248; x_wconf 90' lang='lat' dir='ltr'><strong>litore</strong></span> <span class='ocrx_word' id='word_1_135' title='bbox 833 1209 972 1248; x_wconf 84' lang='lat' dir='ltr'><strong>oceani</strong></span> <span class='ocrx_word' id='word_1_136' title='bbox 997 1210 1038 1247; x_wconf 87' lang='lat' dir='ltr'><strong>et</strong></span> <span class='ocrx_word' id='word_1_137' title='bbox 1063 1208 1264 1258; x_wconf 88' lang='lat' dir='ltr'><strong>dirempta</strong></span> <span class='ocrx_word' id='word_1_138' title='bbox 1294 1197 1516 1260; x_wconf 84' lang='lat' dir='ltr'><strong>frigoribus</strong></span> 
     </span>
     <span class='ocr_line' id='line_1_19' title="bbox 149 1267 1517 1321; baseline 0 -14"><span class='ocrx_word' id='word_1_139' title='bbox 149 1269 271 1321; x_wconf 86' lang='lat' dir='ltr'><strong>plaga</strong></span> <span class='ocrx_word' id='word_1_140' title='bbox 303 1281 396 1321; x_wconf 88' lang='lat' dir='ltr'><strong>gens</strong></span> <span class='ocrx_word' id='word_1_141' title='bbox 428 1282 452 1307; x_wconf 86' lang='lat' dir='ltr'><strong>a</strong></span> <span class='ocrx_word' id='word_1_142' title='bbox 482 1282 616 1307; x_wconf 87' lang='lat' dir='ltr'><strong>rerum</strong></span> <span class='ocrx_word' id='word_1_143' title='bbox 647 1270 793 1308; x_wconf 86' lang='lat' dir='ltr'><strong>natura</strong></span> <span class='ocrx_word' id='word_1_144' title='bbox 823 1269 922 1308; x_wconf 90' lang='lat' dir='ltr'><strong>bene</strong></span> <span class='ocrx_word' id='word_1_145' title='bbox 952 1269 1145 1321; x_wconf 82' lang='lat' dir='ltr'><strong>relegata,</strong></span> <span class='ocrx_word' id='word_1_146' title='bbox 1177 1267 1326 1308; x_wconf 82' lang='lat' dir='ltr'><strong>stolida</strong></span> <span class='ocrx_word' id='word_1_147' title='bbox 1349 1267 1517 1318; x_wconf 80' lang='lat' dir='ltr'><strong>viribus,</strong></span> 
     </span>
     <span class='ocr_line' id='line_1_20' title="bbox 149 1329 1518 1380; baseline -0.001 -12"><span class='ocrx_word' id='word_1_148' title='bbox 149 1329 345 1368; x_wconf 82' lang='lat' dir='ltr'><strong>indomita</strong></span> <span class='ocrx_word' id='word_1_149' title='bbox 375 1330 557 1380; x_wconf 84' lang='lat' dir='ltr'><strong>feritate,</strong></span> <span class='ocrx_word' id='word_1_150' title='bbox 586 1329 762 1368; x_wconf 90' lang='lat' dir='ltr'><strong>insolens</strong></span> <span class='ocrx_word' id='word_1_151' title='bbox 795 1341 991 1379; x_wconf 85' lang='lat' dir='ltr'><strong>successu,</strong></span> <span class='ocrx_word' id='word_1_152' title='bbox 1021 1342 1093 1368; x_wconf 88' lang='lat' dir='ltr'><strong>nec</strong></span> <span class='ocrx_word' id='word_1_153' title='bbox 1123 1329 1258 1367; x_wconf 88' lang='lat' dir='ltr'><strong>minus</strong></span> <span class='ocrx_word' id='word_1_154' title='bbox 1289 1329 1518 1367; x_wconf 85' lang='lat' dir='ltr'><strong>animorum</strong></span> 
     </span>
     <span class='ocr_line' id='line_1_21' title="bbox 149 1388 1575 1440; baseline 0 -13"><span class='ocrx_word' id='word_1_155' title='bbox 149 1390 387 1428; x_wconf 86' lang='lat' dir='ltr'><strong>inmanitate</strong></span> <span class='ocrx_word' id='word_1_156' title='bbox 424 1402 545 1440; x_wconf 88' lang='lat' dir='ltr'><strong>quam</strong></span> <span class='ocrx_word' id='word_1_157' title='bbox 582 1402 793 1440; x_wconf 88' lang='lat' dir='ltr'><strong>corporum</strong></span> <span class='ocrx_word' id='word_1_158' title='bbox 830 1389 958 1428; x_wconf 89' lang='lat' dir='ltr'><strong>beluis</strong></span> <span class='ocrx_word' id='word_1_159' title='bbox 990 1391 1072 1428; x_wconf 90' lang='lat' dir='ltr'><strong>suis</strong></span> <span class='ocrx_word' id='word_1_160' title='bbox 1109 1390 1311 1440; x_wconf 81' lang='lat' dir='ltr'><strong>proxima,</strong></span> <span class='ocrx_word' id='word_1_161' title='bbox 1350 1388 1518 1428; x_wconf 85' lang='lat' dir='ltr'><strong>Italiam</strong></span> <span class='ocrx_word' id='word_1_162' title='bbox 1537 1399 1575 1427; x_wconf 75' lang='lat'><strong>20</strong></span> 
     </span>
     <span class='ocr_line' id='line_1_22' title="bbox 150 1449 1519 1501; baseline 0.001 -14"><span class='ocrx_word' id='word_1_163' title='bbox 150 1449 372 1488; x_wconf 85' lang='lat' dir='ltr'><strong>inundavit.</strong></span> <span class='ocrx_word' id='word_1_164' title='bbox 433 1463 505 1489; x_wconf 91' lang='lat' dir='ltr'><strong>nec</strong></span> <span class='ocrx_word' id='word_1_165' title='bbox 547 1451 683 1489; x_wconf 89' lang='lat' dir='ltr'><strong>tamen</strong></span> <span class='ocrx_word' id='word_1_166' title='bbox 725 1451 885 1489; x_wconf 84' lang='lat' dir='ltr'><strong>tantum</strong></span> <span class='ocrx_word' id='word_1_167' title='bbox 928 1451 970 1489; x_wconf 90' lang='lat' dir='ltr'><strong>vi</strong></span> <span class='ocrx_word' id='word_1_168' title='bbox 1007 1462 1080 1489; x_wconf 89' lang='grc'><strong>3118</strong></span> <span class='ocrx_word' id='word_1_169' title='bbox 1118 1452 1315 1501; x_wconf 85' lang='lat' dir='ltr'><strong>quantum</strong></span> <span class='ocrx_word' id='word_1_170' title='bbox 1355 1449 1519 1488; x_wconf 83' lang='lat' dir='ltr'><strong>luxuria</strong></span> 
     </span>
     <span class='ocr_line' id='line_1_23' title="bbox 152 1509 1517 1561; baseline 0.001 -13"><span class='ocrx_word' id='word_1_171' title='bbox 152 1509 408 1560; x_wconf 87' lang='lat' dir='ltr'><strong>socordiaque</strong></span> <span class='ocrx_word' id='word_1_172' title='bbox 451 1511 678 1549; x_wconf 91' lang='lat' dir='ltr'><strong>nostrorum</strong></span> <span class='ocrx_word' id='word_1_173' title='bbox 721 1510 866 1549; x_wconf 90' lang='lat' dir='ltr'><strong>ducum</strong></span> <span class='ocrx_word' id='word_1_174' title='bbox 909 1511 1034 1561; x_wconf 85' lang='lat' dir='ltr'><strong>elata,</strong></span> <span class='ocrx_word' id='word_1_175' title='bbox 1079 1510 1175 1549; x_wconf 88' lang='lat' dir='ltr'><strong>dum</strong></span> <span class='ocrx_word' id='word_1_176' title='bbox 1217 1522 1290 1549; x_wconf 89' lang='lat' dir='ltr'><strong>nos</strong></span> <span class='ocrx_word' id='word_1_177' title='bbox 1327 1510 1371 1548; x_wconf 88' lang='lat' dir='ltr'><strong>in</strong></span> <span class='ocrx_word' id='word_1_178' title='bbox 1410 1509 1517 1549; x_wconf 88' lang='lat' dir='ltr'><strong>bello</strong></span> 
     </span>
     <span class='ocr_line' id='line_1_24' title="bbox 152 1570 1519 1620; baseline 0.001 -12"><span class='ocrx_word' id='word_1_179' title='bbox 152 1582 309 1619; x_wconf 88' lang='lat' dir='ltr'><strong>quoque</strong></span> <span class='ocrx_word' id='word_1_180' title='bbox 340 1570 441 1608; x_wconf 84' lang='lat' dir='ltr'><strong>vitia</strong></span> <span class='ocrx_word' id='word_1_181' title='bbox 478 1571 588 1620; x_wconf 83' lang='lat' dir='ltr'><strong>pacis</strong></span> <span class='ocrx_word' id='word_1_182' title='bbox 626 1573 813 1609; x_wconf 89' lang='lat' dir='ltr'><strong>secuntur</strong></span> <span class='ocrx_word' id='word_1_183' title='bbox 845 1572 885 1609; x_wconf 88' lang='lat' dir='ltr'><strong>et</strong></span> <span class='ocrx_word' id='word_1_184' title='bbox 916 1571 1079 1610; x_wconf 85' lang='lat' dir='ltr'><strong>delicati</strong></span> <span class='ocrx_word' id='word_1_185' title='bbox 1117 1583 1253 1610; x_wconf 89' lang='lat' dir='ltr'><strong>sumus</strong></span> <span class='ocrx_word' id='word_1_186' title='bbox 1286 1571 1410 1609; x_wconf 88' lang='lat' dir='ltr'><strong>etiam</strong></span> <span class='ocrx_word' id='word_1_187' title='bbox 1444 1571 1519 1609; x_wconf 90' lang='lat' dir='ltr'><strong>mi·</strong></span> 
     </span>
     <span class='ocr_line' id='line_1_25' title="bbox 152 1630 1519 1682; baseline 0.002 -15"><span class='ocrx_word' id='word_1_188' title='bbox 152 1630 247 1678; x_wconf 89' lang='lat' dir='ltr'><strong>seri,</strong></span> <span class='ocrx_word' id='word_1_189' title='bbox 291 1631 523 1669; x_wconf 84' lang='lat' dir='ltr'><strong>vastitatem</strong></span> <span class='ocrx_word' id='word_1_190' title='bbox 566 1631 692 1682; x_wconf 85' lang='lat' dir='ltr'><strong>agris,</strong></span> <span class='ocrx_word' id='word_1_191' title='bbox 736 1631 993 1670; x_wconf 86' lang='lat' dir='ltr'><strong>solitudinem</strong></span> <span class='ocrx_word' id='word_1_192' title='bbox 1029 1632 1250 1681; x_wconf 85' lang='lat' dir='ltr'><strong>iuventuti,</strong></span> <span class='ocrx_word' id='word_1_193' title='bbox 1293 1630 1519 1682; x_wconf 88' lang='lat' dir='ltr'><strong>periculum</strong></span> 
     </span>
    </p>
   </div>
   <div class='ocr_carea' id='block_1_3' title="bbox 153 1706 437 1710">
    <p class='ocr_par' dir='ltr' id='par_1_6' title="bbox 153 1706 437 1710">
     <span class='ocr_line' id='line_1_26' title="bbox 153 1706 437 1710; baseline 0 0"><span class='ocrx_word' id='word_1_194' title='bbox 153 1706 437 1710; x_wconf 95' lang='lat' dir='ltr'><strong> </strong></span> 
     </span>
    </p>
   </div>
   <div class='ocr_carea' id='block_1_4' title="bbox 153 1745 1525 1861">
    <p class='ocr_par' dir='ltr' id='par_1_7' title="bbox 153 1745 1525 1858">
     <span class='ocr_line' id='line_1_27' title="bbox 251 1745 1471 1792; baseline 0.003 -14"><span class='ocrx_word' id='word_1_195' title='bbox 251 1747 268 1778; x_wconf 92' lang='lat'>1</span> <span class='ocrx_word' id='word_1_196' title='bbox 295 1745 464 1789; x_wconf 89' lang='lat' dir='ltr'><strong>promtus</strong></span> <span class='ocrx_word' id='word_1_197' title='bbox 489 1750 534 1789; x_wconf 93' lang='grc' dir='ltr'><strong>Β,</strong></span> <span class='ocrx_word' id='word_1_198' title='bbox 560 1755 650 1780; x_wconf 77' lang='lat' dir='ltr'><strong>corr.</strong></span> <span class='ocrx_word' id='word_1_199' title='bbox 672 1751 695 1778; x_wconf 77' lang='lat' dir='ltr'><strong>b</strong></span> <span class='ocrx_word' id='word_1_200' title='bbox 787 1749 807 1780; x_wconf 76' lang='lat'><strong>2</strong></span> <span class='ocrx_word' id='word_1_201' title='bbox 833 1746 1079 1791; x_wconf 85' lang='lat' dir='ltr'><strong>praestantis:</strong></span> <span class='ocrx_word' id='word_1_202' title='bbox 1107 1745 1167 1782; x_wconf 89' lang='lat' dir='ltr'><strong>vel</strong></span> <span class='ocrx_word' id='word_1_203' title='bbox 1191 1745 1403 1792; x_wconf 87' lang='lat' dir='ltr'><strong>praesentis</strong></span> <span class='ocrx_word' id='word_1_204' title='bbox 1428 1760 1471 1781; x_wconf 86' lang='lat' dir='ltr'><strong>m</strong></span> 
     </span>
     <span class='ocr_line' id='line_1_28' title="bbox 153 1796 1525 1861; baseline 0.003 -11"><span class='ocrx_word' id='word_1_205' title='bbox 153 1819 175 1850; x_wconf 85' lang='lat'>4</span> <span class='ocrx_word' id='word_1_206' title='bbox 200 1815 305 1850; x_wconf 87' lang='lat' dir='ltr'><strong>huic:</strong></span> <span class='ocrx_word' id='word_1_207' title='bbox 331 1815 431 1850; x_wconf 89' lang='lat' dir='ltr'><strong>hunc</strong></span> <span class='ocrx_word' id='word_1_208' title='bbox 457 1824 475 1858; x_wconf 77' lang='grc' dir='ltr'>β</span> <span class='ocrx_word' id='word_1_209' title='bbox 570 1816 714 1852; x_wconf 88' lang='lat' dir='ltr'><strong>meritis</strong></span> <span class='ocrx_word' id='word_1_210' title='bbox 739 1823 830 1861; x_wconf 82' lang='grc' dir='ltr'><strong>ΒΜ,</strong></span> <span class='ocrx_word' id='word_1_211' title='bbox 857 1817 1034 1853; x_wconf 88' lang='lat' dir='ltr'><strong>emeritus</strong></span> <span class='ocrx_word' id='word_1_212' title='bbox 1059 1833 1101 1853; x_wconf 90' lang='lat' dir='ltr'><strong>m</strong></span> <span class='ocrx_word' id='word_1_213' title='bbox 1207 1819 1307 1855; x_wconf 84' lang='lat' dir='ltr'><strong>tota.</strong></span> <span class='ocrx_word' id='word_1_214' title='bbox 1333 1796 1454 1854; x_wconf 60' lang='lat' dir='ltr'><strong>totoito</strong></span> <span class='ocrx_word' id='word_1_215' title='bbox 1480 1824 1525 1854; x_wconf 72' lang='grc' dir='ltr'><em>Μ</em></span> 
     </span>
    </p>
   </div>
   <div class='ocr_carea' id='block_1_5' title="bbox 154 1899 1520 1998">
    <p class='ocr_par' dir='ltr' id='par_1_8' title="bbox 154 1899 1520 1998">
     <span class='ocr_line' id='line_1_29' title="bbox 154 1899 1520 1948; baseline 0.002 -13"><span class='ocrx_word' id='word_1_216' title='bbox 154 1903 175 1935; x_wconf 90' lang='lat'>5</span> <span class='ocrx_word' id='word_1_217' title='bbox 206 1899 377 1946; x_wconf 58' lang='lat' dir='ltr'><strong>ngmidia</strong></span> <span class='ocrx_word' id='word_1_218' title='bbox 402 1899 430 1945; x_wconf 89' lang='lat' dir='ltr'><strong>(i</strong></span> <span class='ocrx_word' id='word_1_219' title='bbox 455 1911 501 1935; x_wconf 80' lang='lat' dir='ltr'><strong>er.</strong></span> <span class='ocrx_word' id='word_1_220' title='bbox 528 1911 554 1934; x_wconf 92' lang='lat' dir='ltr'><strong>u</strong></span> <span class='ocrx_word' id='word_1_221' title='bbox 578 1911 677 1945; x_wconf 77' lang='lat' dir='ltr'><strong>supr.</strong></span> <span class='ocrx_word' id='word_1_222' title='bbox 699 1901 798 1947; x_wconf 72' lang='grc' dir='ltr'><strong>ῠ)Β</strong></span> <span class='ocrx_word' id='word_1_223' title='bbox 892 1901 1085 1948; x_wconf 86' lang='lat' dir='ltr'><strong>iugurtam</strong></span> <span class='ocrx_word' id='word_1_224' title='bbox 1115 1909 1185 1938; x_wconf 80' lang='lat' dir='ltr'><strong>BV</strong></span> <span class='ocrx_word' id='word_1_225' title='bbox 1279 1906 1298 1938; x_wconf 77' lang='lat'><strong>‘1</strong></span> <span class='ocrx_word' id='word_1_226' title='bbox 1331 1901 1520 1948; x_wconf 88' lang='lat' dir='ltr'><strong>impleris—</strong></span> 
     </span>
     <span class='ocr_line' id='line_1_30' title="bbox 154 1947 1520 1998; baseline 0.004 -16"><span class='ocrx_word' id='word_1_227' title='bbox 154 1958 227 1994; x_wconf 91' lang='lat' dir='ltr'><strong>que</strong></span> <span class='ocrx_word' id='word_1_228' title='bbox 258 1954 286 1982; x_wconf 99' lang='lat' dir='ltr'><em>V</em></span> <span class='ocrx_word' id='word_1_229' title='bbox 354 1950 375 1982; x_wconf 88' lang='lat'>8</span> <span class='ocrx_word' id='word_1_230' title='bbox 402 1947 606 1993; x_wconf 86' lang='lat' dir='ltr'><strong>apellasset</strong></span> <span class='ocrx_word' id='word_1_231' title='bbox 629 1955 667 1983; x_wconf 94' lang='grc' dir='ltr'><strong>Β</strong></span> <span class='ocrx_word' id='word_1_232' title='bbox 739 1953 759 1983; x_wconf 87' lang='grc'><strong>9</strong></span> <span class='ocrx_word' id='word_1_233' title='bbox 786 1950 912 1996; x_wconf 53' lang='lat' dir='ltr'><strong>orgtus</strong></span> <span class='ocrx_word' id='word_1_234' title='bbox 938 1957 975 1985; x_wconf 90' lang='grc' dir='ltr'><strong>Β</strong></span> <span class='ocrx_word' id='word_1_235' title='bbox 1030 1955 1115 1996; x_wconf 78' lang='lat' dir='ltr'><strong>post</strong></span> <span class='ocrx_word' id='word_1_236' title='bbox 1137 1952 1316 1987; x_wconf 86' lang='lat' dir='ltr'><strong>contactu</strong></span> <span class='ocrx_word' id='word_1_237' title='bbox 1341 1951 1384 1987; x_wconf 71' lang='lat' dir='ltr'><strong>im</strong></span> <span class='ocrx_word' id='word_1_238' title='bbox 1401 1962 1520 1998; x_wconf 65' lang='lat' dir='ltr'><strong>marry.</strong></span> 
     </span>
    </p>
   </div>
   <div class='ocr_carea' id='block_1_6' title="bbox 154 1996 1430 2130">
    <p class='ocr_par' dir='ltr' id='par_1_9' title="bbox 154 1996 1430 2130">
     <span class='ocr_line' id='line_1_31' title="bbox 154 1996 1428 2046; baseline 0.004 -16"><span class='ocrx_word' id='word_1_239' title='bbox 154 2007 237 2031; x_wconf 88' lang='grc'><strong>311111</strong></span> <span class='ocrx_word' id='word_1_240' title='bbox 262 2007 309 2031; x_wconf 85' lang='lat' dir='ltr'><strong>er.</strong></span> <span class='ocrx_word' id='word_1_241' title='bbox 330 2001 367 2030; x_wconf 85' lang='lat' dir='ltr'><em>B</em></span> <span class='ocrx_word' id='word_1_242' title='bbox 464 1999 508 2031; x_wconf 90' lang='lat'><strong>10</strong></span> <span class='ocrx_word' id='word_1_243' title='bbox 534 1996 689 2041; x_wconf 89' lang='lat' dir='ltr'><strong>puerilis</strong></span> <span class='ocrx_word' id='word_1_244' title='bbox 715 2003 807 2042; x_wconf 82' lang='grc' dir='ltr'><strong>ΒΜ;</strong></span> <span class='ocrx_word' id='word_1_245' title='bbox 840 1999 879 2033; x_wconf 90' lang='lat' dir='ltr'><strong>et</strong></span> <span class='ocrx_word' id='word_1_246' title='bbox 902 1999 1060 2044; x_wconf 87' lang='lat' dir='ltr'><strong>puerilis</strong></span> <span class='ocrx_word' id='word_1_247' title='bbox 1091 2006 1130 2034; x_wconf 89' lang='lat' dir='ltr'><strong>V·</strong></span> <span class='ocrx_word' id='word_1_248' title='bbox 1122 2028 1130 2044; x_wconf 92' lang='lat'><strong>‚</strong></span> <span class='ocrx_word' id='word_1_249' title='bbox 1165 1999 1330 2046; x_wconf 87' lang='lat' dir='ltr'><strong>pueriles</strong></span> <span class='ocrx_word' id='word_1_250' title='bbox 1357 2007 1428 2042; x_wconf 75' lang='grc' dir='ltr'><strong>βγσ·</strong></span> 
     </span>
     <span class='ocr_line' id='line_1_32' title="bbox 155 2055 1430 2130; baseline 0.004 -16"><span class='ocrx_word' id='word_1_251' title='bbox 155 2055 273 2127; x_wconf 49' lang='lat' dir='ltr'><strong>ann}</strong></span> <span class='ocrx_word' id='word_1_252' title='bbox 298 2085 335 2114; x_wconf 91' lang='grc' dir='ltr'><strong>Β</strong></span> <span class='ocrx_word' id='word_1_253' title='bbox 359 2079 386 2125; x_wconf 89' lang='grc'><strong>(1</strong></span> <span class='ocrx_word' id='word_1_254' title='bbox 413 2091 459 2115; x_wconf 83' lang='lat' dir='ltr'><strong>er.</strong></span> <span class='ocrx_word' id='word_1_255' title='bbox 488 2091 509 2115; x_wconf 94' lang='lat'>0</span> <span class='ocrx_word' id='word_1_256' title='bbox 534 2091 634 2125; x_wconf 79' lang='lat' dir='ltr'><strong>supr</strong></span> <span class='ocrx_word' id='word_1_257' title='bbox 657 2082 692 2126; x_wconf 68' lang='grc' dir='ltr'><strong>ὁ)</strong></span> <span class='ocrx_word' id='word_1_258' title='bbox 791 2081 979 2118; x_wconf 87' lang='lat' dir='ltr'><strong>durandos</strong></span> <span class='ocrx_word' id='word_1_259' title='bbox 1010 2090 1038 2117; x_wconf 95' lang='lat' dir='ltr'><em>V</em></span> <span class='ocrx_word' id='word_1_260' title='bbox 1133 2087 1175 2119; x_wconf 91' lang='lat'><strong>11</strong></span> <span class='ocrx_word' id='word_1_261' title='bbox 1209 2094 1370 2130; x_wconf 88' lang='lat' dir='ltr'><strong>peccora</strong></span> <span class='ocrx_word' id='word_1_262' title='bbox 1400 2089 1430 2118; x_wconf 87' lang='lat' dir='ltr'><em>V</em></span> 
     </span>
    </p>
   </div>
   <div class='ocr_carea' id='block_1_7' title="bbox 154 2127 1524 2463">
    <p class='ocr_par' dir='ltr' id='par_1_10' title="bbox 154 2127 1524 2463">
     <span class='ocr_line' id='line_1_33' title="bbox 157 2127 1524 2174; baseline 0.004 -12"><span class='ocrx_word' id='word_1_263' title='bbox 157 2131 200 2163; x_wconf 82' lang='lat'><strong>12</strong></span> <span class='ocrx_word' id='word_1_264' title='bbox 227 2127 302 2163; x_wconf 85' lang='lat' dir='ltr'><strong>fuit</strong></span> <span class='ocrx_word' id='word_1_265' title='bbox 328 2139 416 2162; x_wconf 85' lang='lat' dir='ltr'><strong>suus</strong></span> <span class='ocrx_word' id='word_1_266' title='bbox 440 2134 489 2171; x_wconf 85' lang='lat' dir='ltr'><strong>M,</strong></span> <span class='ocrx_word' id='word_1_267' title='bbox 515 2128 575 2163; x_wconf 81' lang='lat' dir='ltr'><strong>vel</strong></span> <span class='ocrx_word' id='word_1_268' title='bbox 594 2127 668 2164; x_wconf 87' lang='lat' dir='ltr'><strong>fuit</strong></span> <span class='ocrx_word' id='word_1_269' title='bbox 691 2140 792 2174; x_wconf 75' lang='lat' dir='ltr'><strong>supr</strong></span> <span class='ocrx_word' id='word_1_270' title='bbox 812 2144 854 2164; x_wconf 85' lang='lat' dir='ltr'><strong>m</strong></span> <span class='ocrx_word' id='word_1_271' title='bbox 928 2142 1058 2166; x_wconf 81' lang='lat' dir='ltr'><strong>saxum</strong></span> <span class='ocrx_word' id='word_1_272' title='bbox 1085 2140 1104 2174; x_wconf 81' lang='grc' dir='ltr'><strong><em>β</em></strong></span> <span class='ocrx_word' id='word_1_273' title='bbox 1177 2132 1255 2167; x_wconf 83' lang='grc'><strong>18111</strong></span> <span class='ocrx_word' id='word_1_274' title='bbox 1274 2133 1373 2167; x_wconf 85' lang='lat' dir='ltr'><strong>tum:</strong></span> <span class='ocrx_word' id='word_1_275' title='bbox 1399 2131 1524 2168; x_wconf 74' lang='lat' dir='ltr'><strong>lamtfi</strong></span> 
     </span>
     <span class='ocr_line' id='line_1_34' title="bbox 154 2175 1523 2227; baseline 0.003 -15"><span class='ocrx_word' id='word_1_276' title='bbox 154 2182 206 2220; x_wconf 67' lang='grc' dir='ltr'><strong>Β,</strong></span> <span class='ocrx_word' id='word_1_277' title='bbox 233 2176 338 2212; x_wconf 84' lang='lat' dir='ltr'><strong>iactu</strong></span> <span class='ocrx_word' id='word_1_278' title='bbox 358 2182 400 2210; x_wconf 80' lang='lat' dir='ltr'><em>M</em></span> <span class='ocrx_word' id='word_1_279' title='bbox 423 2175 495 2222; x_wconf 88' lang='lat' dir='ltr'><strong>(vel</strong></span> <span class='ocrx_word' id='word_1_280' title='bbox 514 2175 595 2211; x_wconf 84' lang='lat' dir='ltr'><strong>ixtu</strong></span> <span class='ocrx_word' id='word_1_281' title='bbox 615 2177 668 2222; x_wconf 88' lang='lat' dir='ltr'><strong>m)</strong></span> <span class='ocrx_word' id='word_1_282' title='bbox 695 2191 733 2221; x_wconf 78' lang='grc' dir='ltr'><strong>γς</strong></span> <span class='ocrx_word' id='word_1_283' title='bbox 759 2177 835 2212; x_wconf 89' lang='grc'><strong>18111</strong></span> <span class='ocrx_word' id='word_1_284' title='bbox 861 2179 903 2213; x_wconf 81' lang='lat' dir='ltr'><strong>tfi</strong></span> <span class='ocrx_word' id='word_1_285' title='bbox 929 2185 955 2213; x_wconf 98' lang='lat' dir='ltr'><strong><em>S</em></strong></span> <span class='ocrx_word' id='word_1_286' title='bbox 1030 2183 1073 2215; x_wconf 87' lang='lat'><strong>13</strong></span> <span class='ocrx_word' id='word_1_287' title='bbox 1101 2179 1220 2216; x_wconf 83' lang='lat' dir='ltr'><strong>saltus</strong></span> <span class='ocrx_word' id='word_1_288' title='bbox 1247 2179 1412 2227; x_wconf 76' lang='lat' dir='ltr'><strong>agitare:</strong></span> <span class='ocrx_word' id='word_1_289' title='bbox 1440 2179 1523 2216; x_wconf 84' lang='lat' dir='ltr'><strong>altu</strong></span> 
     </span>
     <span class='ocr_line' id='line_1_35' title="bbox 156 2224 1523 2278; baseline 0.003 -18"><span class='ocrx_word' id='word_1_290' title='bbox 156 2224 321 2271; x_wconf 84' lang='lat' dir='ltr'><strong>sagitare</strong></span> <span class='ocrx_word' id='word_1_291' title='bbox 347 2229 392 2267; x_wconf 89' lang='grc' dir='ltr'><strong>Β,</strong></span> <span class='ocrx_word' id='word_1_292' title='bbox 419 2235 509 2259; x_wconf 81' lang='lat' dir='ltr'><strong>corr.</strong></span> <span class='ocrx_word' id='word_1_293' title='bbox 532 2231 555 2258; x_wconf 70' lang='grc' dir='ltr'><em>ὸ</em></span> <span class='ocrx_word' id='word_1_294' title='bbox 635 2224 847 2278; x_wconf 86' lang='lat' dir='ltr'><strong>vigentibus</strong></span> <span class='ocrx_word' id='word_1_295' title='bbox 873 2235 908 2262; x_wconf 72' lang='lat' dir='ltr'><strong>s:</strong></span> <span class='ocrx_word' id='word_1_296' title='bbox 935 2227 1203 2274; x_wconf 74' lang='lat' dir='ltr'><strong>ingentibusw</strong></span> <span class='ocrx_word' id='word_1_297' title='bbox 1292 2231 1336 2264; x_wconf 86' lang='lat'><strong>14</strong></span> <span class='ocrx_word' id='word_1_298' title='bbox 1361 2228 1523 2264; x_wconf 82' lang='lat' dir='ltr'><strong>novalli-</strong></span> 
     </span>
     <span class='ocr_line' id='line_1_36' title="bbox 158 2271 1522 2323; baseline 0.004 -16"><span class='ocrx_word' id='word_1_299' title='bbox 158 2272 225 2308; x_wconf 79' lang='lat' dir='ltr'><strong>bus</strong></span> <span class='ocrx_word' id='word_1_300' title='bbox 244 2278 290 2316; x_wconf 92' lang='grc' dir='ltr'><strong>Β,</strong></span> <span class='ocrx_word' id='word_1_301' title='bbox 318 2282 408 2308; x_wconf 81' lang='lat' dir='ltr'><strong>corr.</strong></span> <span class='ocrx_word' id='word_1_302' title='bbox 431 2279 454 2305; x_wconf 71' lang='grc' dir='ltr'>ὀ</span> <span class='ocrx_word' id='word_1_303' title='bbox 530 2275 572 2307; x_wconf 84' lang='lat'><strong>15</strong></span> <span class='ocrx_word' id='word_1_304' title='bbox 600 2271 747 2319; x_wconf 66' lang='lat' dir='ltr'><strong>aliquid</strong></span> <span class='ocrx_word' id='word_1_305' title='bbox 771 2279 808 2308; x_wconf 91' lang='grc' dir='ltr'><strong>Β</strong></span> <span class='ocrx_word' id='word_1_306' title='bbox 881 2278 924 2309; x_wconf 89' lang='grc'><strong>16</strong></span> <span class='ocrx_word' id='word_1_307' title='bbox 950 2275 1115 2312; x_wconf 84' lang='lat' dir='ltr'><strong>militore</strong></span> <span class='ocrx_word' id='word_1_308' title='bbox 1146 2283 1173 2311; x_wconf 78' lang='grc'><strong>1</strong></span> <span class='ocrx_word' id='word_1_309' title='bbox 1243 2280 1286 2312; x_wconf 82' lang='lat'><strong>17</strong></span> <span class='ocrx_word' id='word_1_310' title='bbox 1315 2276 1522 2323; x_wconf 88' lang='lat' dir='ltr'><strong>dirempta:</strong></span> 
     </span>
     <span class='ocr_line' id='line_1_37' title="bbox 155 2318 1523 2371; baseline 0.004 -15"><span class='ocrx_word' id='word_1_311' title='bbox 155 2319 239 2356; x_wconf 87' lang='lat' dir='ltr'><strong>dira</strong></span> <span class='ocrx_word' id='word_1_312' title='bbox 259 2326 316 2365; x_wconf 64' lang='lat'><strong>113</strong></span> <span class='ocrx_word' id='word_1_313' title='bbox 343 2318 493 2365; x_wconf 84' lang='lat' dir='ltr'><strong>direpta</strong></span> <span class='ocrx_word' id='word_1_314' title='bbox 519 2326 545 2354; x_wconf 87' lang='lat' dir='ltr'><strong><em>S</em></strong></span> <span class='ocrx_word' id='word_1_315' title='bbox 621 2323 664 2355; x_wconf 88' lang='grc'><strong>18</strong></span> <span class='ocrx_word' id='word_1_316' title='bbox 691 2331 713 2355; x_wconf 87' lang='grc'><strong>8</strong></span> <span class='ocrx_word' id='word_1_317' title='bbox 739 2332 805 2356; x_wconf 85' lang='lat' dir='ltr'><strong>om.</strong></span> <span class='ocrx_word' id='word_1_318' title='bbox 827 2328 874 2366; x_wconf 83' lang='lat' dir='ltr'><strong>S3</strong></span> <span class='ocrx_word' id='word_1_319' title='bbox 901 2325 967 2358; x_wconf 85' lang='lat' dir='ltr'><strong>aut</strong></span> <span class='ocrx_word' id='word_1_320' title='bbox 993 2331 1028 2358; x_wconf 85' lang='lat' dir='ltr'><em>P</em></span> <span class='ocrx_word' id='word_1_321' title='bbox 1097 2325 1210 2360; x_wconf 87' lang='lat' dir='ltr'><strong>bene:</strong></span> <span class='ocrx_word' id='word_1_322' title='bbox 1236 2335 1359 2371; x_wconf 88' lang='lat' dir='ltr'><strong>paene</strong></span> <span class='ocrx_word' id='word_1_323' title='bbox 1385 2326 1523 2362; x_wconf 74' lang='lat' dir='ltr'><strong>Ascen-</strong></span> 
     </span>
     <span class='ocr_line' id='line_1_38' title="bbox 154 2350 1454 2410; baseline 0.004 -6"><span class='ocrx_word' id='word_1_324' title='bbox 154 2370 234 2405; x_wconf 67' lang='grc' dir='ltr'><strong>εἰπε</strong></span> <span class='ocrx_word' id='word_1_325' title='bbox 334 2370 377 2403; x_wconf 86' lang='grc'><strong>19</strong></span> <span class='ocrx_word' id='word_1_326' title='bbox 404 2367 600 2403; x_wconf 80' lang='lat' dir='ltr'><strong>indomata</strong></span> <span class='ocrx_word' id='word_1_327' title='bbox 626 2376 645 2410; x_wconf 82' lang='grc' dir='ltr'><strong><em>β</em></strong></span> <span class='ocrx_word' id='word_1_328' title='bbox 725 2373 769 2404; x_wconf 81' lang='lat'><strong>20</strong></span> <span class='ocrx_word' id='word_1_329' title='bbox 795 2350 932 2406; x_wconf 88' lang='lat' dir='ltr'><strong>belluis</strong></span> <span class='ocrx_word' id='word_1_330' title='bbox 957 2378 994 2406; x_wconf 91' lang='grc' dir='ltr'><strong>Β</strong></span> <span class='ocrx_word' id='word_1_331' title='bbox 1073 2377 1116 2408; x_wconf 86' lang='grc'><strong>21</strong></span> <span class='ocrx_word' id='word_1_332' title='bbox 1142 2374 1288 2409; x_wconf 85' lang='lat' dir='ltr'><strong>tamen:</strong></span> <span class='ocrx_word' id='word_1_333' title='bbox 1314 2375 1398 2408; x_wconf 89' lang='lat' dir='ltr'><strong>tum</strong></span> <span class='ocrx_word' id='word_1_334' title='bbox 1418 2380 1454 2408; x_wconf 87' lang='lat' dir='ltr'><em>P</em></span> 
     </span>
     <span class='ocr_line' id='line_1_39' title="bbox 156 2415 1347 2463; baseline 0.005 -11"><span class='ocrx_word' id='word_1_335' title='bbox 156 2418 288 2463; x_wconf 86' lang='lat' dir='ltr'><strong>qamtu</strong></span> <span class='ocrx_word' id='word_1_336' title='bbox 313 2423 351 2451; x_wconf 88' lang='grc' dir='ltr'><strong>Β</strong></span> <span class='ocrx_word' id='word_1_337' title='bbox 448 2416 500 2451; x_wconf 89' lang='lat' dir='ltr'><strong>vi:</strong></span> <span class='ocrx_word' id='word_1_338' title='bbox 526 2415 567 2450; x_wconf 85' lang='lat' dir='ltr'><strong>in</strong></span> <span class='ocrx_word' id='word_1_339' title='bbox 594 2422 658 2450; x_wconf 67' lang='grc' dir='ltr'><strong>ΡΙ</strong></span> <span class='ocrx_word' id='word_1_340' title='bbox 678 2417 780 2461; x_wconf 74' lang='grc' dir='ltr'><strong>(οων.</strong></span> <span class='ocrx_word' id='word_1_341' title='bbox 802 2419 830 2463; x_wconf 74' lang='lat' dir='ltr'><strong>i)</strong></span> <span class='ocrx_word' id='word_1_342' title='bbox 930 2423 973 2454; x_wconf 82' lang='lat'><strong>22</strong></span> <span class='ocrx_word' id='word_1_343' title='bbox 1001 2420 1156 2457; x_wconf 83' lang='grc'><strong>(111011111.</strong></span> <span class='ocrx_word' id='word_1_344' title='bbox 1184 2421 1290 2457; x_wconf 88' lang='lat' dir='ltr'><strong>ducit</strong></span> <span class='ocrx_word' id='word_1_345' title='bbox 1313 2428 1347 2457; x_wconf 76' lang='lat' dir='ltr'><em>J</em></span> 
     </span>
    </p>
   </div>
  </div>
 </body>
</html>
