1638 2560
189 86 278 129 360
570 82 828 120 EXCERPTA
853 80 1186 118 MONAOENSIA.

642 233 712 272 IV.
744 233 1094 273 MATHEMATICVS.

277 320 586 370 Argumentum:
623 318 796 364 Quidam
828 317 876 356 de
907 318 1028 368 partu
1058 318 1194 356 uxoris
1232 317 1563 357 mathematicum

193 381 401 421 consuluit.
458 381 493 419 is
524 379 732 430 respondit
761 380 894 418 virum
925 378 1073 417 fortem
1110 377 1293 417 futurum
1325 378 1396 428 qui
1426 390 1562 418 nasce-

186 443 308 492 retur,
341 440 483 480 deinde
515 440 769 491 parricidam.
827 451 917 477 cum
943 438 1187 478 adolevisset
1218 438 1290 489 qui
1318 440 1407 478 erat
1429 440 1563 488 natus,

186 502 291 541 bello
323 501 481 552 patriae
512 500 672 539 fortiter
703 500 787 551 egit
825 500 865 537 et
896 511 1081 550 pugnans
1119 511 1192 549 pro
1223 499 1361 550 patria
1390 500 1492 539 vicit
1522 501 1564 539 et
1600 511 1617 538 5

187 575 276 602 cum
306 562 442 612 palma
466 562 650 612 receptus
682 561 743 600 est
776 560 819 598 in
843 560 1031 610 patriam.
1088 558 1224 599 reddit
1255 571 1396 600 causas
1420 560 1562 599 volun—

185 624 313 662 tariae
343 623 496 661 mortis.
552 623 669 672 pater
700 620 940 660 contradicit

275 682 426 722 Nolens
459 682 565 721 enim
590 695 630 721 se
661 683 795 732 ipsum
821 681 999 720 occidere
1033 681 1119 720 sine
1145 681 1347 720 sententia
1371 679 1562 730 iudicum,

186 756 236 782 ne
261 744 471 793 reputetur
504 742 705 781 homicida
740 743 803 780 sui
834 743 875 780 et
905 741 966 780 ita
997 743 1136 780 careat
1166 741 1386 792 sepultura,
1416 741 1563 781 nititur

187 803 354 854 probare
393 815 526 842 coram
556 802 756 842 iudicibus
798 802 905 852 quod
937 801 1082 841 debeat
1119 803 1160 841 et
1189 803 1327 853 posset
1357 814 1399 842 se
1429 802 1563 853 ipsum
1584 814 1619 840 ιο

187 863 374 903 occidere.
438 864 588 914 allegat
621 863 727 901 enim
759 862 911 902 dicens:
942 874 1107 913 possum
1139 863 1180 902 et
1211 862 1335 902 debeo
1365 875 1430 902 me
1461 863 1564 903 occi-

190 924 294 973 dere,
325 937 374 962 ne
406 923 669 974 parricidium
701 924 962 963 committam.
1019 923 1161 974 utique
1194 922 1316 973 illud,
1347 923 1383 963 si
1413 923 1564 971 vixero,

186 984 313 1024 habeo
355 985 623 1033 committere,
663 983 973 1023 mathematicus
1014 985 1122 1023 enim
1163 983 1220 1023 sic
1258 983 1463 1034 praedixit
1492 984 1565 1034 qui

188 1045 286 1084 adeo
324 1058 446 1084 verax
478 1046 539 1084 est
578 1044 683 1094 quod
724 1045 998 1096 interrogatus
1037 1044 1084 1082 de
1122 1045 1246 1095 partu
1282 1044 1326 1083 in
1357 1044 1470 1084 nullo
1502 1056 1562 1083 er·

186 1106 306 1154 ravit,
337 1118 418 1144 non
442 1106 486 1143 in
512 1118 606 1144 sexu
633 1106 703 1155 qui
733 1106 864 1144 virum
890 1106 976 1144 fore
1009 1105 1113 1144 dixit
1143 1106 1185 1144 et
1209 1105 1357 1144 fortem
1389 1106 1430 1143 et
1461 1105 1561 1144 stre-
1582 1117 1617 1143 15

187 1179 311 1204 nuum
336 1179 408 1216 pro
435 1166 579 1216 patria.
620 1178 720 1215 quae
741 1166 877 1204 omnia
903 1166 1161 1217 contigerunt
1186 1166 1227 1204 et
1251 1177 1298 1204 eo
1324 1164 1462 1204 ordine
1483 1177 1563 1215 quo

187 1225 297 1264 dixit.
365 1226 462 1276 quid
500 1239 593 1278 ergo
637 1238 742 1265 nunc
785 1227 913 1265 restat
955 1226 1035 1265 nisi
1070 1226 1264 1265 ultimum
1303 1225 1412 1276 quod
1447 1225 1563 1275 dixit,

188 1286 294 1337 quod
339 1287 588 1325 committam
627 1286 898 1336 parricidium.
957 1286 1064 1337 quod
1105 1287 1153 1326 ut
1191 1285 1335 1326 melius
1376 1285 1563 1325 credatur

186 1347 386 1396 futurum,
423 1347 608 1398 permisit
639 1347 720 1385 alia
752 1360 856 1397 quae
892 1347 975 1387 iam
1008 1348 1245 1397 evenerunt,
1282 1347 1330 1386 ut
1361 1346 1470 1397 quod
1500 1346 1563 1386 fu-

188 1408 327 1446 turum
358 1407 582 1457 occidatur,
620 1409 677 1457 et,
713 1408 747 1446 si
779 1408 907 1457 dicas,
950 1407 1056 1458 quod
1093 1408 1223 1446 fatum
1261 1406 1451 1458 impediri
1480 1415 1562 1446 non
1582 1419 1618 1445 20

188 1468 330 1517 potest.
389 1481 484 1519 ergo
516 1469 691 1518 oportet,
731 1468 837 1518 quod
868 1469 1027 1519 patrem
1059 1468 1256 1517 occidam,
1289 1469 1330 1507 et
1361 1466 1469 1518 quod
1498 1480 1563 1507 me

187 1540 267 1566 non
297 1527 545 1567 interficiam.
603 1528 691 1568 dico
725 1529 846 1578 quod,
878 1529 912 1568 si
943 1542 1007 1568 me
1033 1528 1241 1578 interficio,
1267 1527 1563 1579 quodammodo

187 1589 345 1638 patrem
370 1590 534 1638 propter
560 1588 775 1627 orbitatem
799 1588 1009 1639 interficio,
1042 1602 1116 1641 ego
1144 1590 1281 1628 autem
1305 1601 1386 1628 non
1411 1588 1564 1628 moriar

190 1647 297 1697 quod
333 1650 498 1698 propter
536 1650 794 1688 strenuitates
832 1663 932 1700 quas
964 1650 1059 1700 feci,
1097 1650 1210 1689 vivet
1245 1649 1439 1688 memoria
1470 1649 1562 1697 mei,

190 1709 230 1746 et
262 1709 317 1747 sic
348 1721 427 1747 non
458 1722 594 1760 pugno
621 1711 761 1749 contra
793 1710 934 1749 fatum.
992 1724 1014 1749 o
1046 1712 1163 1761 pater
1193 1711 1262 1760 mi,
1296 1710 1448 1760 quanta
1483 1709 1563 1748 fuit
1582 1721 1617 1747 25

188 1769 261 1807 tua
292 1769 439 1807 caritas
471 1770 511 1807 et
542 1770 671 1819 pietas
699 1771 780 1820 qui,
812 1783 902 1809 cum
928 1771 1106 1810 audisses
1139 1784 1163 1810 a
1193 1771 1309 1809 tanto
1341 1770 1563 1809 mathema-

189 1829 270 1867 tico
311 1829 417 1878 quod
459 1829 565 1869 filius
614 1830 774 1869 adultus
823 1831 1007 1870 deberem
1046 1832 1087 1870 te
1129 1830 1326 1881 occidere,
1367 1843 1459 1870 cum
1498 1843 1562 1869 me

189 1889 392 1940 iugulasse
418 1889 590 1938 deberes,
622 1890 790 1929 delicate
816 1892 993 1940 nutristi,
1025 1904 1153 1942 nuper
1179 1891 1302 1930 etiam
1327 1891 1563 1929 imminente

188 1948 294 1987 bello
326 1950 482 2000 patriae
509 1964 571 1989 me
602 1950 687 2000 ipse
714 1951 890 1990 armasti.
953 1964 1027 2003 ego
1060 1954 1197 1991 autem
1225 1953 1320 2002 post
1349 1950 1562 1990 victoriam

190 2011 368 2049 armatus
400 2010 555 2050 rediens
594 2011 863 2062 applaudente
900 2012 1051 2063 populo
1084 2026 1108 2052 a
1138 2014 1180 2052 te
1213 2012 1360 2051 diverti
1390 2023 1464 2050 nec
1495 2023 1562 2050 cu·
1581 2023 1618 2050 ⁸0

190 2069 295 2108 curri
327 2070 369 2108 in
401 2071 606 2120 amplexus
639 2072 747 2120 tuos,
786 2085 835 2110 ne
866 2072 970 2111 forte
1005 2073 1238 2123 impellente
1270 2072 1355 2111 fato
1386 2073 1427 2112 te
1460 2072 1562 2111 occi-

189 2129 334 2169 derem.
391 2131 534 2170 victori
566 2131 721 2181 patriae
747 2132 942 2171 debentur
972 2133 1103 2182 tituli,
1133 2133 1343 2184 imagines,
1373 2133 1562 2181 honores3

189 2190 287 2230 haec
318 2203 415 2242 rogo
442 2194 597 2230 servate
629 2192 807 2231 victuris.
863 2193 964 2231 mihi
988 2195 1192 2243 praestate
1224 2193 1396 2233 salutem
1420 2192 1563 2243 patris,

189 2251 461 2290 innocentiam
486 2264 628 2301 meam,
659 2254 885 2303 temporum
910 2253 1115 2303 pudorem.
1172 2267 1244 2293 nec
1268 2252 1470 2292 homicida
1501 2258 1564 2291 est

287 2382 331 2413 32
358 2378 556 2424 ymagines
583 2385 625 2413 M
