1638 2560
611 660 1026 710 PRAEFATIO.

218 857 547 897 Declamationes
578 856 675 895 XIX
706 856 837 896 altero
869 870 908 907 p.
936 855 1026 894 Chr.
1053 869 1106 904 n.,
1137 856 1184 893 ut
1214 854 1396 904 videtur,
1430 866 1517 893 sae-

128 919 219 958 culo
267 921 426 957 exortas
472 918 553 957 iam
604 919 749 968 quarto
799 916 961 957 saeculo
1008 918 1222 955 exornatas
1273 914 1518 962 Quinffliani

126 981 290 1020 nomine
331 991 417 1019 esse
458 977 735 1028 circumlatas,
778 991 859 1029 quo
896 977 1027 1029 magis
1069 989 1136 1016 eas
1177 976 1356 1028 legentes
1396 988 1517 1027 appe-

127 1042 263 1080 terent
293 1042 418 1091 atque
451 1038 696 1090 arriperent,
733 1038 931 1089 probatur
966 1038 1066 1077 locis
1100 1036 1343 1088 quibusdam
1375 1049 1401 1076 a
1430 1036 1518 1074 Fir-

50 1130 70 1148 „
127 1101 234 1141 mico
263 1100 462 1151 Materno,
492 1099 756 1150 Hieronymo,
790 1099 930 1138 Servio
962 1100 1035 1137 aut
1065 1097 1244 1137 laudatis
1277 1098 1351 1136 aut
1382 1096 1517 1136 imita-

127 1162 239 1201 fione
271 1156 519 1214 expressis.1)
583 1173 663 1211 quo
701 1160 857 1199 factum
896 1161 976 1209 est,
1014 1161 1061 1197 ut
1098 1160 1140 1198 et
1171 1157 1384 1209 splendore
1422 1157 1520 1196 falsi

128 1221 241 1261 illius
272 1221 447 1261 nominis
478 1220 664 1272 perducti
702 1223 743 1260 et
775 1220 909 1273 gratia
949 1233 1029 1270 qua
1068 1219 1125 1259 eis
1166 1231 1329 1270 quoque
1363 1220 1518 1268 tempo-

127 1282 242 1322 ribus
289 1282 603 1322 declamationes
647 1281 863 1331 florebant,
909 1280 1100 1320 commoti
1141 1279 1204 1318 illi
1246 1279 1326 1319 viri
1365 1278 1436 1330 qui
1473 1277 1518 1324 Q.

131 1343 299 1383 Aurelio
332 1342 574 1394 Symmacho
608 1344 649 1381 et
687 1341 802 1381 Virio
835 1341 1082 1380 Nicomacho
1113 1340 1312 1379 Flaviano
1351 1338 1521 1378 ducibus

130 1405 276 1456 quarto
307 1417 346 1455 p.
374 1401 465 1442 Chr.
491 1417 529 1441 n.
564 1403 743 1453 saeculo,
782 1405 831 1441 ut
863 1403 1074 1452 antiquam
1111 1401 1351 1453 religionem
1383 1399 1518 1439 defen-

131 1464 273 1504 derent
298 1464 570 1514 antiquosque
595 1476 727 1503 mores
754 1464 1038 1503 conservarent
1071 1464 1112 1501 et
1135 1464 1348 1501 tuerentur
1379 1462 1521 1500 conta-a

130 1537 280 1565 novam
299 1524 625 1564 Christianorum
650 1524 888 1574 doctrinam,
914 1523 1190 1562 Romanorum
1210 1534 1370 1572 quoque
1396 1521 1521 1571 scrip—

130 1588 267 1625 torum
299 1597 423 1636 opera
448 1597 472 1623 a
499 1584 823 1635 corruptelarum
848 1583 1033 1624 sordibus
1065 1595 1240 1635 purgare
1267 1582 1522 1630 studuerunt,

132 1659 212 1696 quo
259 1645 390 1697 magis
438 1646 614 1697 genuina
661 1645 792 1684 forma
837 1647 1079 1695 recuperata
1128 1645 1201 1694 qui
1246 1643 1429 1695 legerent
1470 1642 1522 1680 ad

131 1707 346 1757 pristinam
393 1707 590 1744 virtutem
644 1708 933 1745 revocarentur
986 1707 1111 1756 atque
1158 1703 1522 1750 inflammarentur,

132 1767 258 1806 etiam
298 1765 661 1805 declamationibus
705 1779 870 1817 operam
914 1767 1122 1804 navarent.
1188 1764 1232 1804 id
1276 1764 1385 1815 quod
1430 1775 1523 1802 con-

132 1827 318 1866 firmatur
337 1826 700 1877 subscriptionibus
725 1826 768 1865 in
788 1826 993 1866 codicibus
1018 1828 1112 1876 post
1134 1825 1232 1864 decl.
1253 1824 1290 1862 X
1317 1826 1359 1863 et
1382 1822 1523 1862 XVIH

133 1888 304 1928 servatis
313 1881 349 1942 2)
382 1887 531 1938 quibus
564 1887 776 1926 edocemur
800 1887 1029 1926 Domitium
1058 1886 1328 1925 Draconffium
1361 1887 1402 1923 et
1427 1883 1523 1922 Hie-

133 1950 241 1987 rium
285 1947 599 1987 declamationes
643 1949 685 1986 in
728 1948 866 1987 schola
909 1947 989 1986 fori
1026 1946 1192 1986 Traiani
1230 1938 1522 2003 pmcndasse.³)

133 2008 391 2059 perspicuum
423 2012 560 2047 autem
593 2011 654 2046 est
686 2008 840 2048 codices
879 2007 1028 2058 quibus
1059 2007 1134 2046 illa
1165 2006 1410 2057 subscriptio
1441 2007 1525 2043 tra-

133 2069 261 2117 ditur,
301 2082 349 2107 ex
381 2069 598 2119 exemplari
633 2068 810 2119 quodam
847 2069 1010 2107 fluxisse
1049 2071 1154 2118 quod
1185 2067 1258 2106 illa
1290 2065 1524 2105 recensione

133 2129 266 2168 Hierii
307 2131 348 2167 et
389 2128 601 2168 Dracontii
642 2130 760 2179 quasi
802 2129 1067 2168 fundamento
1109 2127 1334 2176 nitebatur,
1374 2128 1435 2165 ita
1475 2127 1524 2164 ut

234 2259 270 2303 1)
295 2256 345 2293 of.
365 2256 415 2292 ad
443 2260 475 2299 1,
495 2260 527 2292 3.
557 2260 590 2300 3,
612 2259 668 2291 16.
689 2260 724 2301 4,
746 2260 801 2291 11.
830 2259 864 2300 4,
887 2259 943 2292 13.
964 2259 998 2299 6,
1021 2258 1077 2290 19.
1106 2259 1163 2299 12,
1184 2258 1240 2290 23.
1265 2257 1309 2289 13
1329 2253 1388 2289 tit.
1413 2257 1470 2297 13,
1489 2256 1525 2287 2.

137 2309 193 2351 ω’
215 2309 271 2395 1ἓὸ
295 2353 342 2389 ef.
362 2364 400 2399 p.
421 2356 491 2387 206
518 2356 558 2389 et
584 2355 665 2389 335.

234 2405 270 2447 3)
296 2401 342 2438 cf.
364 2401 460 2437 Mus.
482 2400 601 2436 Rhen.
623 2404 670 2437 60
689 2403 827 2447 (1905),
852 2413 888 2447 p.
912 2405 992 2437 154.
