1638 2560
237 127 324 170 258
727 123 849 160 APEs
875 121 1115 158 PAVPams

238 240 415 280 auferri?
476 242 536 279 ita
572 240 703 290 plane.
767 238 947 288 alioquin
984 239 1030 276 tu
1066 236 1159 276 illos
1196 236 1241 274 in
1271 236 1517 276 vetustatem
1546 250 1608 276 re-

239 302 442 350 servabas,
481 301 521 340 et
551 300 743 338 durarent
781 299 927 348 adhuc,
965 298 1046 336 nisi
1077 296 1129 335 ad
1165 295 1329 336 hortum
1365 298 1481 335 tuum
1513 309 1610 348 apes

237 362 448 402 venissent.
505 360 617 400 cuius
648 360 708 398 rei
738 359 913 398 inveniri
943 358 1079 408 potest
1109 357 1271 396 brevior
1301 355 1440 396 aetas?
1495 369 1608 396 nam-

237 435 313 473 que
339 422 434 460 dum
464 422 686 459 inmaturos
713 421 884 458 exterior
910 419 1056 470 alligat
1081 418 1227 467 corta,
1258 417 1437 457 nondum
1462 417 1608 457 dixeris

236 483 383 521 florem.
446 481 645 532 paulatim
689 480 831 519 deinde
868 479 1064 518 vividiore
1109 490 1202 517 suco
1245 478 1435 518 tumescit
1470 479 1635 518 uterus.

237 544 277 582 et
307 543 478 581 albentis
510 542 658 591 accipit
687 540 822 590 rimas,
853 539 1023 579 necdum
1053 540 1191 578 tamen
1220 538 1294 578 fios
1319 539 1391 578 est.
1442 540 1487 578 at
1517 552 1608 578 cum

236 616 277 641 se
302 602 432 653 ruptis
463 603 546 640 iam
575 602 722 640 tunicis
754 602 797 639 in
827 601 1015 651 patulum
1040 600 1177 649 capita
1206 598 1400 638 fuderunt
1431 601 1472 639 et
1496 599 1609 638 velut

235 663 329 703 fissa
367 663 411 701 in
451 662 605 712 orbem,
647 663 807 711 iamque
851 663 1051 700 terrarum
1094 659 1256 699 videtur
1291 660 1525 710 maturitas,
1569 661 1611 699 et

235 724 437 775 ingenitus
475 735 637 762 occasus
682 723 742 761 est
779 723 820 760 et
857 723 940 760 iam
984 722 1069 760 sine
1107 720 1239 760 ventis
1278 732 1437 770 quoque
1474 720 1609 760 soluta

235 786 381 823 natura
418 783 569 822 labitur
607 784 758 834 gratia,
796 795 868 820 nec
901 783 1116 832 quicquam
1151 782 1212 820 est
1247 780 1321 820 fios
1352 780 1431 821 nisi
1468 793 1638 822 novus.1

238 857 359 894 quare
386 845 420 882 si
445 843 628 893 dicerem,
654 842 855 882 abstulere
880 843 1063 893 peritura
1089 842 1129 880 et
1154 854 1259 892 quae
1284 842 1470 892 protinus
1495 842 1609 880 humi

236 905 470 954 iacuissent‚
509 905 551 942 in
589 916 683 942 usus
720 904 928 942 hominum
965 915 1176 952 conversa,
1219 901 1428 942 inauditus
1471 903 1608 942 tamen

236 966 340 1004 livor
377 965 580 1004 videretur
618 965 741 1003 etiam
779 964 921 1014 apibus
958 963 1149 1002 invidere.
1212 975 1319 1002 nunc
1352 957 1448 1002 vero
1485 962 1607 1003 disse-

235 1026 403 1064 rendum
434 1025 534 1063 mihi
565 1026 625 1063 est
657 1037 777 1075 quam
808 1025 1058 1063 momentosa
1089 1025 1144 1062 sit
1173 1023 1292 1062 huius
1325 1023 1512 1062 animalis
1543 1035 1608 1062 ra-

236 1087 343 1136 pina.
405 1085 601 1124 nescimus
640 1098 720 1134 qua
757 1085 997 1135 pernicitate
1033 1084 1270 1135 plerumque
1305 1083 1374 1123 vix
1411 1084 1638 1124 contactis1

237 1146 398 1185 floribus
441 1146 595 1184 revolet
638 1145 913 1195 discurratque
958 1159 1029 1195 per
1073 1145 1252 1196 singulos
1296 1145 1412 1184 velox
1455 1145 1608 1195 experi-

236 1207 382 1256 mento,
413 1219 533 1256 quam
559 1206 693 1255 etiam,
719 1205 788 1244 ubi
812 1205 1077 1255 inmorantur,
1109 1204 1269 1244 libratis
1293 1205 1496 1256 pendeant
1521 1204 1606 1244 alis.

239 1268 327 1316 quis
365 1279 557 1316 umquam
596 1266 701 1316 quod
738 1266 932 1305 ferentem
971 1279 1087 1316 apem
1125 1265 1301 1316 viderat,
1344 1265 1415 1304 ubi
1454 1265 1608 1306 deesset

167 1327 217 1363 13
237 1325 418 1365 invenit?
480 1327 721 1377 quantulum
752 1339 845 1365 vero
878 1328 939 1365 est
971 1326 1078 1376 quod
1110 1339 1157 1365 ex
1187 1326 1250 1365 his
1281 1339 1404 1365 manu
1441 1326 1607 1366 consitis

237 1387 399 1426 floribus
442 1386 607 1439 legant?
667 1388 786 1438 prata
830 1387 1033 1437 silvaeque
1075 1387 1139 1426 vel
1182 1388 1366 1426 maturae
1409 1386 1638 1427 frucfibuss

198 1486 208 1497 ,
236 1447 338 1486 vites
376 1449 416 1486 et
452 1447 673 1499 fraglantes
705 1448 845 1497 thymo
884 1448 1022 1497 colles,
1056 1448 1252 1497 quantum
1283 1448 1512 1486 coniectura
1543 1459 1607 1486 su-

237 1507 382 1558 spicari
412 1509 557 1557 potest,
588 1508 783 1558 pabulum
815 1509 1059 1547 ministrant.
1110 1520 1191 1546 non
1223 1507 1406 1547 omnibus
1442 1507 1606 1547 fioribus

238 1569 407 1618 carpunt
437 1568 557 1607 utilia
588 1569 699 1618 operi
730 1581 813 1618 suo,
846 1568 914 1607 sed
944 1569 987 1606 in
1019 1568 1203 1607 omnibus
1232 1573 1442 1619 quaerunt.

326 1627 516 1667 Praesens
550 1628 710 1678 quidem
748 1629 820 1667 illa
856 1630 1040 1679 protinus
1077 1628 1260 1668 redditur
1292 1641 1461 1678 merces,
1500 1628 1607 1679 quod

237 1688 419 1727 omnibus
446 1688 588 1738 quibus
619 1689 810 1739 insedere,
842 1689 1004 1728 odorem
1034 1689 1164 1729 mellis
1190 1689 1393 1740 inspirant
1423 1690 1464 1728 et
1493 1689 1608 1728 brevi
1625 1703 1638 1729 ε

238 1750 423 1787 contactu
454 1749 537 1787 vim
569 1750 631 1787 sui
661 1750 905 1799 relinquunt.
968 1751 1043 1788 hoc
1073 1751 1120 1788 tu
1152 1750 1346 1788 damnum
1375 1748 1607 1801 intellegis?

236 1809 311 1847 hoc
336 1822 487 1848 veneno
513 1809 693 1849 vindicas
721 1810 827 1859 quod
851 1810 1075 1849 mehercule
1102 1811 1320 1849 inhumane
1345 1811 1468 1849 etiam
1495 1810 1607 1849 fumo

235 1868 505 1919 prohibuisses
515 1868 534 1907 ?

334 1963 352 1994 1
382 1958 522 1995 auffere
548 1974 579 1994 α·
647 1964 667 1995 3
693 1959 865 2008 breviora
890 1967 927 1995 B
993 1965 1013 1996 5
1041 1973 1147 1997 suco:
1174 1962 1271 1997 huco
1296 1967 1324 1996 V
1388 1965 1409 1997 6
1435 1961 1609 1997 albentes

237 2013 304 2042 Mo*
381 2009 422 2042 at
446 2019 513 2044 om.
540 2015 568 2042 V
641 2010 723 2043 tum
748 2015 777 2043 V
857 2013 876 2044 7
905 2011 942 2045 et
967 2009 1125 2046 velut—
1144 2021 1299 2046 occasus
1325 2011 1383 2045 est
1409 2010 1430 2045 l.
1446 2012 1469 2045 9
1494 2021 1562 2046 om.
1584 2018 1607 2044 d

237 2059 257 2090 8
284 2055 358 2090 fixa
384 2062 427 2090 M
506 2056 583 2091 iam
609 2068 706 2102 quae
732 2058 835 2093 Dess.
911 2059 1095 2094 terrarum
1122 2059 1189 2094 del.
1210 2059 1315 2095 Dess.
1331 2070 1371 2104 p.
1387 2061 1453 2103 903
1479 2068 1608 2096 corum

237 2111 258 2138 ς·
330 2103 489 2139 maturis
514 2111 552 2139 B
635 2109 655 2140 9
682 2105 874 2151 ingenitus
899 2107 955 2142 vel
979 2106 1133 2141 innatus
1160 2108 1266 2143 Dess.
1287 2107 1353 2143 ib.:
1380 2106 1533 2153 ignotus
1559 2120 1607 2150 ως

237 2152 413 2187 admotus
436 2152 500 2188 Gr.
579 2156 621 2188 10
648 2153 849 2199 quisquam
875 2160 934 2197 Μβ
1007 2166 1120 2190 novos
1140 2161 1178 2190 B
1250 2159 1295 2190 14
1321 2156 1556 2191 mementosa
1572 2160 1611 2189 B

237 2203 281 2235 16
307 2200 453 2235 revolat
476 2207 505 2234 V
592 2205 635 2236 17
663 2213 797 2247 quam:
825 2204 927 2247 quod
954 2212 972 2246 β
1063 2203 1351 2239 inmorabantur
1377 2211 1430 2238 ad·
1516 2212 1608 2248 pen-

237 2248 368 2284 deant:
397 2249 464 2284 ant
488 2255 534 2293 B,
560 2250 684 2295 pende
708 2262 808 2295 supr.
831 2258 853 2284 b
953 2255 996 2286 18
1023 2252 1145 2297 quod:
1173 2251 1239 2297 qui
1264 2260 1284 2295 β
1362 2251 1492 2287 videat
1517 2260 1537 2294 β

234 2296 302 2332 ubi
326 2296 474 2332 viderat
494 2298 642 2333 deesset
666 2304 694 2332 V
800 2296 843 2333 19
875 2298 934 2334 his
961 2311 1027 2335 om.
1050 2308 1069 2342 β
1173 2303 1219 2335 20
1245 2299 1322 2336 mel
1346 2300 1519 2335 maturae
1543 2304 1611 2334 BV

236 2372 279 2404 21
307 2357 500 2416 fra¹g¹entes
519 2376 557 2405 B
575 2372 613 2417 (n
632 2382 732 2416 supr.
750 2372 804 2417 b);
830 2370 1042 2417 fragrantes
1063 2378 1119 2416 M3
1146 2372 1351 2418 flagrantes
1371 2378 1414 2416 S;
1440 2371 1608 2419 fraglan-

233 2417 339 2453 tibus
366 2426 393 2452 «r
485 2417 605 2454 thimo
630 2425 665 2453 Ρ
761 2423 804 2454 22
833 2431 878 2455 ex
904 2421 1077 2456 omnibus
1105 2429 1126 2455 ς
1224 2424 1268 2455 24
1295 2422 1334 2456 et
1358 2420 1513 2466 quidem
1539 2428 1562 2455 ς
1583 2430 1586 2432 ’
1628 2418 1638 2425 ”
