1638 2560
194 120 277 162 158
611 118 787 155 GEMIM
811 104 1141 154 LANGVENTES

191 235 340 274 solacia
366 234 447 273 sint
471 233 518 273 de
544 233 681 272 liberis
709 245 806 283 quos
838 233 915 271 tibi
939 232 1089 271 videris
1121 245 1202 271 non
1233 232 1457 283 perdidisse
1485 234 1567 274 nisi

190 296 286 333 fato.
351 295 438 344 quis
479 307 523 333 ex
566 294 800 345 parentibus
838 294 982 343 nescit,
1027 294 1070 332 in
1107 293 1183 332 hac
1222 305 1263 332 se
1300 294 1564 335 mortalitatis

190 367 397 405 procreare
430 353 545 406 lege?
607 354 676 393 sed
706 353 863 405 indigni
895 355 1024 392 exitus
1051 366 1175 404 supra
1209 353 1427 393 orbitatem
1458 356 1563 395 sunt.

190 415 279 453 ideo
320 416 449 466 magis
480 415 620 453 flemus
658 414 749 453 illos
783 426 881 464 quos
912 413 1021 453 bella
1056 415 1298 464 rapuerunt,
1335 415 1474 454 hausit
1502 416 1563 454 in-

190 475 384 524 cendium,
416 476 629 526 naufragia
654 476 886 513 merserunt.
932 475 1077 514 fortius
1109 475 1215 514 feras
1247 475 1355 514 inter
1379 475 1563 515 adsiden-
1601 490 1621 518 5

189 537 291 574 tium
316 548 470 585 manus,
502 537 608 574 inter
634 548 796 574 suorum
822 535 954 573 officia
979 534 1172 585 labentes,
1205 548 1296 575 cum
1322 548 1363 575 se
1389 537 1563 576 invicem

189 596 343 645 oscula,
382 608 471 634 cum
510 608 549 635 se
582 597 780 634 satiavere
819 608 1037 645 sermones,
1077 608 1167 635 cum
1201 591 1336 649 [data]
1376 610 1564 647 suprema

187 656 379 695 mandata
416 657 526 706 sunt,
565 658 606 694 et
643 669 683 695 se
723 657 799 695 scit
836 658 966 706 pietas
1006 658 1143 695 omnia
1180 657 1320 696 fecisse
1357 653 1431 708 pro
1463 658 1560 697 vita.

186 718 314 768 igitur
344 730 483 755 verum
515 716 684 755 dixerim
715 717 807 756 illos
840 718 943 755 mori
975 717 1185 767 credimus,
1216 717 1289 757 hos
1320 719 1463 769 perire.

117 777 168 814 14
276 777 367 815 Non
411 777 590 827 invenio,
636 777 971 827 quemadmodum
1014 748 1311 817 excusationem
1354 779 1472 830 pater
1512 778 1619 820 dem

188 849 379 876 0011501150
410 838 538 888 possit
565 839 742 888 accipere
774 837 1028 877 medicorum.
1079 839 1155 878 hoc
1182 839 1243 878 est
1269 839 1376 889 quod
1403 852 1562 879 omnem

187 899 526 948 comparationem
544 898 718 937 feritatis
740 898 902 937 excedit.
949 899 1094 937 occidit
1112 898 1242 938 filium
1261 901 1378 950 pater
1396 901 1562 951 propter

185 958 387 997 hominem
408 972 526 1008 quem
550 971 630 997 11011
655 959 818 1009 putavit
842 972 958 1009 posse
988 961 1133 998 sanari.
1186 959 1294 1010 quod
1319 961 1365 999 tu
1389 959 1562 1000 monstri

185 1018 441 1068 portentique
485 1032 607 1071 genus
647 1019 704 1058 es!
767 1019 888 1058 habes
932 1020 1141 1070 parricidii
1178 1021 1438 1071 patientiam,
1478 1034 1560 1060 11011

185 1078 306 1117 habes
345 1079 539 1119 orbitatis.
602 1080 661 1118 ita
699 1080 859 1118 demum
896 1081 1010 1130 potes
1049 1081 1153 1121 ferre
1190 1081 1266 1119 filii
1295 1082 1484 1132 mortem,
1524 1082 1559 1121 si
1579 1096 1617 1123 15

185 1139 340 1178 facinus
386 1139 585 1179 adieceris.
647 1142 694 1179 tu
739 1141 904 1190 occidis,
956 1142 1051 1191 quia
1096 1141 1357 1192 desperavere
1400 1142 1556 1181 medici.

186 1212 370 1249 quererer
395 1201 650 1250 mehercules,
677 1202 710 1239 si
735 1201 977 1251 reliquisses,
998 1202 1031 1240 si
1059 1202 1156 1252 quid
1182 1202 1230 1241 de
1257 1203 1559 1242 continuatione

185 1272 301 1298 curae
328 1260 555 1300 sollicitudo
586 1261 771 1301 laxasset.
823 1262 925 1305 nihil
952 1275 1046 1314 ergo
1072 1263 1166 1313 plus
1192 1263 1315 1302 facies
1343 1276 1465 1314 quam
1495 1263 1559 1302 illi

185 1322 254 1369 qui
282 1332 388 1358 nunc
418 1321 552 1371 plures
579 1322 825 1361 circumeunt
851 1323 1034 1362 fortassis
1061 1336 1215 1375 aeg-ros,
1242 1336 1341 1374 quos
1367 1324 1558 1374 detrahit,

185 1393 282 1430 quos
309 1383 452 1420 avocat
479 1382 559 1420 alia
586 1383 752 1421 curatio.
799 1382 903 1422 filios
930 1384 1075 1423 saltem
1101 1384 1306 1424 committe
1332 1385 1397 1424 vel
1422 1386 1554 1424 matri.
1577 1399 1614 1425 20

183 1440 230 1479 de
269 1441 431 1479 fortuna
470 1444 673 1492 queratur,
711 1443 786 1482 diis
825 1444 950 1483 faciat
983 1444 1190 1483 invidiam.
1253 1445 1415 1484 mulieri
1453 1458 1557 1496 quae

182 1501 284 1539 ferre
315 1514 395 1540 non
426 1504 560 1552 potest
586 1503 693 1553 quod
717 1504 865 1543 videris
893 1504 1134 1556 desperasse,
1166 1518 1374 1556 nunquam
1405 1518 1453 1544 ex
1480 1506 1556 1545 1100

182 1561 378 1600 rationem
408 1562 551 1602 reddas
585 1564 691 1613 quod
724 1565 926 1604 occideris.

273 1621 368 1667 Quis
400 1622 521 1673 hanc,
552 1624 715 1674 iudices,
746 1625 1026 1676 inpudentiam
1057 1625 1189 1665 ferat?
1219 1627 1396 1677 temptat
1426 1627 1555 1677 pater,

182 1687 227 1719 ut
259 1683 298 1720 et
329 1682 421 1721 huic
451 1685 510 1722 rei
542 1684 713 1724 credatis
741 1686 848 1735 quod
880 1686 1180 1736 desperaverint
1211 1699 1348 1726 omnes
1380 1688 1422 1726 et
1447 1687 1554 1738 quod
1574 1701 1612 1728 25

182 1743 359 1791 speravit
390 1756 502 1782 unus.
565 1746 724 1784 nostrae
758 1746 918 1795 quidem
952 1747 1136 1796 querelae
1170 1747 1319 1787 sufficit
1349 1760 1431 1787 non
1463 1761 1554 1787 con—

180 1803 335 1841 venisse
372 1804 554 1854 medicis,
593 1807 632 1844 et
670 1818 762 1844 cum
798 1808 985 1846 inventus
1025 1809 1078 1846 sit
1110 1808 1180 1857 qui
1219 1809 1359 1847 contra
1394 1821 1554 1848 sensum

181 1861 478 1912 desperantium
520 1878 643 1916 genus
682 1866 846 1916 aliquod
890 1868 1076 1907 sanitatis
1115 1868 1308 1919 adferret,
1353 1869 1415 1908 fas
1454 1870 1554 1919 erat,

180 1922 346 1972 iudices,
384 1925 430 1962 ut
468 1925 597 1964 adhuc
634 1926 881 1966 inveniretur
920 1928 1020 1967 alius
1054 1931 1123 1979 qui
1162 1930 1351 1979 laetiora,
1389 1929 1556 1968 utiliora

278 2018 295 2048 1
323 2014 397 2050 nisi
423 2026 467 2050 ex
494 2015 574 2051 fato
606 2023 633 2050 V
721 2021 740 2051 2
767 2017 866 2053 113110
894 2026 922 2053 V
1012 2024 1032 2054 3
1059 2019 1183 2066 legem
1209 2034 1234 2054 α
1321 2024 1341 2055 6
1368 2020 1493 2067 inter}
1516 2026 1555 2056 Β

180 2066 223 2096 11
250 2063 395 2109 Ρο5Ξ51ᾗ
420 2070 458 2098 Β
530 2068 573 2099 12
602 2065 742 2100 occidit
768 2071 852 2102 ante
872 2078 984 2113 quem
1005 2077 1040 2112 β,
1061 2072 1148 2114 post
1167 2068 1294 2104 sanari
1315 2076 1352 2112 ς’·
1378 2080 1446 2104 om.
1462 2077 1551 2113 ayt&

178 2137 317 2180 transp.
338 2136 444 2172 Dess.
460 2148 499 2181 p.
515 2139 564 2172 78
627 2142 670 2172 13
698 2149 810 2183 quem
818 2125 985 2185 Oputavit
1009 2147 1037 2175 V
1107 2144 1152 2176 14
1178 2140 1421 2186 portentique
1441 2152 1508 2178 om
1530 2147 1558 2176 V

178 2210 223 2242 15
254 2208 382 2252 potest
406 2214 444 2242 Β
549 2213 592 2244 16
625 2186 920 2256 desperaverunt
945 2219 973 2246 V
1068 2216 1111 2248 19
1138 2213 1311 2249 fortassis
1337 2225 1405 2250 om.
1432 2219 1461 2248 V

177 2254 357 2291 distrahit
387 2263 415 2290 V
509 2261 554 2292 20
581 2257 741 2294 advocat
767 2268 794 2294 d
871 2260 1022 2296 saltem:
1052 2273 1111 2297 em
1136 2262 1179 2297 in
1203 2273 1277 2298 ras.
1297 2267 1350 2306 Β;
1377 2261 1506 2297 saltim
1532 2270 1553 2305 β

177 2307 220 2338 21
249 2306 429 2359 queratur
447 2311 498 2349 Β;
520 2306 693 2350 quiratur
712 2314 748 2342 P
821 2311 865 2343 24
891 2309 1035 2345 iudices
1056 2321 1123 2346 om.
1144 2316 1173 2344 V
1242 2313 1286 2345 25
1309 2290 1353 2345 ut
1372 2321 1438 2346 om.
1455 2318 1483 2345 d*

175 2363 470 2409 desperaverunt
496 2374 544 2408 βσ
627 2371 670 2402 26
698 2367 888 2412 querellae
914 2375 970 2411 Ββ
1057 2374 1101 2405 28
1129 2370 1254 2406 adfert
1278 2377 1316 2405 Β
1401 2374 1445 2406 29
1472 2370 1551 2406 lac-

173 2411 274 2448 tiora
300 2414 338 2448 et
361 2412 518 2449 utiliora
543 2414 631 2459 531.
660 2417 727 2451 aut
751 2427 785 2451 0.
813 2417 919 2453 Dess.
