1638 2560
186 86 274 131 422
611 83 874 122 EXCERPTA
898 81 1141 118 PARISINA.

184 203 353 254 spondet
386 202 433 240 de
466 201 623 250 animo,
656 213 736 238 non
766 199 973 250 promittit
1005 198 1053 236 de
1085 197 1183 237 fato.
1240 198 1328 236 tam
1359 197 1567 237 consenta-

185 277 305 303 neum
338 264 415 312 est,
452 264 499 301 ut
530 274 611 301 non
642 261 840 299 moriatur
872 260 944 310 qui
982 258 1099 308 velit,
1138 270 1262 309 quam
1293 259 1341 297 ut
1370 258 1570 298 moriatur

185 325 256 375 qui
286 323 399 362 nolit.
457 324 498 362 et
538 335 612 374 ego
655 321 814 372 quidem
856 319 979 359 volui.
1037 318 1147 370 quod
1187 313 1448 363 autemnon
1479 317 1568 368 feci,
1632 344 1635 347 κ

184 384 358 424 iubentis
390 385 461 422 est.
520 382 648 422 nescis
682 383 879 432 quantum
912 380 1014 419 mihi
1039 379 1322 419 haesitationis
1346 379 1569 430 paraveris,

185 458 274 484 cum
299 446 533 496 interroges,
561 443 657 482 dum
682 441 923 492 respondere
949 442 1070 493 cogis.
1121 440 1253 480 iuberi
1277 439 1381 480 mihi
1403 439 1570 478 videbar
1589 453 1606 478 5

183 508 302 544 tuum
333 504 468 543 bibere
507 517 722 543 venenum:
761 516 833 542 nec
865 503 1001 541 vivere
1032 500 1154 541 libuit
1188 514 1260 541 nec
1291 500 1406 540 mori.
1462 500 1508 539 P.
1535 499 1569 539 si

184 566 307 606 iussio
350 565 434 605 sola
476 565 680 603 voluntati
721 563 900 612 obstitit,
948 576 1020 602 cur
1060 562 1183 602 aliter
1225 562 1331 607 mori
1373 559 1571 601 noluisti?

182 627 231 666 F.
259 627 306 664 ut
338 627 586 666 accusationi
615 624 891 675 respondeam.
949 624 995 662 P.
1022 623 1099 673 hic,
1131 623 1215 673 hic,
1246 622 1416 671 iudices,
1450 634 1569 672 quae-

182 686 350 726 rendum
388 688 448 726 est
490 699 560 725 cur
598 687 733 725 vivere
777 685 986 724 absolutus
1030 684 1164 724 noluit
1205 683 1276 734 qui
1312 682 1418 723 mori
1455 694 1570 722 accu-

175 748 295 789 satus
328 747 467 787 voluit.
525 748 574 786 F.
603 747 702 797 quid
734 747 924 795 facerem,
963 745 1007 785 P.
1036 743 1107 784 Of?
1138 757 1210 784 nec
1249 744 1357 784 exire
1395 756 1420 784 a
1451 743 1569 783 domo
1590 755 1638 783 16-

182 807 340 857 licebat7
373 821 423 847 ne
449 807 607 847 viderer
633 819 849 859 agnoscere
882 808 923 846 et
955 806 997 845 in
1021 806 1208 845 futurum
1233 805 1412 845 viderem
1435 805 1570 856 iurgia

181 870 266 907 tam
298 869 420 920 longa
453 881 575 918 quam
601 868 740 907 vitam.
799 868 930 907 omnis
963 868 1067 907 citra
1100 866 1423 917 desperationem
1455 865 1571 905 dolor
1634 882 1638 893 ³

181 941 294 968 mora
335 929 569 981 languescit.
635 929 680 967 P.
699 930 796 967 «iam
837 929 973 967 onmia
1015 927 1172 968 obiecta
1213 928 1379 966 viceras.
1443 926 1496 966 F.
1528 926 1572 965 at
1633 953 1638 966 ;

175 990 311 1040 ,patris
353 990 491 1028 odium
533 1002 739 1039 nunquam
783 990 942 1028 vincere
983 989 1110 1039 potui.
1168 1001 1275 1028 nunc
1315 989 1493 1038 primum
1529 989 1570 1026 te

182 1050 283 1089 mihi
303 1050 530 1101 opposuisti
550 1063 596 1089 eo
618 1049 725 1100 quod
746 1051 878 1089 victus
899 1049 1047 1100 oderis3
1067 1049 1177 1100 patri
1191 1048 1263 1100 qui
1282 1047 1470 1088 abdicare
1489 1059 1571 1087 non
1592 1059 1638 1088 1⁵:

181 1111 329 1161 potuit,
360 1111 495 1150 minus
529 1112 589 1150 est
620 1111 728 1149 filius
760 1123 908 1150 nocens
935 1123 1059 1161 quam
1090 1109 1311 1149 absolutus.
1370 1121 1570 1159 quaecun-
1630 1123 1638 1154 j

183 1184 259 1222 que
301 1184 424 1211 nexus
466 1185 653 1222 accepere
694 1173 882 1223 naturae⁷
923 1184 1004 1210 non
1048 1171 1240 1211 laxantur
1280 1170 1464 1219 diducta,
1502 1168 1573 1208 sed
1632 1207 1638 1218 ἒ

182 1234 362 1282 pereunt
420 1233 464 1270 P.
493 1232 630 1271 odium
669 1232 815 1272 saltem
851 1233 1098 1283 pertulisses.
1155 1232 1204 1271 F
1234 1244 1313 1282 quo
1351 1228 1499 1270 modo?
1537 1230 1572 1269 si
1627 1224 1638 1270 ss

183 1293 325 1332 hilaris
358 1306 459 1342 sum,
492 1306 702 1343 exaspero3
735 1293 770 1332 si
801 1294 950 1342 tristis,
989 1292 1166 1342 offend03
1207 1293 1244 1331 si
1274 1292 1479 1342 alloquor,
1509 1291 1571 1330 in-
1634 1282 1638 1298 ’

183 1354 338 1404 quieto3
382 1355 417 1393 si
450 1354 614 1402 accedo,
647 1367 787 1404 01161ος
829 1355 864 1393 si
895 1354 1056 1403 recedo,
1088 1355 1314 1393 contemno
1370 1353 1443 1403 qui
1472 1352 1571 1391 haec
1591 1333 1638 1404 2αέ

183 1415 286 1453 ferre
319 1416 471 1464 potest,
503 1416 663 1454 meruit.
721 1415 860 1454 odium
898 1416 1027 1465 patris
1064 1415 1100 1454 is
1132 1415 1292 1453 tantum
1326 1413 1435 1453 filius
1466 1413 1572 1452 ferre
1628 1401 1638 1469 ’ξ

182 1475 334 1524 poterit
389 1476 461 1525 qui
502 1477 542 1514 et
583 1477 742 1526 patrem
784 1475 927 1514 oderit.
990 1488 1072 1515 non
1117 1474 1242 1514 habet
1282 1474 1408 1513 alium
1449 1486 1573 1524 quam

183 1535 324 1575 mortis
373 1537 525 1574 exitum
571 1536 679 1575 filius
726 1538 796 1586 qui
837 1549 910 1575 nec
959 1536 1140 1576 abdicari
1181 1537 1317 1586 potest
1362 1547 1437 1574 nec
1478 1546 1571 1574 con·
1634 1532 1636 1535 ’

183 1596 325 1634 ciliari.
384 1597 427 1634 P.
456 1597 491 1635 si
516 1598 620 1635 esset
645 1597 716 1646 ita,
749 1610 820 1636 cur
847 1597 922 1636 hoc
954 1598 1091 1647 potius
1123 1597 1267 1636 mortis
1293 1593 1466 1648 genere?
1521 1595 1571 1634 F.
1623 1590 1638 1629 ἴ

185 1658 281 1705 quia
312 1669 393 1695 non
425 1657 611 1707 placebat
644 1658 870 1707 querulum,
902 1671 984 1697 non
1014 1657 1324 1706 tumultuosum,
1355 1669 1438 1696 non
1463 1655 1620 1711 quod

183 1716 382 1755 invidiam
412 1717 582 1768 faceret,
619 1731 699 1757 non
739 1720 863 1757 etiam
897 1719 1005 1769 quod
1042 1719 1232 1768 intercipi
1273 1717 1393 1756 facile
1423 1718 1570 1767 posset.

183 1776 227 1815 P.
256 1790 326 1816 cur
364 1790 444 1816 non
482 1777 644 1818 subito?
703 1779 800 1828 quid
838 1777 1037 1819 moraris?
1094 1778 1193 1830 quid
1231 1776 1466 1829 exspectas?
1521 1777 1571 1816 F.
1616 1768 1638 1841 ἑ

185 1850 266 1876 11011
292 1837 513 1877 dissimulo.
559 1839 629 1878 sed
654 1840 729 1878 hoc
757 1853 780 1879 a
806 1841 1053 1879 conscientia
1081 1839 1195 1879 habe.
1246 1839 1480 1878 innocentia
1510 1850 1573 1876 re-
1615 1829 1638 1873 ΞΕ

185 1898 407 1948 tractabat,
449 1899 525 1938 diis
568 1912 608 1938 se
656 1900 974 1939 commendabat.
1040 1901 1084 1939 P.
1121 1914 1191 1939 cur
1231 1912 1314 1939 non
1354 1899 1573 1938 admovisti
1612 1873 1638 1963 Ξ

184 1957 358 1998 testem?
413 1960 462 1998 F.
489 1959 567 1998 tibi
599 1973 735 2000 omnes
767 1960 971 2010 favebant,
1006 1974 1071 2000 me
1102 1974 1220 2000 nemo
1253 1960 1423 2009 audiret,
1454 1971 1572 1999 nemo

186 2020 460 2059 comitaretur.
518 2020 601 2060 illis
635 2034 682 2059 ex
714 2021 806 2060 odio
838 2021 916 2060 filii
950 2023 1079 2072 patris
1118 2022 1311 2061 accrescit
1342 2020 1469 2060 favor.
1508 2020 1572 2058 P.
1619 2018 1638 2033 ³

185 2091 256 2117 cur
282 2081 430 2119 ostium
456 2093 536 2119 non
564 2080 773 2121 clausisti?
824 2083 872 2120 F.
902 2084 999 2132 quia
1026 2083 1099 2122 alii
1126 2095 1207 2122 non
1233 2081 1440 2132 parabam.
1490 2093 1574 2120 non

286 2198 304 2208 ,-

290 2206 300 2229 4
332 2195 485 2230 voluisti
518 2203 578 2230 ΠΙ
677 2200 720 2231 10
747 2195 871 2232 noluit
896 2204 957 2231 ΥΒ
1055 2202 1098 2233 12
1126 2197 1205 2233 vita
1237 2203 1298 2232 VB
1395 2200 1440 2232 13
1466 2206 1574 2231 mora
1606 2230 1610 2232 ,

185 2242 311 2279 Desa:
339 2243 396 2278 ira
423 2259 452 2278 ω
563 2244 714 2280 abiecta
746 2250 807 2281 ΥΒ
914 2249 958 2280 15
986 2248 1096 2292 pater
1123 2253 1159 2281 Ρ
1267 2245 1354 2291 qui:
1381 2245 1485 2290 quod
1515 2249 1577 2279 VB

187 2294 232 2327 17
260 2292 433 2338 accipere
466 2299 527 2327 ΥΒ
663 2296 709 2328 20
742 2293 886 2329 honoro
919 2300 979 2329 VB
1116 2298 1160 2330 21
1188 2296 1319 2334 tamen
1350 2308 1398 2339 ως
1430 2292 1576 2330 correxi

187 2342 232 2375 26
260 2340 363 2386 quod
383 2352 451 2378 om.
479 2347 540 2376 VB
643 2345 688 2377 28
715 2341 866 2377 habeo?
973 2342 1246 2379 innocentiam'
1259 2349 1321 2377 ΓΒ
1426 2345 1471 2377 29
1497 2352 1575 2376 11011

182 2399 254 2425 om.
290 2395 351 2424 VB
448 2393 492 2424 32
520 2389 661 2425 ostium
687 2401 754 2426 om.
778 2397 813 2424 P
910 2391 1012 2436 quod
1039 2398 1075 2426 P
1409 2412 1415 2420 ·
1500 2403 1503 2405 ’
1556 2403 1560 2410 ·
