1638 2560
482 96 800 135 DECLAMATIO
825 97 878 134 IX
898 101 1050 134 14—16.
1366 97 1450 141 181

2 211 7 221 ’
79 214 197 264 cerit,
231 226 306 265 pro
336 225 492 254 summo
523 214 689 253 crimine
720 212 950 252 damnanda
981 213 1035 252 sit
1065 212 1199 252 minus
1230 214 1455 252 necessaria

77 274 319 315 humanitas.
370 287 465 327 ergo
497 275 533 314 si
557 274 734 313 alienum
766 275 807 312 et
836 274 1034 325 ignotum,
1065 275 1213 324 tamen,
1247 286 1350 323 quae
1380 287 1453 324 pu-

76 335 184 374 blica
207 335 387 374 omnium
417 334 651 374 mortalium
683 335 832 384 quippe
870 333 943 373 sub
975 347 1056 373 uno
1086 335 1253 384 parente
1283 335 1454 373 naturae

77 395 265 447 cognatio
296 397 369 445 est,
399 395 603 434 hominem
634 394 723 433 cibo
753 395 859 433 forte
889 395 1094 445 iuvissem‚
1123 407 1256 445 poena
1286 394 1455 446 dignum

41 469 58 496 5
76 455 283 496 videretur
318 467 496 495 servasse
536 456 760 507 perituram
798 456 976 494 animam
1013 456 1054 494 et
1095 456 1299 507 ignovisse
1335 455 1455 494 rebus

75 515 262 556 humanis
299 518 341 556 et
376 517 561 567 respectu
601 516 823 555 communis
862 515 1042 554 omnium
1078 515 1197 554 fortis
1235 515 1348 554 velut
1385 515 1455 554 ad-

76 578 191 616 orato
220 578 385 616 numine
411 579 451 616 et
482 578 630 627 stipem
660 576 841 627 posuisse
872 574 1088 615 fortunae?
1138 577 1173 615 si
1197 576 1273 615 hoc
1305 577 1456 615 crimen

75 639 155 688 est,
190 637 380 676 laudetur
411 650 506 688 ergo
539 636 773 686 crudelitas,
810 637 914 675 nihil
944 636 1142 675 habeatur
1176 637 1322 687 piratis
1352 637 1455 676 lani-

75 698 229 748 sfisque
249 697 498 749 prudentius.
549 698 733 737 ferantur
757 709 852 736 sane
877 697 1091 748 profutura
1116 698 1291 736 humano
1317 698 1456 748 generi
1476 696 1529 733 16

20 771 59 798 ιο
76 757 155 797 duo
185 759 387 809 exempla:
423 759 533 797 intra
569 760 656 797 tam
685 757 806 797 breve
836 759 995 808 tempus
1032 760 1198 808 propter
1232 758 1456 797 misericor-

75 817 185 857 diam
223 819 329 858 alter
365 818 591 868 abdicatus,
630 819 733 858 alter
771 819 923 857 occisus
961 819 1032 857 est.
1097 818 1207 868 quod
1238 818 1388 858 crimen
1422 820 1458 858 si

78 879 289 919 fatendum
320 880 392 929 sit,
422 893 519 918 num
552 880 731 918 animum
762 879 863 917 mihi
893 880 980 929 ipse
1011 878 1125 929 finxi,
1163 881 1236 918 aut
1265 892 1355 918 mea
1385 892 1456 930 po-

78 941 227 979 testate
258 940 416 991 regitur
446 938 641 979 affectus?
682 952 734 978 an
766 939 936 979 arbitrio
966 940 1180 978 formantis
1211 952 1341 979 mores
1373 953 1457 979 om-

77 1001 191 1038 nium
227 1001 402 1039 naturae·
436 1001 682 1051 compositus
719 1012 810 1039 cum
847 1001 1012 1039 crimine
1049 1013 1139 1039 meo
1175 1002 1298 1039 natus
1339 999 1457 1040 sum?

22 1073 58 1101 1⁶
75 1072 173 1099 nam
212 1060 297 1100 sive
341 1061 525 1100 caelestis
568 1060 824 1112 providentia
873 1061 958 1100 sive
1000 1060 1299 1100 inrationabilis
1342 1073 1457 1100 casus

75 1121 162 1160 sive
196 1121 414 1173 adsignata
445 1121 621 1161 siderum
652 1133 773 1160 cursu
804 1120 1061 1160 nascentibus
1092 1121 1207 1160 nobis
1242 1123 1458 1162 necessitas

74 1181 207 1220 multa
242 1182 440 1221 varietate
470 1183 635 1232 pectora
665 1183 805 1221 nostra
836 1180 1022 1221 distinxit
1053 1195 1125 1220 nec
1155 1182 1288 1221 minus
1319 1195 1458 1221 nume-

77 1254 190 1282 rosas
222 1242 449 1282 animorum
481 1255 602 1293 quam
634 1255 846 1293 corporum
878 1241 990 1281 dedit
1019 1243 1180 1281 formas.
1232 1245 1328 1281 sunt
1360 1256 1457 1293 quo-

77 1315 170 1341 rum
199 1304 353 1342 mentes
380 1303 504 1342 etiam
535 1304 767 1342 nocentium
792 1303 992 1353 supplicia
1018 1302 1278 1352 confundant,
1310 1304 1380 1353 qui
1405 1303 1458 1342 ad

20 1375 58 1402 2⁰
78 1363 259 1402 omnium
290 1364 529 1415 sanguinem
560 1364 799 1414 pallescant,
830 1363 1061 1414 ignotorum
1094 1376 1253 1414 quoque
1284 1364 1457 1403 miseriis

77 1422 345 1463 inlacrimant.
396 1427 491 1463 sunt
510 1426 649 1463 contra
670 1424 739 1474 qui
764 1437 814 1462 ne
834 1435 997 1463 suorum
1018 1423 1179 1474 quidem
1204 1425 1455 1463 miserentur.

73 1483 175 1522 mihi
204 1484 304 1523 mite
341 1486 481 1535 pectus
519 1487 560 1523 et
590 1485 725 1523 mollis
763 1484 928 1523 affectus
961 1483 1013 1522 ad
1052 1496 1211 1523 omnem
1250 1485 1458 1523 calamita-

73 1544 178 1582 tium
208 1547 466 1595 conspectum
495 1546 643 1584 tremit.
694 1544 780 1583 noli
810 1557 873 1582 me
907 1546 1119 1583 aestimare
1151 1558 1244 1584 mea
1275 1545 1452 1594 fortuna,

73 1605 202 1654 pater,
226 1618 308 1643 non
332 1604 461 1644 habeo
486 1605 724 1657 gladiatoris
750 1605 940 1643 animum.
988 1604 1146 1644 utinam
1170 1606 1271 1644 mihi
1291 1606 1455 1656 quidem

20 1677 55 1704 25
75 1676 196 1703 causa
220 1666 471 1716 permitteret
496 1667 554 1705 sic
584 1666 760 1717 gloriari.
807 1667 964 1704 iuvenis
990 1668 1205 1716 conceptus
1233 1666 1454 1717 splendidis

73 1725 328 1775 parentibus,
369 1738 461 1764 cum
498 1726 627 1766 solum
664 1730 750 1764 tam
788 1725 991 1776 speciosae
1028 1727 1215 1766 fortunae
1254 1727 1455 1766 crederem

74 1785 251 1824 fructum
290 1797 405 1836 posse
442 1786 629 1836 prodesse
661 1787 703 1825 et
734 1788 874 1825 contra.
905 1787 1038 1826 varios
1070 1788 1306 1826 mortalium
1338 1800 1454 1827 casus

74 1845 191 1895 quasi
221 1848 385 1897 portum
415 1846 679 1898 benignitatis
705 1847 874 1897 aperire,
906 1849 1118 1898 concupivi
1144 1848 1349 1898 quandam
1380 1849 1452 1886 hu-

122 2105 130 2112 ·
171 2062 190 2092 1
227 2033 447 2094 dampnanda
472 2065 523 2102 B,
549 2070 651 2104 supr.
673 2065 697 2093 b
797 2062 817 2094 7
842 2059 997 2094 numine
1025 2067 1061 2094 s:
1088 2059 1237 2095 numini
1263 2074 1293 2094 ω
1385 2072 1453 2106 po-

74 2116 210 2141 suisse:
236 2106 447 2152 porrexisse
474 2113 517 2142 M
587 2107 636 2142 si:
663 2108 722 2143 est
746 2114 774 2141 V
850 2110 870 2142 8
897 2107 1045 2152 piratas
1072 2117 1091 2150 β
1167 2112 1210 2143 12
1237 2119 1314 2143 11011
1340 2115 1383 2143 Μ

74 2153 239 2189 amicum
265 2163 285 2197 β
408 2159 452 2190 13
481 2154 655 2191 formatis
681 2161 718 2190 Β
837 2166 959 2191 mores
987 2164 1024 2192 s‘:
1057 2167 1161 2191 more
1186 2157 1242 2192 vel
1265 2167 1395 2193 morae
1421 2172 1451 2191 ω

75 2229 120 2261 15
151 2225 384 2262 irrationalis
410 2227 533 2264 Ritter
638 2231 681 2262 17
716 2216 922 2275 distinffiit
952 2234 981 2262 V
1075 2232 1119 2264 18
1152 2239 1282 2274 quam:
1317 2241 1392 2274 quo
1421 2236 1458 2264 P

75 2277 119 2309 19
150 2274 410 2310 innocentium
441 2282 469 2310 ι’
562 2279 605 2311 21
639 2275 896 2311 inlacriment:
924 2277 1008 2312 -ent
1032 2278 1074 2312 in
1098 2288 1172 2313 ras.
1194 2284 1218 2332 ³!
1317 2288 1386 2313 nec
1412 2284 1452 2321 νς

74 2356 112 2380 se
138 2354 167 2380 «r
278 2351 323 2382 22
349 2347 446 2383 mice
469 2354 506 2399 ξ·
618 2348 787 2383 omnium
813 2354 892 2383 ΒΜ
1006 2337 1269 2384 calamitatium
1291 2356 1343 2394 Βς
1371 2361 1449 2383 -um

78 2399 171 2429 1⁷11oe
265 2399 310 2430 24
337 2395 490 2441 quidem
515 2395 608 2431 mihi
634 2402 678 2440 Va
776 2400 821 2432 26
848 2408 953 2431 eum:
979 2408 1055 2432 non
1080 2404 1114 2432 J
