1638 2560
492 86 813 127 DECLAMATIO
837 88 874 126 V
893 92 939 126 23
965 88 1018 126 VI
1038 93 1070 126 1.
1386 89 1470 132 111

744 313 826 362 VI.

452 421 759 472 CORPORIS
796 420 1123 480 PROIEOTI,

415 533 540 574 IPSA
570 533 671 573 EST
702 532 891 572 MANVS
926 531 1150 572 GAEOAE.

94 655 173 704 er
221 669 264 696 m
309 667 577 696 GALAm'rATE
626 666 842 694 PARENTES
889 666 1168 704 DESERVERIT,
1217 665 1473 694 msnpvmvs

57 734 75 760 5
153 729 391 758 Amcn'rvn.
456 716 534 763 Qui
575 716 753 755 habebat
789 729 954 755 uxorem
996 717 1036 754 et
1073 715 1223 765 filium,
1268 716 1410 766 captus
1449 728 1474 754 a

152 779 299 831 piratis
343 777 505 828 scripsit
547 776 712 816 domum
756 776 805 816 de
844 776 1129 827 redemptione.
1198 789 1299 815 uxor
1340 775 1473 815 flendo

155 840 291 879 oculos
328 839 483 888 amisit,
520 837 627 876 filius
664 838 863 877 retinente
899 839 1029 876 matre
1067 837 1272 888 profectus
1310 837 1474 876 vicariis

154 899 342 940 manibus
384 899 555 938 redemit
597 900 767 950 patrem.
834 898 944 937 idem
986 898 1030 936 in
1074 898 1247 936 vinculis
1291 897 1472 936 decessit.

156 961 335 1000 abiectus
377 961 422 999 in
463 972 574 998 mare
620 960 660 998 et
705 959 898 1010 appulsus
944 959 996 998 ad
1038 959 1136 998 litus
1183 959 1363 1009 patrium
1414 958 1475 997 est

41 1037 76 1064 10
156 1022 316 1062 eiectus.
377 1021 468 1060 vult
498 1021 616 1059 illum
648 1020 816 1071 sepelire
846 1021 977 1070 pater,
1006 1021 1139 1058 mater
1169 1018 1370 1070 prohibet.

186 1155 376 1205 Etiamsi,
407 1154 580 1203 iudices,
616 1155 660 1193 in
690 1154 767 1193 hac
799 1154 1020 1205 asperrima
1051 1153 1285 1192 condicione
1315 1152 1472 1205 fragili-
1498 1153 1521 1189 1

95 1218 194 1256 tatis
236 1216 455 1264 humanae,
498 1216 542 1254 in
579 1228 660 1265 qua
703 1228 821 1254 nemo
864 1226 989 1265 prope
1032 1214 1268 1253 mortalium
1310 1214 1474 1264 impune

96 1277 218 1327 vivit,
253 1277 353 1317 haec
385 1275 569 1316 omnibus
608 1277 756 1315 natura
788 1277 867 1325 est,
904 1277 951 1314 ut
982 1287 1057 1314 sua
1089 1276 1232 1325 cuique
1265 1274 1475 1313 calamitas

95 1338 313 1390 praecipue
344 1337 490 1376 misera
521 1338 644 1387 atque
674 1335 932 1375 intoleranda
961 1335 1160 1385 videatur,
1197 1336 1304 1373 inter
1338 1347 1475 1374 omnes

43 1411 78 1440 15
96 1401 231 1438 tamen
263 1398 339 1438 hoc
370 1399 526 1437 constet
555 1409 714 1436 necesse
748 1398 820 1446 est,
850 1397 1134 1435 infelicitatem
1158 1408 1290 1435 meam
1314 1397 1476 1435 tantum

98 1462 251 1500 ceteras
277 1471 589 1510 supergressam,
620 1459 670 1496 ut
693 1470 857 1508 prorsus
882 1457 982 1496 haec
1008 1457 1061 1495 sit
1087 1469 1192 1507 quae
1217 1456 1306 1495 fieri
1330 1456 1477 1495 debeat

96 1533 225 1571 usque
263 1519 314 1558 ad
351 1519 597 1558 caecitatem.
662 1518 759 1568 quid
797 1519 904 1556 enim
941 1530 1083 1568 passus
1122 1530 1210 1556 sum
1250 1518 1336 1556 tam
1375 1517 1476 1567 leve,

97 1583 145 1620 ut
174 1593 256 1620 non
287 1579 537 1630 comparatio
568 1580 649 1618 mei
679 1579 817 1618 felices
850 1579 1022 1617 aliorum
1051 1578 1176 1617 etiam
1200 1578 1383 1617 miserias
1415 1578 1476 1616 fa·

98 1640 208 1680 ciat?
270 1653 393 1692 grave
431 1642 491 1679 est
523 1653 547 1679 a
578 1639 723 1691 piratis
761 1639 942 1692 alligari,
978 1639 1108 1691 magis
1146 1638 1257 1678 dicat
1292 1639 1368 1678 hoc
1407 1638 1477 1689 qui

44 1716 80 1742 ρο
100 1702 202 1741 sciat
233 1714 355 1752 quam
387 1701 467 1739 cito
499 1702 609 1751 capti
639 1701 875 1740 moriantur.
939 1701 1132 1752 alligatus
1170 1712 1276 1750 sum,
1315 1699 1385 1739 sed
1414 1701 1476 1738 ta-

98 1776 190 1802 men
220 1763 342 1801 miser
378 1762 508 1813 magis
541 1774 685 1811 queror
720 1761 827 1812 quod
865 1761 1019 1800 solutus
1051 1774 1153 1800 sum.
1214 1760 1384 1812 indigna
1416 1762 1477 1799 est

98 1824 286 1874 impietas
325 1823 368 1860 in
406 1835 512 1861 suos.
575 1835 678 1872 quae
717 1823 871 1872 quanta
906 1823 1091 1861 versetur
1127 1822 1169 1860 in
1202 1821 1277 1860 hoc
1314 1820 1477 1870 iudicio,

98 1883 259 1923 videtis.
309 1882 378 1923 sed
409 1883 511 1922 mihi
540 1882 616 1922 hoc
645 1896 804 1933 quoque
837 1882 1083 1933 querendum
1116 1883 1177 1921 est
1203 1881 1309 1932 quod
1340 1895 1403 1920 me
1437 1883 1478 1920 et

196 2010 253 2047 De
277 2010 392 2046 titulo
424 2011 472 2055 cf.
498 2010 604 2047 Dess.
626 2022 666 2056 p.
687 2013 748 2046 82.
801 2010 923 2054 Valla,
947 2010 1151 2057 elegantiae
1175 2010 1228 2045 II
1242 2012 1308 2045 58:
1349 2009 1475 2052 Quint.

98 2060 141 2096 in
166 2059 445 2096 declamatione
471 2059 520 2094 de
545 2069 699 2106 corpore
723 2058 905 2105 proiecto.

197 2119 328 2156 mer?
352 2108 639 2156 ARGVMTVM
665 2117 903 2156 ooRPoms
930 2118 1156 2155 PROOECTI
1182 2125 1225 2154 m
1320 2123 1342 2153 4
1366 2119 1478 2155 verba

101 2169 169 2215 qui
182 2190 229 2196 —-
243 2168 433 2204 abiciatur
451 2169 567 2204 minio
588 2169 719 2214 pinxit
737 2174 783 2213 B,
809 2168 1073 2204 deseruerit—
1088 2168 1278 2203 abiciatur
1295 2169 1339 2203 in
1356 2169 1478 2213 spatio

101 2228 174 2264 quo
203 2221 429 2264 separantur
461 2217 556 2252 duae
588 2217 778 2253 columnae
851 2221 873 2252 4
899 2217 966 2262 qui
990 2216 1047 2252 in:
1081 2216 1174 2262 quin
1201 2223 1243 2251 Μ
1314 2220 1335 2251 5
1362 2216 1479 2251 habet

102 2272 147 2309 B,
173 2265 225 2302 ba
249 2277 350 2312 supr.
371 2273 395 2300 b
494 2268 514 2300 9
539 2265 666 2311 patria
697 2271 726 2300 V
820 2269 864 2300 10
890 2265 1062 2300 MANVS
1089 2264 1209 2320 CBJCE
1235 2266 1352 2300 minio
1383 2271 1411 2299 V

101 2324 326 2362 EXPLICIT
351 2326 463 2362 ARG.
490 2325 622 2361 INCIP
646 2325 804 2370 LIBER,
830 2327 872 2361 in
898 2337 1013 2373 mary.
1040 2336 1155 2361 causa
1181 2324 1250 2360 VII
1276 2331 1319 2360 Μ

203 2403 246 2434 11
296 2374 571 2446 iiiafisperrima
596 2405 634 2433 Β
665 2374 667 2376 ¹
706 2402 750 2434 19
778 2398 893 2434 etiam
919 2403 1004 2435 ante
1030 2400 1087 2433 est
1112 2398 1198 2434 add.
1220 2408 1255 2443 533
1285 2401 1370 2434 ante
1397 2408 1419 2432 a
1439 2401 1482 2431 1
