1638 2560
157 117 245 154 VIII
701 115 992 152 PRAEFATIO.

161 232 475 283 pretiosissimos
502 234 542 270 et
568 233 742 282 optimos
768 230 892 269 libros
919 244 1009 269 cum
1034 229 1198 269 aliunde
1223 231 1311 268 tum
1337 242 1385 269 ex
1411 228 1550 268 Gallia

163 296 204 332 et
236 294 426 332 coemisse
466 293 507 331 et
547 291 651 331 dono
692 292 893 341 accepisse
928 303 1027 341 quos
1067 290 1334 330 bibliothecae
1375 290 1549 341 capituli

159 353 468 404 Bambergensis
500 346 728 406 traderet.¹)
785 353 872 391 erat
903 352 1039 390 autem
1078 351 1176 390 olim
1214 351 1337 390 codex
1375 350 1548 402 capituli

158 414 282 452 illius.
338 413 382 452 in
408 413 548 451 charta
574 413 679 451 enim
706 425 730 451 a
755 412 988 463 bibliopega
1015 411 1150 451 codice
1180 412 1415 462 praeposita
1445 411 1548 462 legi-

159 475 246 512 tur:
273 473 574 513 declamationes
596 473 835 522 Quintiliani
861 473 914 511 ad
935 473 1203 512 bibliothecam
1227 472 1549 512 reverendissimi

160 535 328 583 capituli
354 533 674 582 Bamberyensis,
726 532 968 584 Signaturae
1002 532 1141 572 eodem
1171 533 1260 572 loco
1288 533 1549 583 reperiuntur

159 596 259 634 tres:
286 594 313 632 J
328 595 367 643 4,
396 595 512 633 1040
534 595 574 633 et
595 606 697 644 quae
723 606 829 632 nunc
848 594 972 645 viget,
997 593 1040 631 M
1057 593 1118 632 IV
1145 594 1213 632 13.
1258 594 1436 632 attamen
1465 605 1548 643 qua.

159 656 227 693 via
259 655 383 694 codex
413 655 521 693 hunc
546 655 588 693 in
615 655 748 693 locum
772 655 1014 705 pervenerit,
1045 667 1126 693 non
1153 654 1323 693 constat.
1381 653 1544 692 silentio

158 716 297 754 tamen
327 716 548 765 praeterire
581 715 674 754 nolo
708 715 867 754 saeculo
899 714 979 752 XII
1009 714 1053 753 in
1084 714 1330 753 bibliotheca
1362 713 1547 753 coenobii

162 774 200 814 S.
236 775 445 814 Michaelis
489 775 797 826 Bambergensis
846 776 970 814 fuisse
1016 774 1288 820 Quintilianos
1329 768 1428 828 ΗΞ),
1473 775 1548 824 qui

161 848 265 874 anno
311 836 426 874 1483
459 837 502 873 in
544 836 730 887 catalogo
773 836 821 874 ab
858 835 1022 874 Andrea
1060 835 1205 874 abbate
1244 836 1426 874 confecto
1464 847 1545 874 non

159 895 242 934 iam
264 898 561 935 enumerantur.
614 908 713 945 quos
733 897 776 934 in
799 895 1088 935 bibliothecam
1115 895 1284 946 capituli
1311 907 1395 935 esse
1414 896 1545 935 trans-

159 956 283 1006 latos,
328 956 398 994 ubi
437 957 520 995 iam
562 957 719 995 saeculo
764 956 864 994 ΧΙΠ
906 956 984 995 duo
1027 955 1271 1002 Quintiliani
1310 957 1353 995 in
1393 955 1545 995 tabulis

159 1017 280 1055 relati
312 1011 469 1070 sunt³)‚
509 1018 632 1066 atque
672 1029 755 1055 esse
798 1016 956 1055 eosdem
996 1019 1118 1067 atque
1157 1029 1223 1056 eos
1262 1017 1333 1066 qui
1364 1029 1470 1054 nunc
1501 1017 1545 1054 in

158 1077 403 1115 bibliotheca
429 1078 542 1128 regia
565 1079 777 1116 servantur
803 1072 865 1131 (M
883 1077 942 1115 IV
965 1078 1018 1115 13
1047 1079 1088 1116 et
1112 1077 1154 1115 M
1172 1077 1230 1115 IV
1262 1071 1336 1130 14)
1365 1076 1547 1115 affirmat

159 1131 443 1191 Bresslau.4)
500 1150 629 1187 neque
661 1137 801 1188 negari
830 1139 976 1188 potest,
1009 1139 1262 1177 coniecturae
1295 1137 1357 1176 illi
1389 1136 1544 1187 aliquid

160 1196 460 1247 probabilitatis
486 1199 627 1247 inesse,
654 1199 835 1236 attamen
863 1211 967 1248 cave,
1001 1211 1089 1236 eam
1115 1211 1188 1248 pro
1215 1199 1325 1237 certa
1350 1197 1544 1237 vendites.

253 1257 331 1296 Sed
363 1258 414 1295 ad
439 1271 502 1296 res
529 1258 861 1310 orthographicas
888 1258 1016 1297 redeo.
1070 1258 1118 1297 de
1149 1258 1293 1308 quibus
1318 1271 1368 1297 ne
1400 1258 1546 1310 longus

160 1319 255 1368 sim,
299 1318 375 1356 hoc
417 1318 504 1357 loco
545 1332 672 1357 unum
719 1320 762 1356 in
811 1321 1068 1369 conspectum
1109 1318 1294 1358 redactas
1339 1319 1546 1369 proferam

162 1378 383 1428 scripturas
427 1378 625 1428 quasdam
662 1379 891 1418 sollemnes:
930 1380 1124 1428 adfectus,
1164 1380 1320 1428 adfero,
1361 1380 1543 1427 adfirmo,

163 1439 303 1484 adicio,
331 1439 517 1487 adprobo,
545 1440 750 1484 adsiduus,
778 1440 966 1489 alioquin,
993 1442 1101 1489 aput,
1128 1441 1279 1489 atqwin,
1306 1441 1547 1488 contemptus

161 1493 306 1552 (etiam
337 1512 409 1550 pro
437 1494 669 1554 contentus),
701 1500 885 1549 dampno,
919 1500 1088 1546 dinosco,
1114 1501 1315 1545 eoeecratio,
1349 1501 1543 1549 exequiae,

160 1561 325 1607 capedo,
359 1560 498 1605 exulto,
529 1561 670 1608 inquid
700 1561 889 1609 intelleyo,
920 1562 1089 1610 neyleyo,
1120 1561 1282 1606 nwneio,
1315 1561 1448 1606 obicio,
1479 1561 1544 1599 ob—

159 1630 309 1660 scenus.
336 1621 546 1668 paciencia
577 1621 643 1660 vel
674 1622 759 1666 -tia,
785 1622 940 1669 pacior,
966 1621 1162 1670 quiequid,
1195 1622 1382 1670 quotiens,
1414 1621 1543 1671 sepul—

159 1680 313 1724 chrum,
355 1682 512 1729 tempto,
556 1682 709 1725 totiens,
753 1694 871 1730 saepe
911 1682 1103 1733 leguntur
1135 1682 1373 1731 propincus,
1415 1693 1545 1727 aecus,

161 1740 331 1785 eculeus,
363 1744 558 1779 secuntur.
616 1741 776 1780 litterae
810 1754 828 1780 e
860 1744 900 1780 et
932 1754 994 1791 ae,
1030 1745 1044 1780 t
1075 1744 1115 1781 et
1147 1755 1166 1781 e
1197 1743 1279 1781 fere
1316 1742 1544 1793 promiscue

159 1801 419 1850 usurpantur.
476 1802 544 1840 vix
570 1801 775 1840 interdum
801 1802 991 1841 differunt
1021 1815 1050 1841 n
1083 1802 1132 1841 ab
1161 1815 1187 1841 u
1215 1804 1257 1841 et
1280 1803 1324 1852 ii,
1355 1802 1383 1841 d
1414 1801 1464 1841 ab
1497 1803 1543 1841 cl.

258 1915 292 1960 1)
319 1914 365 1950 cf.
399 1914 421 1949 J
430 1915 531 1958 ἑοὶ,
566 1915 833 1962 Vollstandige
868 1916 1154 1963 Beschreibung
1195 1917 1263 1952 der
1297 1915 1542 1952 &ffentlichen

159 1962 380 1998 Bibliothek
419 1975 464 1998 zu
498 1963 688 2011 Bamberg
713 1964 748 1998 H
781 1966 921 2011 (1832),
963 1977 1000 2011 p.
1026 1965 1072 2009 H,
1109 1964 1434 2009 Giesebrecht,
1471 1964 1543 2000 Ge-

160 2011 330 2046 schichte
358 2011 424 2046 der
450 2012 658 2047 deutschen
685 2012 895 2048 Kaiserzeit
920 2013 1127 2060 11⁴(1s75),
1154 2025 1180 2059 p
1214 2016 1270 2049 64.

257 2060 292 2104 2)
319 2058 364 2094 cf.
394 2058 436 2094 G.
457 2060 647 2105 Becker,
682 2061 848 2108 catalogi
874 2061 1195 2098 bibliothecarum
1228 2060 1378 2106 antiqui
1405 2062 1542 2107 (1885),

257 2157 292 2200 3)
319 2155 365 2190 cf.
393 2155 642 2201 Diimmler‚
669 2157 855 2203 Anzeiger
880 2157 940 2193 fiir
963 2158 1099 2194 Kunde
1126 2158 1193 2194 der
1219 2157 1428 2193 deutschen
1448 2156 1541 2192 Vor-

160 2202 235 2238 zeit
258 2203 305 2239 N.
326 2203 366 2238 F.
389 2207 433 2238 24
455 2205 589 2250 (1877),
616 2217 651 2250 p.
676 2209 760 2241 135:
796 2208 926 2242 Marci
949 2207 1069 2242 Fabii
1098 2205 1329 2252 Quintiliani
1350 2234 1357 2240 .
1381 2234 1388 2241 .
1412 2234 1418 2241 .
1439 2205 1540 2242 volu-

159 2252 256 2287 mine
281 2252 415 2296 incipit
441 2253 479 2287 et
498 2252 629 2297 paullo
655 2253 771 2289 infra:
799 2255 914 2290 Liber
935 2255 1063 2291 Marci
1083 2254 1203 2290 Fabii
1224 2254 1458 2301 Quintiliani
1482 2254 1543 2289 in—

159 2300 394 2336 stitutionum
420 2302 679 2337 oratoriarum.

256 2349 292 2395 4)
318 2347 548 2394 Bamberger
577 2348 753 2393 Studien,
786 2350 910 2386 Neues
937 2350 1076 2386 Archiv
1109 2351 1176 2385 der
1201 2349 1455 2386 Gesellschaft
1479 2349 1543 2385 fiir

159 2395 278 2432 altere
305 2396 485 2432 deutsche
512 2395 863 2434 Geschichtskunde
891 2403 933 2434 21
963 2400 1098 2445 (1896),
1123 2411 1159 2444 p.
1184 2401 1262 2433 170.
