1638 2560
184 113 241 156 32
637 109 819 147 CAEGVS
844 108 899 145 IN
924 106 1095 144 LnflNE

183 228 315 268 verba.
376 239 572 266 venenum
610 225 716 275 quod
751 225 862 263 tenet
899 235 1057 272 caecus,
1094 221 1222 272 ipsius
1261 222 1340 277 est,
1378 220 1413 260 si
1449 219 1552 260 illud

185 289 353 328 excuset.

114 350 166 388 14
278 347 367 398 Sed,
397 346 541 398 inquit,
572 345 831 385 exheredatus
858 357 881 383 a
906 345 1021 394 patre
1049 344 1120 382 est.
1169 343 1364 393 poteram,
1389 341 1554 391 iudices,

186 410 380 448 secretum
409 408 484 447 hoc
508 406 612 446 senis
637 405 957 457 profundumque
982 416 1124 444 vocare
1157 403 1382 452 consilium,
1414 404 1554 442 contra.

186 470 369 508 iuvenem
410 469 546 507 tamen
587 478 670 506 esse
707 479 788 505 non
825 465 959 515 debet,
1005 464 1128 503 etiam
1165 466 1212 503 ut
1249 462 1297 503 de
1335 462 1553 515 parricidio
1583 503 1585 506 Α

186 528 399 568 crediderit
435 540 636 567 novercae.
699 528 839 565 notum
875 526 969 575 hoc,
1006 524 1175 574 iudices,
1215 536 1261 563 ac
1292 524 1459 576 vulgare
1494 523 1554 563 fa-

187 590 297 628 cinus
330 590 401 638 est,
434 588 539 639 quod
563 587 799 638 plerumque
831 587 970 625 contra
1001 585 1147 624 liberos
1180 585 1369 624 amantur
1399 592 1554 634 uxores,

187 651 228 688 et
253 649 505 699 sequentium
529 648 876 687 matrimoniorum
900 660 981 686 non
1002 645 1164 685 aliunde
1184 658 1307 696 quam
1331 644 1381 684 de
1407 644 1554 684 damno

185 710 350 760 pietatis
388 709 567 748 adfectus
607 710 676 747 est.
739 719 863 758 genus
907 706 1203 746 infirmissimae
1248 706 1456 746 servitutis
1495 708 1556 745 est

187 782 302 809 senex
344 770 531 819 maritus,
572 770 612 807 et
654 770 816 807 uxoriae
861 768 1042 807 caritatis
1089 766 1273 806 ardorem
1315 765 1555 818 flagrantius
1575 780 1611 811 ιο

185 829 342 881 frigidis
387 829 629 880 concipimus
674 827 906 868 adfectibus.
970 826 1095 878 quid?
1139 826 1246 877 quod
1289 839 1450 866 necesse
1494 828 1557 867 est

186 890 449 940 inpatientius
487 892 594 929 amet
623 888 791 928 maritus
822 901 987 927 uxorem
1019 888 1087 938 qui
1126 887 1204 927 sibi
1234 886 1397 927 videtur
1426 886 1556 926 filium

187 952 269 989 iam
298 949 546 1001 perdidisse?
586 950 833 989 ‘facillimum
865 950 925 988 est
956 948 1004 987 de
1030 961 1146 988 caeco
1177 947 1442 1000 parricidium
1471 961 1554 988 crc-

188 1011 296 1060 dere‚
335 1023 425 1049 cum
453 1011 656 1061 hucusque
695 1010 909 1059 erraveris,
942 1011 991 1048 ut
1020 1009 1254 1060 inquireres.
1316 1009 1411 1050 volo
1443 1008 1556 1059 scire,

187 1070 354 1121 iudices,
399 1071 495 1122 quid
540 1070 677 1110 fecerit
712 1072 831 1110 homo
869 1083 988 1109 senex
1025 1071 1095 1121 qui
1138 1069 1384 1122 parricidam
1426 1069 1557 1108 filium
1576 1083 1611 1113 15

190 1131 300 1170 sciat.
361 1145 440 1170 non
479 1132 654 1170 culleum
689 1133 824 1182 parat,
868 1144 950 1170 non
992 1130 1094 1170 illud
1132 1131 1307 1183 porrigit
1342 1143 1557 1182 venenum,

188 1203 269 1230 non
294 1191 435 1230 saltem
461 1191 711 1231 abdicatione
738 1191 926 1231 dimittit:
956 1192 1244 1231 testamentum
1273 1190 1557 1231 tantummodo

188 1252 338 1300 mutat,
375 1253 415 1291 et
446 1252 645 1302 parricida
676 1253 763 1292 sola
799 1254 1039 1303 paupertate
1077 1253 1254 1303 punitur.
1317 1265 1434 1305 rogo,
1467 1251 1557 1302 quis

189 1311 456 1362 praecipitat?
492 1311 636 1364 urget?
674 1313 823 1352 adeone
854 1326 936 1352 non
965 1314 1100 1364 potest
1136 1313 1225 1352 fieri
1255 1312 1363 1352 idem
1393 1314 1556 1364 postero

189 1370 280 1410 die?
322 1373 482 1423 gravius
520 1373 594 1412 hoc
631 1373 757 1412 faciet
791 1374 928 1424 pater,
967 1375 1001 1412 si
1032 1387 1112 1413 non
1150 1373 1400 1425 praestiterit
1430 1372 1557 1415 uxori.
1577 1388 1613 1415 20

191 1430 314 1481 quid?
357 1433 463 1483 quod
498 1434 573 1472 hoc
615 1435 748 1484 ipsum
790 1435 877 1472 tam
920 1434 1096 1485 placide,
1139 1437 1225 1474 tam
1266 1435 1402 1485 quiete
1446 1433 1558 1484 facit,

192 1492 309 1541 quasi
340 1494 475 1544 captet
503 1493 735 1544 imponere?
773 1493 870 1544 quid
901 1495 1034 1534 dicitis
1065 1496 1306 1535 miserorum
1343 1496 1559 1546 parentum

193 1551 400 1591 adfectus?
462 1554 769 1593 exheredaturus
807 1554 935 1593 filium
978 1557 1095 1606 pater
1138 1568 1218 1595 non
1257 1555 1430 1595 advocat
1466 1567 1559 1606 pro-

191 1613 379 1663 pinquos,
423 1626 502 1653 non
540 1614 740 1653 contrahit
781 1616 947 1666 amicos,
990 1617 1112 1655 nullis
1157 1616 1336 1656 lacrimis
1380 1615 1559 1665 tabulae,

192 1671 305 1710 nulla
330 1673 613 1713 vociferatione
640 1675 918 1725 complentur?
966 1677 1107 1727 nescis,
1139 1690 1269 1727 senex,
1302 1678 1458 1727 quanta
1482 1675 1560 1716 tibi
1578 1691 1614 1721 25

193 1744 292 1782 opus
325 1732 378 1771 sit
407 1734 562 1773 ratione
593 1734 840 1774 tabularum:
879 1736 1092 1776 exheredas
1122 1737 1395 1777 miserabilem
1430 1737 1560 1788 parri-

123 1791 174 1829 15
194 1792 335 1831 cidam.
386 1806 464 1831 non
497 1796 568 1844 est,
602 1795 766 1845 iudices,
798 1797 904 1846 quod
935 1798 1085 1847 putetis
1116 1798 1207 1837 ideo
1237 1799 1398 1837 nullum
1429 1797 1560 1837 adiec—

191 1853 279 1891 tum
311 1853 362 1891 ad
394 1854 738 1894 exheredationem
775 1857 930 1896 iuvenis
963 1858 1155 1909 elogium,
1189 1859 1286 1909 quia
1325 1858 1373 1897 de
1412 1858 1559 1898 scelere

217 1990 224 1998 .
259 1990 266 1997 -
291 1945 335 1977 10
360 1942 598 1999 flagrantius:
625 1945 872 1991 flagrantibus
898 1955 978 1993 BV3
1010 1948 1235 1995 flagrantem
1261 1955 1304 1985 Μ
1401 1952 1443 1985 11
1473 1960 1558 1984 con-

193 2001 370 2036 cipimus:
404 2002 610 2038 excipimus
641 2000 686 2038 J,
721 2006 811 2030 corr.
838 2004 853 2029 i
952 2001 994 2031 12
1028 1997 1163 2034 filium:
1196 2010 1222 2033 u
1254 1999 1297 2033 in
1326 2009 1401 2034 ras.
1426 2003 1465 2033 B

194 2042 238 2074 16
265 2039 445 2075 culleum:
480 2041 652 2076 aculeum
678 2048 729 2086 B,
763 2043 939 2079 cuellium
965 2047 999 2092 (e
1026 2046 1092 2081 del.
1115 2048 1155 2093 s)
1176 2052 1219 2091 ὃς
1251 2046 1312 2082 vel
1339 2046 1503 2083 cultrum
1517 2047 1557 2094 (l)

191 2137 235 2158 m
313 2102 475 2170 porrigsi
499 2131 552 2169 B,
577 2125 708 2180 porri&
739 2133 766 2160 V
859 2132 901 2163 17
930 2129 1057 2165 saltim
1087 2137 1115 2165 V
1209 2134 1253 2166 18
1279 2131 1420 2167 mutat:
1446 2131 1560 2177 putat

191 2178 232 2216 J,
257 2183 348 2208 corr.
369 2180 384 2207 i
477 2176 522 2208 20
547 2173 667 2209 faciat
691 2180 746 2218 M,
772 2175 832 2210 vel
857 2176 973 2213 faciet
997 2189 1097 2224 supr.
1118 2193 1161 2214 m
1246 2183 1288 2215 21
1319 2179 1414 2225 quid
1439 2180 1558 2226 quod:

192 2231 286 2278 quid
317 2223 335 2267 l
366 2233 468 2279 quod
492 2239 530 2268 Β
625 2238 670 2269 24
703 2235 875 2278 (stabulae
907 2244 934 2271 Γ
1026 2242 1070 2274 25
1102 2239 1242 2275 nescis:
1276 2239 1403 2276 nescio
1436 2246 1464 2276 S

192 2291 390 2350 quaffltibi
415 2311 452 2340 B
548 2309 592 2341 26
609 2310 694 2351 post
718 2307 868 2344 racione
893 2321 1029 2346 rasura
1050 2315 1073 2348 6
1098 2312 1152 2347 vel
1174 2315 1196 2348 7
1222 2314 1289 2348 litt.
1310 2319 1349 2348 Β
1443 2313 1561 2350 ratio-

192 2363 258 2388 nes
277 2359 315 2388 Β
379 2353 652 2389 miserabilem:
673 2356 886 2392 mirabilem
906 2364 949 2393 M
1019 2363 1062 2394 27
1091 2360 1298 2397 adiectum:
1321 2362 1565 2399 abiectum?
1625 2394 1629 2397 .

193 2403 239 2436 28
266 2401 612 2438 exheredationem:
646 2402 929 2441 heredationem
956 2413 998 2441 M
1092 2408 1284 2456 elossgium
1309 2416 1347 2445 B
