<?xml version="1.0" encoding="UTF-8"?>
<!DOCTYPE html PUBLIC "-//W3C//DTD XHTML 1.0 Transitional//EN"
    "http://www.w3.org/TR/xhtml1/DTD/xhtml1-transitional.dtd">
<html xmlns="http://www.w3.org/1999/xhtml" xml:lang="en" lang="en">
 <head>
  <title>
</title>
<meta http-equiv="Content-Type" content="text/html;charset=utf-8" />
  <meta name='ocr-system' content='tesseract 3.04.00' />
  <meta name='ocr-capabilities' content='ocr_page ocr_carea ocr_par ocr_line ocrx_word'/>
</head>
<body>
  <div class='ocr_page' id='page_1' title='image "./quintilianiquaef00lehnuoft_0348.png"; bbox 0 0 1638 2560; ppageno 0'>
   <div class='ocr_carea' id='block_1_1' title="bbox 78 876 129 913">
    <p class='ocr_par' dir='ltr' id='par_1_1' title="bbox 78 876 129 913">
     <span class='ocr_line' id='line_1_1' title="bbox 78 876 129 913; baseline -0.02 0"><span class='ocrx_word' id='word_1_1' title='bbox 78 876 129 913; x_wconf 78' lang='lat'><strong>13</strong></span> 
     </span>
    </p>
   </div>
   <div class='ocr_carea' id='block_1_2' title="bbox 148 90 1084 143">
    <p class='ocr_par' dir='ltr' id='par_1_2' title="bbox 148 90 1084 143">
     <span class='ocr_line' id='line_1_2' title="bbox 148 90 1084 143; baseline -0.018 0"><span class='ocrx_word' id='word_1_2' title='bbox 148 98 235 143; x_wconf 81' lang='lat'><strong>312</strong></span> <span class='ocrx_word' id='word_1_3' title='bbox 581 93 829 130; x_wconf 81' lang='lat' dir='ltr'><strong>VENENVM</strong></span> <span class='ocrx_word' id='word_1_4' title='bbox 854 90 1084 128; x_wconf 76' lang='lat' dir='ltr'><strong>EFFVSVM</strong></span> 
     </span>
    </p>
   </div>
   <div class='ocr_carea' id='block_1_3' title="bbox 144 204 1535 1835">
    <p class='ocr_par' dir='ltr' id='par_1_3' title="bbox 144 204 1525 866">
     <span class='ocr_line' id='line_1_3' title="bbox 144 204 1521 265; baseline -0.006 -13"><span class='ocrx_word' id='word_1_5' title='bbox 144 215 271 265; x_wconf 89' lang='lat' dir='ltr'><strong>pater.</strong></span> <span class='ocrx_word' id='word_1_6' title='bbox 322 213 380 250; x_wconf 87' lang='lat' dir='ltr'><strong>ita</strong></span> <span class='ocrx_word' id='word_1_7' title='bbox 411 224 491 250; x_wconf 89' lang='lat' dir='ltr'><strong>non</strong></span> <span class='ocrx_word' id='word_1_8' title='bbox 522 211 620 250; x_wconf 87' lang='lat' dir='ltr'><strong>haec</strong></span> <span class='ocrx_word' id='word_1_9' title='bbox 651 222 733 248; x_wconf 89' lang='lat' dir='ltr'><strong>una</strong></span> <span class='ocrx_word' id='word_1_10' title='bbox 764 221 841 248; x_wconf 84' lang='lat' dir='ltr'><strong>vox</strong></span> <span class='ocrx_word' id='word_1_11' title='bbox 873 205 1155 257; x_wconf 74' lang='lat' dir='ltr'><strong>complectitur</strong></span> <span class='ocrx_word' id='word_1_12' title='bbox 1187 216 1324 246; x_wconf 85' lang='lat' dir='ltr'><strong>omnes</strong></span> <span class='ocrx_word' id='word_1_13' title='bbox 1356 204 1521 245; x_wconf 70' lang='lat' dir='ltr'><strong>calami-</strong></span> 
     </span>
     <span class='ocr_line' id='line_1_4' title="bbox 144 263 1523 313; baseline -0.007 0"><span class='ocrx_word' id='word_1_14' title='bbox 144 272 277 313; x_wconf 79' lang='lat' dir='ltr'><strong>tates?</strong></span> <span class='ocrx_word' id='word_1_15' title='bbox 326 285 405 311; x_wconf 90' lang='lat' dir='ltr'><strong>non</strong></span> <span class='ocrx_word' id='word_1_16' title='bbox 430 270 624 310; x_wconf 87' lang='lat' dir='ltr'><strong>videmini</strong></span> <span class='ocrx_word' id='word_1_17' title='bbox 649 282 754 308; x_wconf 87' lang='lat' dir='ltr'><strong>nunc</strong></span> <span class='ocrx_word' id='word_1_18' title='bbox 779 269 893 308; x_wconf 89' lang='lat' dir='ltr'><strong>vobis</strong></span> <span class='ocrx_word' id='word_1_19' title='bbox 925 267 1133 306; x_wconf 82' lang='lat' dir='ltr'><strong>universos</strong></span> <span class='ocrx_word' id='word_1_20' title='bbox 1160 265 1300 306; x_wconf 84' lang='lat' dir='ltr'><strong>audire</strong></span> <span class='ocrx_word' id='word_1_21' title='bbox 1315 263 1523 305; x_wconf 81' lang='lat' dir='ltr'><strong>miseros?</strong></span> 
     </span>
     <span class='ocr_line' id='line_1_5' title="bbox 145 325 1522 386; baseline -0.006 -13"><span class='ocrx_word' id='word_1_22' title='bbox 145 335 342 386; x_wconf 89' lang='lat' dir='ltr'><strong>possimus</strong></span> <span class='ocrx_word' id='word_1_23' title='bbox 374 332 556 371; x_wconf 75' lang='lat' dir='ltr'><strong>fortassis</strong></span> <span class='ocrx_word' id='word_1_24' title='bbox 587 331 756 370; x_wconf 87' lang='lat' dir='ltr'><strong>aliorum</strong></span> <span class='ocrx_word' id='word_1_25' title='bbox 789 328 1055 368; x_wconf 87' lang='lat' dir='ltr'><strong>accidentium</strong></span> <span class='ocrx_word' id='word_1_26' title='bbox 1082 339 1244 378; x_wconf 89' lang='lat' dir='ltr'><strong>sperare</strong></span> <span class='ocrx_word' id='word_1_27' title='bbox 1275 325 1409 376; x_wconf 88' lang='lat' dir='ltr'><strong>finem,</strong></span> <span class='ocrx_word' id='word_1_28' title='bbox 1439 339 1522 366; x_wconf 90' lang='lat' dir='ltr'><strong>non</strong></span> 
     </span>
     <span class='ocr_line' id='line_1_6' title="bbox 145 391 1522 444; baseline -0.006 -11"><span class='ocrx_word' id='word_1_29' title='bbox 145 395 294 433; x_wconf 83' lang='lat' dir='ltr'><strong>habent</strong></span> <span class='ocrx_word' id='word_1_30' title='bbox 336 393 608 444; x_wconf 85' lang='lat' dir='ltr'><strong>proximorum</strong></span> <span class='ocrx_word' id='word_1_31' title='bbox 652 391 744 430; x_wconf 86' lang='lat' dir='ltr'><strong>odia</strong></span> <span class='ocrx_word' id='word_1_32' title='bbox 787 401 1023 442; x_wconf 88' lang='lat' dir='ltr'><strong>regressum.</strong></span> <span class='ocrx_word' id='word_1_33' title='bbox 1093 399 1353 438; x_wconf 82' lang='lat' dir='ltr'><strong>quaecunque</strong></span> <span class='ocrx_word' id='word_1_34' title='bbox 1395 398 1522 426; x_wconf 86' lang='lat' dir='ltr'><strong>nexus</strong></span> 
     </span>
     <span class='ocr_line' id='line_1_7' title="bbox 148 447 1523 504; baseline -0.006 -10"><span class='ocrx_word' id='word_1_35' title='bbox 148 467 331 504; x_wconf 88' lang='lat' dir='ltr'><strong>accepere</strong></span> <span class='ocrx_word' id='word_1_36' title='bbox 356 454 537 502; x_wconf 84' lang='lat' dir='ltr'><strong>naturae,</strong></span> <span class='ocrx_word' id='word_1_37' title='bbox 563 453 603 491; x_wconf 91' lang='lat' dir='ltr'><strong>et</strong></span> <span class='ocrx_word' id='word_1_38' title='bbox 628 464 729 502; x_wconf 88' lang='lat' dir='ltr'><strong>quae</strong></span> <span class='ocrx_word' id='word_1_39' title='bbox 756 451 950 503; x_wconf 85' lang='lat' dir='ltr'><strong>sanguine</strong></span> <span class='ocrx_word' id='word_1_40' title='bbox 975 448 1279 499; x_wconf 82' lang='lat' dir='ltr'><strong>visceribusque</strong></span> <span class='ocrx_word' id='word_1_41' title='bbox 1303 447 1523 488; x_wconf 86' lang='lat' dir='ltr'><strong>constricta</strong></span> 
     </span>
     <span class='ocr_line' id='line_1_8' title="bbox 148 508 1522 564; baseline -0.004 -11"><span class='ocrx_word' id='word_1_42' title='bbox 148 516 253 564; x_wconf 86' lang='lat' dir='ltr'><strong>sunt,</strong></span> <span class='ocrx_word' id='word_1_43' title='bbox 284 527 364 552; x_wconf 88' lang='lat' dir='ltr'><strong>non</strong></span> <span class='ocrx_word' id='word_1_44' title='bbox 389 514 578 552; x_wconf 85' lang='lat' dir='ltr'><strong>laxantur</strong></span> <span class='ocrx_word' id='word_1_45' title='bbox 603 512 778 561; x_wconf 86' lang='lat' dir='ltr'><strong>diducta,</strong></span> <span class='ocrx_word' id='word_1_46' title='bbox 804 511 873 550; x_wconf 90' lang='lat' dir='ltr'><strong>sed</strong></span> <span class='ocrx_word' id='word_1_47' title='bbox 903 512 1086 562; x_wconf 90' lang='lat' dir='ltr'><strong>pereunt,</strong></span> <span class='ocrx_word' id='word_1_48' title='bbox 1119 511 1161 548; x_wconf 87' lang='lat' dir='ltr'><strong>et</strong></span> <span class='ocrx_word' id='word_1_49' title='bbox 1186 521 1289 559; x_wconf 83' lang='lat' dir='ltr'><strong>quae</strong></span> <span class='ocrx_word' id='word_1_50' title='bbox 1316 508 1365 548; x_wconf 87' lang='lat' dir='ltr'><strong>de</strong></span> <span class='ocrx_word' id='word_1_51' title='bbox 1388 508 1522 559; x_wconf 87' lang='lat' dir='ltr'><strong>primo</strong></span> 
     </span>
     <span class='ocr_line' id='line_1_9' title="bbox 146 567 1524 619; baseline -0.005 -5"><span class='ocrx_word' id='word_1_52' title='bbox 146 577 283 614; x_wconf 87' lang='lat' dir='ltr'><strong>tenore</strong></span> <span class='ocrx_word' id='word_1_53' title='bbox 314 574 503 614; x_wconf 86' lang='lat' dir='ltr'><strong>nascendi</strong></span> <span class='ocrx_word' id='word_1_54' title='bbox 534 574 601 612; x_wconf 86' lang='lat' dir='ltr'><strong>vix</strong></span> <span class='ocrx_word' id='word_1_55' title='bbox 631 573 674 611; x_wconf 89' lang='lat' dir='ltr'><strong>in</strong></span> <span class='ocrx_word' id='word_1_56' title='bbox 707 572 955 611; x_wconf 86' lang='lat' dir='ltr'><strong>contrarium</strong></span> <span class='ocrx_word' id='word_1_57' title='bbox 987 571 1096 610; x_wconf 82' lang='lat' dir='ltr'><strong>victa</strong></span> <span class='ocrx_word' id='word_1_58' title='bbox 1128 569 1345 609; x_wconf 85' lang='lat' dir='ltr'><strong>deflectunt</strong></span> <span class='ocrx_word' id='word_1_59' title='bbox 1376 567 1524 619; x_wconf 81' lang='lat' dir='ltr'><strong>diuque</strong></span> 
     </span>
     <span class='ocr_line' id='line_1_10' title="bbox 146 630 1525 686; baseline -0.004 -12"><span class='ocrx_word' id='word_1_60' title='bbox 146 635 360 686; x_wconf 86' lang='lat' dir='ltr'><strong>pravitatis</strong></span> <span class='ocrx_word' id='word_1_61' title='bbox 399 647 492 674; x_wconf 88' lang='lat' dir='ltr'><strong>suae</strong></span> <span class='ocrx_word' id='word_1_62' title='bbox 530 634 662 685; x_wconf 86' lang='lat' dir='ltr'><strong>rigore</strong></span> <span class='ocrx_word' id='word_1_63' title='bbox 700 633 846 671; x_wconf 88' lang='lat' dir='ltr'><strong>durata</strong></span> <span class='ocrx_word' id='word_1_64' title='bbox 890 645 982 671; x_wconf 85' lang='lat' dir='ltr'><strong>mox</strong></span> <span class='ocrx_word' id='word_1_65' title='bbox 1026 632 1069 669; x_wconf 85' lang='lat' dir='ltr'><strong>in</strong></span> <span class='ocrx_word' id='word_1_66' title='bbox 1107 630 1325 682; x_wconf 84' lang='lat' dir='ltr'><strong>pristinum</strong></span> <span class='ocrx_word' id='word_1_67' title='bbox 1363 635 1525 670; x_wconf 89' lang='lat' dir='ltr'><strong>cursum</strong></span> 
     </span>
     <span class='ocr_line' id='line_1_11' title="bbox 147 690 1525 743; baseline -0.004 -9"><span class='ocrx_word' id='word_1_68' title='bbox 147 696 311 735; x_wconf 86' lang='lat' dir='ltr'><strong>remissa</strong></span> <span class='ocrx_word' id='word_1_69' title='bbox 348 708 428 734; x_wconf 87' lang='lat' dir='ltr'><strong>non</strong></span> <span class='ocrx_word' id='word_1_70' title='bbox 465 694 650 743; x_wconf 86' lang='lat' dir='ltr'><strong>redeunt,</strong></span> <span class='ocrx_word' id='word_1_71' title='bbox 696 693 764 733; x_wconf 88' lang='lat' dir='ltr'><strong>sed</strong></span> <span class='ocrx_word' id='word_1_72' title='bbox 804 705 884 743; x_wconf 90' lang='lat' dir='ltr'><strong>quo</strong></span> <span class='ocrx_word' id='word_1_73' title='bbox 928 693 1060 731; x_wconf 85' lang='lat' dir='ltr'><strong>totum</strong></span> <span class='ocrx_word' id='word_1_74' title='bbox 1103 690 1263 742; x_wconf 83' lang='lat' dir='ltr'><strong>pondus</strong></span> <span class='ocrx_word' id='word_1_75' title='bbox 1309 701 1525 741; x_wconf 85' lang='lat' dir='ltr'><strong>omnesque</strong></span> 
     </span>
     <span class='ocr_line' id='line_1_12' title="bbox 146 752 1525 806; baseline -0.004 -11"><span class='ocrx_word' id='word_1_76' title='bbox 146 757 251 795; x_wconf 86' lang='lat' dir='ltr'><strong>vires</strong></span> <span class='ocrx_word' id='word_1_77' title='bbox 288 755 484 795; x_wconf 85' lang='lat' dir='ltr'><strong>inclinata</strong></span> <span class='ocrx_word' id='word_1_78' title='bbox 526 756 752 803; x_wconf 80' lang='lat' dir='ltr'><strong>traxerunt,</strong></span> <span class='ocrx_word' id='word_1_79' title='bbox 791 754 928 806; x_wconf 81' lang='lat' dir='ltr'><strong>vigore</strong></span> <span class='ocrx_word' id='word_1_80' title='bbox 976 765 1054 803; x_wconf 90' lang='lat' dir='ltr'><strong>quo</strong></span> <span class='ocrx_word' id='word_1_81' title='bbox 1093 752 1167 791; x_wconf 85' lang='lat' dir='ltr'><strong>sibi</strong></span> <span class='ocrx_word' id='word_1_82' title='bbox 1208 752 1414 803; x_wconf 84' lang='lat' dir='ltr'><strong>permissa</strong></span> <span class='ocrx_word' id='word_1_83' title='bbox 1442 763 1525 790; x_wconf 86' lang='lat' dir='ltr'><strong>cre-</strong></span> 
     </span>
     <span class='ocr_line' id='line_1_13' title="bbox 148 813 1094 866; baseline -0.005 -10"><span class='ocrx_word' id='word_1_84' title='bbox 148 818 310 866; x_wconf 85' lang='lat' dir='ltr'><strong>vissent,</strong></span> <span class='ocrx_word' id='word_1_85' title='bbox 341 817 384 854; x_wconf 87' lang='lat' dir='ltr'><strong>in</strong></span> <span class='ocrx_word' id='word_1_86' title='bbox 414 815 540 866; x_wconf 89' lang='lat' dir='ltr'><strong>ipsius</strong></span> <span class='ocrx_word' id='word_1_87' title='bbox 572 814 664 854; x_wconf 87' lang='lat' dir='ltr'><strong>vitii</strong></span> <span class='ocrx_word' id='word_1_88' title='bbox 695 815 816 854; x_wconf 89' lang='lat' dir='ltr'><strong>robur</strong></span> <span class='ocrx_word' id='word_1_89' title='bbox 848 813 1094 853; x_wconf 88' lang='lat' dir='ltr'><strong>adolescunt.</strong></span> 
     </span>
    </p>

    <p class='ocr_par' dir='ltr' id='par_1_4' title="bbox 148 874 1535 1835">
     <span class='ocr_line' id='line_1_14' title="bbox 238 874 1526 924; baseline -0.004 -9"><span class='ocrx_word' id='word_1_90' title='bbox 238 877 286 915; x_wconf 86' lang='lat' dir='ltr'><strong>In</strong></span> <span class='ocrx_word' id='word_1_91' title='bbox 325 877 400 915; x_wconf 88' lang='lat' dir='ltr'><strong>hoc</strong></span> <span class='ocrx_word' id='word_1_92' title='bbox 446 877 506 915; x_wconf 88' lang='lat' dir='ltr'><strong>est</strong></span> <span class='ocrx_word' id='word_1_93' title='bbox 548 877 637 914; x_wconf 87' lang='lat' dir='ltr'><strong>tota</strong></span> <span class='ocrx_word' id='word_1_94' title='bbox 680 875 916 924; x_wconf 86' lang='lat' dir='ltr'><strong>difficultas,</strong></span> <span class='ocrx_word' id='word_1_95' title='bbox 960 876 1007 913; x_wconf 87' lang='lat' dir='ltr'><strong>ut</strong></span> <span class='ocrx_word' id='word_1_96' title='bbox 1050 874 1222 924; x_wconf 73' lang='lat' dir='ltr'><strong>incipiat</strong></span> <span class='ocrx_word' id='word_1_97' title='bbox 1264 885 1347 912; x_wconf 89' lang='lat' dir='ltr'><strong>non</strong></span> <span class='ocrx_word' id='word_1_98' title='bbox 1391 884 1526 911; x_wconf 78' lang='lat' dir='ltr'><strong>amare</strong></span> 
     </span>
     <span class='ocr_line' id='line_1_15' title="bbox 148 933 1528 988; baseline -0.003 -13"><span class='ocrx_word' id='word_1_99' title='bbox 148 936 278 975; x_wconf 88' lang='lat' dir='ltr'><strong>filium</strong></span> <span class='ocrx_word' id='word_1_100' title='bbox 303 938 428 988; x_wconf 86' lang='lat' dir='ltr'><strong>pater.</strong></span> <span class='ocrx_word' id='word_1_101' title='bbox 478 936 554 976; x_wconf 90' lang='lat' dir='ltr'><strong>hoc</strong></span> <span class='ocrx_word' id='word_1_102' title='bbox 580 949 671 975; x_wconf 85' lang='lat' dir='ltr'><strong>cum</strong></span> <span class='ocrx_word' id='word_1_103' title='bbox 697 936 872 975; x_wconf 86' lang='lat' dir='ltr'><strong>frontem</strong></span> <span class='ocrx_word' id='word_1_104' title='bbox 898 934 1160 975; x_wconf 87' lang='lat' dir='ltr'><strong>confessionis</strong></span> <span class='ocrx_word' id='word_1_105' title='bbox 1185 934 1346 985; x_wconf 86' lang='lat' dir='ltr'><strong>accipit,</strong></span> <span class='ocrx_word' id='word_1_106' title='bbox 1368 933 1528 983; x_wconf 85' lang='lat' dir='ltr'><strong>reliqua</strong></span> 
     </span>
     <span class='ocr_line' id='line_1_16' title="bbox 149 994 1529 1048; baseline -0.001 -13"><span class='ocrx_word' id='word_1_107' title='bbox 149 998 362 1048; x_wconf 82' lang='lat' dir='ltr'><strong>praecipiti</strong></span> <span class='ocrx_word' id='word_1_108' title='bbox 392 996 525 1036; x_wconf 86' lang='lat' dir='ltr'><strong>furore</strong></span> <span class='ocrx_word' id='word_1_109' title='bbox 557 997 791 1046; x_wconf 87' lang='lat' dir='ltr'><strong>decurrunt,</strong></span> <span class='ocrx_word' id='word_1_110' title='bbox 825 998 865 1035; x_wconf 89' lang='lat' dir='ltr'><strong>et</strong></span> <span class='ocrx_word' id='word_1_111' title='bbox 895 996 1086 1035; x_wconf 86' lang='lat' dir='ltr'><strong>redituris</strong></span> <span class='ocrx_word' id='word_1_112' title='bbox 1119 994 1357 1035; x_wconf 79' lang='lat' dir='ltr'><strong>caritatibus</strong></span> <span class='ocrx_word' id='word_1_113' title='bbox 1391 994 1529 1034; x_wconf 82' lang='lat' dir='ltr'><strong>obstat</strong></span> 
     </span>
     <span class='ocr_line' id='line_1_17' title="bbox 151 1054 1528 1108; baseline -0.002 -12"><span class='ocrx_word' id='word_1_114' title='bbox 151 1058 341 1108; x_wconf 90' lang='lat' dir='ltr'><strong>quicquid</strong></span> <span class='ocrx_word' id='word_1_115' title='bbox 369 1057 581 1096; x_wconf 86' lang='lat' dir='ltr'><strong>obstiterat</strong></span> <span class='ocrx_word' id='word_1_116' title='bbox 607 1057 656 1096; x_wconf 89' lang='lat' dir='ltr'><strong>ab</strong></span> <span class='ocrx_word' id='word_1_117' title='bbox 683 1057 795 1096; x_wconf 88' lang='lat' dir='ltr'><strong>odiis.</strong></span> <span class='ocrx_word' id='word_1_118' title='bbox 847 1057 970 1096; x_wconf 88' lang='lat' dir='ltr'><strong>semel</strong></span> <span class='ocrx_word' id='word_1_119' title='bbox 1002 1056 1080 1096; x_wconf 85' lang='lat' dir='ltr'><strong>sibi</strong></span> <span class='ocrx_word' id='word_1_120' title='bbox 1111 1057 1299 1107; x_wconf 89' lang='lat' dir='ltr'><strong>parentes</strong></span> <span class='ocrx_word' id='word_1_121' title='bbox 1330 1054 1528 1105; x_wconf 90' lang='lat' dir='ltr'><strong>liberique</strong></span> 
     </span>
     <span class='ocr_line' id='line_1_18' title="bbox 149 1115 1529 1168; baseline -0.001 -12"><span class='ocrx_word' id='word_1_122' title='bbox 149 1119 369 1167; x_wconf 85' lang='lat' dir='ltr'><strong>mutantur,</strong></span> <span class='ocrx_word' id='word_1_123' title='bbox 407 1118 529 1157; x_wconf 91' lang='lat' dir='ltr'><strong>semel</strong></span> <span class='ocrx_word' id='word_1_124' title='bbox 567 1118 815 1156; x_wconf 88' lang='lat' dir='ltr'><strong>auferuntur.</strong></span> <span class='ocrx_word' id='word_1_125' title='bbox 878 1117 1032 1168; x_wconf 87' lang='lat' dir='ltr'><strong>felices,</strong></span> <span class='ocrx_word' id='word_1_126' title='bbox 1072 1117 1143 1167; x_wconf 85' lang='lat' dir='ltr'><strong>qui</strong></span> <span class='ocrx_word' id='word_1_127' title='bbox 1172 1115 1325 1155; x_wconf 87' lang='lat' dir='ltr'><strong>habent</strong></span> <span class='ocrx_word' id='word_1_128' title='bbox 1361 1116 1404 1154; x_wconf 88' lang='lat' dir='ltr'><strong>in</strong></span> <span class='ocrx_word' id='word_1_129' title='bbox 1437 1127 1529 1155; x_wconf 81' lang='lat' dir='ltr'><strong>oon-</strong></span> 
     </span>
     <span class='ocr_line' id='line_1_19' title="bbox 151 1174 1530 1228; baseline -0.002 -11"><span class='ocrx_word' id='word_1_130' title='bbox 151 1179 317 1218; x_wconf 87' lang='lat' dir='ltr'><strong>scientia</strong></span> <span class='ocrx_word' id='word_1_131' title='bbox 355 1191 427 1217; x_wconf 88' lang='lat' dir='ltr'><strong>sua</strong></span> <span class='ocrx_word' id='word_1_132' title='bbox 460 1177 566 1228; x_wconf 90' lang='lat' dir='ltr'><strong>quod</strong></span> <span class='ocrx_word' id='word_1_133' title='bbox 605 1178 776 1217; x_wconf 90' lang='lat' dir='ltr'><strong>debeant</strong></span> <span class='ocrx_word' id='word_1_134' title='bbox 814 1178 1043 1227; x_wconf 86' lang='lat' dir='ltr'><strong>emendare,</strong></span> <span class='ocrx_word' id='word_1_135' title='bbox 1080 1177 1290 1228; x_wconf 81' lang='lat' dir='ltr'><strong>corrigere.</strong></span> <span class='ocrx_word' id='word_1_136' title='bbox 1353 1176 1426 1215; x_wconf 83' lang='lat' dir='ltr'><strong>ina</strong></span> <span class='ocrx_word' id='word_1_137' title='bbox 1463 1174 1530 1214; x_wconf 87' lang='lat' dir='ltr'><strong>de-</strong></span> 
     </span>
     <span class='ocr_line' id='line_1_20' title="bbox 152 1237 1530 1290; baseline -0.002 -12"><span class='ocrx_word' id='word_1_138' title='bbox 152 1253 263 1277; x_wconf 91' lang='lat' dir='ltr'><strong>mum</strong></span> <span class='ocrx_word' id='word_1_139' title='bbox 294 1240 426 1290; x_wconf 90' lang='lat' dir='ltr'><strong>potest</strong></span> <span class='ocrx_word' id='word_1_140' title='bbox 456 1239 519 1277; x_wconf 87' lang='lat' dir='ltr'><strong>ira</strong></span> <span class='ocrx_word' id='word_1_141' title='bbox 551 1238 731 1278; x_wconf 86' lang='lat' dir='ltr'><strong>desinere</strong></span> <span class='ocrx_word' id='word_1_142' title='bbox 764 1251 865 1289; x_wconf 85' lang='lat' dir='ltr'><strong>quae</strong></span> <span class='ocrx_word' id='word_1_143' title='bbox 898 1239 1050 1278; x_wconf 80' lang='lat' dir='ltr'><strong>coaluit</strong></span> <span class='ocrx_word' id='word_1_144' title='bbox 1082 1252 1130 1277; x_wconf 81' lang='lat' dir='ltr'><strong>ex</strong></span> <span class='ocrx_word' id='word_1_145' title='bbox 1154 1237 1267 1277; x_wconf 86' lang='lat' dir='ltr'><strong>vitiis</strong></span> <span class='ocrx_word' id='word_1_146' title='bbox 1298 1237 1530 1276; x_wconf 86' lang='lat' dir='ltr'><strong>liberorum.</strong></span> 
     </span>
     <span class='ocr_line' id='line_1_21' title="bbox 153 1297 1531 1351; baseline -0.001 -14"><span class='ocrx_word' id='word_1_147' title='bbox 153 1312 225 1351; x_wconf 84' lang='lat' dir='ltr'><strong>ego</strong></span> <span class='ocrx_word' id='word_1_148' title='bbox 259 1299 355 1349; x_wconf 88' lang='lat' dir='ltr'><strong>quid</strong></span> <span class='ocrx_word' id='word_1_149' title='bbox 392 1299 496 1338; x_wconf 85' lang='lat' dir='ltr'><strong>facio</strong></span> <span class='ocrx_word' id='word_1_150' title='bbox 535 1300 599 1338; x_wconf 85' lang='grc'>6111</span> <span class='ocrx_word' id='word_1_151' title='bbox 630 1312 710 1338; x_wconf 84' lang='grc'>11011</span> <span class='ocrx_word' id='word_1_152' title='bbox 748 1300 926 1350; x_wconf 83' lang='lat' dir='ltr'><strong>luxuria,</strong></span> <span class='ocrx_word' id='word_1_153' title='bbox 964 1312 1045 1338; x_wconf 89' lang='lat' dir='ltr'><strong>non</strong></span> <span class='ocrx_word' id='word_1_154' title='bbox 1084 1300 1144 1338; x_wconf 89' lang='lat' dir='ltr'><strong>est</strong></span> <span class='ocrx_word' id='word_1_155' title='bbox 1180 1297 1378 1337; x_wconf 86' lang='lat' dir='ltr'><strong>mutanda</strong></span> <span class='ocrx_word' id='word_1_156' title='bbox 1415 1298 1531 1348; x_wconf 88' lang='lat' dir='ltr'><strong>petu-</strong></span> 
     </span>
     <span class='ocr_line' id='line_1_22' title="bbox 152 1357 1531 1410; baseline -0.001 -12"><span class='ocrx_word' id='word_1_157' title='bbox 152 1360 293 1410; x_wconf 86' lang='lat' dir='ltr'><strong>lantia,</strong></span> <span class='ocrx_word' id='word_1_158' title='bbox 327 1360 438 1399; x_wconf 91' lang='lat' dir='ltr'><strong>cuius</strong></span> <span class='ocrx_word' id='word_1_159' title='bbox 472 1359 672 1398; x_wconf 84' lang='lat' dir='ltr'><strong>abdicatio</strong></span> <span class='ocrx_word' id='word_1_160' title='bbox 704 1373 784 1398; x_wconf 89' lang='lat' dir='ltr'><strong>non</strong></span> <span class='ocrx_word' id='word_1_161' title='bbox 816 1360 864 1399; x_wconf 91' lang='lat' dir='ltr'><strong>de</strong></span> <span class='ocrx_word' id='word_1_162' title='bbox 890 1360 990 1399; x_wconf 89' lang='lat' dir='ltr'><strong>meis</strong></span> <span class='ocrx_word' id='word_1_163' title='bbox 1022 1360 1092 1399; x_wconf 89' lang='lat' dir='ltr'><strong>sed</strong></span> <span class='ocrx_word' id='word_1_164' title='bbox 1124 1359 1172 1398; x_wconf 90' lang='lat' dir='ltr'><strong>de</strong></span> <span class='ocrx_word' id='word_1_165' title='bbox 1197 1358 1326 1410; x_wconf 87' lang='lat' dir='ltr'><strong>patris</strong></span> <span class='ocrx_word' id='word_1_166' title='bbox 1351 1357 1531 1397; x_wconf 84' lang='lat' dir='ltr'><strong>moribus</strong></span> 
     </span>
     <span class='ocr_line' id='line_1_23' title="bbox 152 1419 1533 1470; baseline -0.001 -12"><span class='ocrx_word' id='word_1_167' title='bbox 152 1419 290 1459; x_wconf 78' lang='lat' dir='ltr'><strong>venit?</strong></span> <span class='ocrx_word' id='word_1_168' title='bbox 341 1420 491 1459; x_wconf 88' lang='lat' dir='ltr'><strong>frustra</strong></span> <span class='ocrx_word' id='word_1_169' title='bbox 516 1420 617 1459; x_wconf 88' lang='lat' dir='ltr'><strong>mihi</strong></span> <span class='ocrx_word' id='word_1_170' title='bbox 643 1421 949 1470; x_wconf 77' lang='lat' dir='ltr'><strong>exhortationes,</strong></span> <span class='ocrx_word' id='word_1_171' title='bbox 972 1421 1124 1459; x_wconf 82' lang='lat' dir='ltr'><strong>frustra</strong></span> <span class='ocrx_word' id='word_1_172' title='bbox 1147 1419 1408 1458; x_wconf 85' lang='lat' dir='ltr'><strong>blandientur</strong></span> <span class='ocrx_word' id='word_1_173' title='bbox 1426 1431 1533 1458; x_wconf 80' lang='lat' dir='ltr'><strong>vana</strong></span> 
     </span>
     <span class='ocr_line' id='line_1_24' title="bbox 154 1479 1532 1532; baseline -0.001 -14"><span class='ocrx_word' id='word_1_174' title='bbox 154 1480 314 1519; x_wconf 90' lang='lat' dir='ltr'><strong>solacia.</strong></span> <span class='ocrx_word' id='word_1_175' title='bbox 376 1480 548 1519; x_wconf 88' lang='lat' dir='ltr'><strong>hominis</strong></span> <span class='ocrx_word' id='word_1_176' title='bbox 595 1494 713 1530; x_wconf 87' lang='lat' dir='ltr'><strong>quem</strong></span> <span class='ocrx_word' id='word_1_177' title='bbox 757 1482 875 1532; x_wconf 86' lang='lat' dir='ltr'><strong>pater</strong></span> <span class='ocrx_word' id='word_1_178' title='bbox 919 1481 1048 1521; x_wconf 87' lang='lat' dir='ltr'><strong>odisse</strong></span> <span class='ocrx_word' id='word_1_179' title='bbox 1093 1493 1175 1519; x_wconf 89' lang='lat' dir='ltr'><strong>non</strong></span> <span class='ocrx_word' id='word_1_180' title='bbox 1219 1479 1385 1528; x_wconf 88' lang='lat' dir='ltr'><strong>desinit,</strong></span> <span class='ocrx_word' id='word_1_181' title='bbox 1428 1489 1532 1517; x_wconf 86' lang='lat' dir='ltr'><strong>unus</strong></span> 
     </span>
     <span class='ocr_line' id='line_1_25' title="bbox 155 1538 1532 1592; baseline -0.001 -13"><span class='ocrx_word' id='word_1_182' title='bbox 155 1541 284 1579; x_wconf 87' lang='lat' dir='ltr'><strong>exitus</strong></span> <span class='ocrx_word' id='word_1_183' title='bbox 317 1542 388 1590; x_wconf 88' lang='lat' dir='ltr'><strong>est,</strong></span> <span class='ocrx_word' id='word_1_184' title='bbox 419 1543 466 1578; x_wconf 89' lang='lat' dir='ltr'><strong>ut</strong></span> <span class='ocrx_word' id='word_1_185' title='bbox 498 1554 538 1580; x_wconf 90' lang='lat' dir='ltr'><strong>se</strong></span> <span class='ocrx_word' id='word_1_186' title='bbox 571 1541 710 1580; x_wconf 85' lang='lat' dir='ltr'><strong>oderit.</strong></span> <span class='ocrx_word' id='word_1_187' title='bbox 763 1543 803 1580; x_wconf 88' lang='lat' dir='ltr'><strong>et</strong></span> <span class='ocrx_word' id='word_1_188' title='bbox 836 1542 1077 1592; x_wconf 83' lang='lat' dir='ltr'><strong>quantulum</strong></span> <span class='ocrx_word' id='word_1_189' title='bbox 1108 1539 1232 1580; x_wconf 86' lang='lat' dir='ltr'><strong>habet</strong></span> <span class='ocrx_word' id='word_1_190' title='bbox 1264 1539 1312 1579; x_wconf 88' lang='lat' dir='ltr'><strong>de</strong></span> <span class='ocrx_word' id='word_1_191' title='bbox 1343 1540 1431 1579; x_wconf 86' lang='lat' dir='ltr'><strong>toto</strong></span> <span class='ocrx_word' id='word_1_192' title='bbox 1464 1538 1532 1578; x_wconf 87' lang='lat' dir='ltr'><strong>do-</strong></span> 
     </span>
     <span class='ocr_line' id='line_1_26' title="bbox 155 1599 1534 1652; baseline 0.001 -14"><span class='ocrx_word' id='word_1_193' title='bbox 155 1602 238 1639; x_wconf 89' lang='lat' dir='ltr'><strong>lore</strong></span> <span class='ocrx_word' id='word_1_194' title='bbox 270 1602 406 1639; x_wconf 87' lang='lat' dir='ltr'><strong>nostro</strong></span> <span class='ocrx_word' id='word_1_195' title='bbox 444 1601 514 1639; x_wconf 90' lang='lat' dir='ltr'><strong>ille</strong></span> <span class='ocrx_word' id='word_1_196' title='bbox 547 1614 624 1651; x_wconf 89' lang='lat' dir='ltr'><strong>quo</strong></span> <span class='ocrx_word' id='word_1_197' title='bbox 657 1603 819 1641; x_wconf 86' lang='lat' dir='ltr'><strong>venitur</strong></span> <span class='ocrx_word' id='word_1_198' title='bbox 850 1602 902 1640; x_wconf 91' lang='lat' dir='ltr'><strong>ad</strong></span> <span class='ocrx_word' id='word_1_199' title='bbox 931 1602 1124 1652; x_wconf 84' lang='lat' dir='ltr'><strong>iudicem,</strong></span> <span class='ocrx_word' id='word_1_200' title='bbox 1162 1599 1274 1640; x_wconf 76' lang='lat' dir='ltr'><strong>dies?</strong></span> <span class='ocrx_word' id='word_1_201' title='bbox 1337 1612 1410 1652; x_wconf 87' lang='lat' dir='ltr'><strong>ego</strong></span> <span class='ocrx_word' id='word_1_202' title='bbox 1443 1612 1534 1639; x_wconf 85' lang='lat' dir='ltr'><strong>cum</strong></span> 
     </span>
     <span class='ocr_line' id='line_1_27' title="bbox 155 1660 1535 1711; baseline -0.001 -12"><span class='ocrx_word' id='word_1_203' title='bbox 155 1660 262 1699; x_wconf 88' lang='lat' dir='ltr'><strong>dico:</strong></span> <span class='ocrx_word' id='word_1_204' title='bbox 300 1662 416 1711; x_wconf 85' lang='lat' dir='ltr'><strong>pater</strong></span> <span class='ocrx_word' id='word_1_205' title='bbox 446 1674 510 1700; x_wconf 90' lang='lat' dir='ltr'><strong>me</strong></span> <span class='ocrx_word' id='word_1_206' title='bbox 544 1662 646 1711; x_wconf 86' lang='lat' dir='ltr'><strong>odit,</strong></span> <span class='ocrx_word' id='word_1_207' title='bbox 684 1662 787 1701; x_wconf 88' lang='lat' dir='ltr'><strong>illud</strong></span> <span class='ocrx_word' id='word_1_208' title='bbox 825 1663 1020 1701; x_wconf 85' lang='lat' dir='ltr'><strong>exclamo:</strong></span> <span class='ocrx_word' id='word_1_209' title='bbox 1059 1675 1195 1702; x_wconf 91' lang='lat' dir='ltr'><strong>omnes</strong></span> <span class='ocrx_word' id='word_1_210' title='bbox 1228 1662 1314 1701; x_wconf 89' lang='lat' dir='ltr'><strong>sine</strong></span> <span class='ocrx_word' id='word_1_211' title='bbox 1345 1674 1408 1700; x_wconf 90' lang='lat' dir='ltr'><strong>me</strong></span> <span class='ocrx_word' id='word_1_212' title='bbox 1440 1661 1535 1700; x_wconf 88' lang='lat' dir='ltr'><strong>sunt</strong></span> 
     </span>
     <span class='ocr_line' id='line_1_28' title="bbox 155 1720 1535 1773; baseline 0.001 -14"><span class='ocrx_word' id='word_1_213' title='bbox 155 1721 250 1760; x_wconf 86' lang='lat' dir='ltr'><strong>festi</strong></span> <span class='ocrx_word' id='word_1_214' title='bbox 270 1720 364 1770; x_wconf 87' lang='lat' dir='ltr'><strong>dies,</strong></span> <span class='ocrx_word' id='word_1_215' title='bbox 391 1723 518 1761; x_wconf 90' lang='lat' dir='ltr'><strong>omnis</strong></span> <span class='ocrx_word' id='word_1_216' title='bbox 545 1722 705 1760; x_wconf 88' lang='lat' dir='ltr'><strong>laetitia</strong></span> <span class='ocrx_word' id='word_1_217' title='bbox 731 1722 815 1761; x_wconf 86' lang='lat' dir='ltr'><strong>sine</strong></span> <span class='ocrx_word' id='word_1_218' title='bbox 841 1723 937 1772; x_wconf 86' lang='lat' dir='ltr'><strong>filio,</strong></span> <span class='ocrx_word' id='word_1_219' title='bbox 963 1736 1044 1762; x_wconf 89' lang='lat' dir='ltr'><strong>non</strong></span> <span class='ocrx_word' id='word_1_220' title='bbox 1065 1722 1299 1773; x_wconf 87' lang='lat' dir='ltr'><strong>adloquitur</strong></span> <span class='ocrx_word' id='word_1_221' title='bbox 1322 1722 1535 1770; x_wconf 84' lang='lat' dir='ltr'><strong>maestum,</strong></span> 
     </span>
     <span class='ocr_line' id='line_1_29' title="bbox 155 1781 1535 1835; baseline -0.001 -15"><span class='ocrx_word' id='word_1_222' title='bbox 155 1794 236 1820; x_wconf 90' lang='lat' dir='ltr'><strong>non</strong></span> <span class='ocrx_word' id='word_1_223' title='bbox 269 1781 424 1820; x_wconf 83' lang='lat' dir='ltr'><strong>adsidet</strong></span> <span class='ocrx_word' id='word_1_224' title='bbox 454 1782 523 1820; x_wconf 88' lang='lat' dir='ltr'><strong>ille</strong></span> <span class='ocrx_word' id='word_1_225' title='bbox 554 1783 774 1834; x_wconf 87' lang='lat' dir='ltr'><strong>languenti.</strong></span> <span class='ocrx_word' id='word_1_226' title='bbox 838 1784 1090 1835; x_wconf 80' lang='lat' dir='ltr'><strong>gratissimus</strong></span> <span class='ocrx_word' id='word_1_227' title='bbox 1124 1783 1306 1834; x_wconf 83' lang='lat' dir='ltr'><strong>quisquis</strong></span> <span class='ocrx_word' id='word_1_228' title='bbox 1339 1781 1387 1821; x_wconf 92' lang='lat' dir='ltr'><strong>de</strong></span> <span class='ocrx_word' id='word_1_229' title='bbox 1419 1781 1535 1820; x_wconf 91' lang='lat' dir='ltr'><strong>nobis</strong></span> 
     </span>
    </p>
   </div>
   <div class='ocr_carea' id='block_1_4' title="bbox 156 1897 1538 2004">
    <p class='ocr_par' dir='ltr' id='par_1_5' title="bbox 156 1897 1538 2004">
     <span class='ocr_line' id='line_1_30' title="bbox 256 1897 1538 1956; baseline 0.001 -13"><span class='ocrx_word' id='word_1_230' title='bbox 256 1912 274 1943; x_wconf 93' lang='lat'>1</span> <span class='ocrx_word' id='word_1_231' title='bbox 300 1919 393 1944; x_wconf 88' lang='lat' dir='ltr'><strong>una:</strong></span> <span class='ocrx_word' id='word_1_232' title='bbox 421 1909 477 1944; x_wconf 86' lang='lat' dir='ltr'><strong>ita</strong></span> <span class='ocrx_word' id='word_1_233' title='bbox 502 1915 529 1943; x_wconf 77' lang='lat' dir='ltr'><strong><em>V</em></strong></span> <span class='ocrx_word' id='word_1_234' title='bbox 599 1897 841 1955; x_wconf 54' lang='lat' dir='ltr'><strong>completitur</strong></span> <span class='ocrx_word' id='word_1_235' title='bbox 860 1917 898 1945; x_wconf 79' lang='grc' dir='ltr'><strong><em>Β</em></strong></span> <span class='ocrx_word' id='word_1_236' title='bbox 970 1914 990 1945; x_wconf 89' lang='lat'>5</span> <span class='ocrx_word' id='word_1_237' title='bbox 1012 1910 1185 1956; x_wconf 82' lang='lat' dir='ltr'><strong>accipere</strong></span> <span class='ocrx_word' id='word_1_238' title='bbox 1204 1916 1290 1953; x_wconf 70' lang='lat' dir='ltr'><strong>8ng</strong></span> <span class='ocrx_word' id='word_1_239' title='bbox 1359 1913 1380 1945; x_wconf 83' lang='lat'><strong>6</strong></span> <span class='ocrx_word' id='word_1_240' title='bbox 1406 1909 1538 1945; x_wconf 85' lang='lat' dir='ltr'><strong>laxen-</strong></span> 
     </span>
     <span class='ocr_line' id='line_1_31' title="bbox 156 1956 1538 2004; baseline 0.001 -13"><span class='ocrx_word' id='word_1_241' title='bbox 156 1957 219 1992; x_wconf 88' lang='lat' dir='ltr'><strong>tur</strong></span> <span class='ocrx_word' id='word_1_242' title='bbox 244 1963 295 2001; x_wconf 80' lang='lat' dir='ltr'><strong>B3</strong></span> <span class='ocrx_word' id='word_1_243' title='bbox 321 1956 513 1992; x_wconf 85' lang='lat' dir='ltr'><strong>lassantur</strong></span> <span class='ocrx_word' id='word_1_244' title='bbox 537 1964 565 1991; x_wconf 77' lang='lat' dir='ltr'><strong><em>V</em></strong></span> <span class='ocrx_word' id='word_1_245' title='bbox 670 1958 835 1993; x_wconf 86' lang='lat' dir='ltr'><strong>deducta</strong></span> <span class='ocrx_word' id='word_1_246' title='bbox 859 1965 903 2001; x_wconf 63' lang='grc' dir='ltr'><strong>νβ</strong></span> <span class='ocrx_word' id='word_1_247' title='bbox 1011 1960 1194 2004; x_wconf 81' lang='lat' dir='ltr'><strong>pereunte</strong></span> <span class='ocrx_word' id='word_1_248' title='bbox 1220 1965 1291 1994; x_wconf 80' lang='lat' dir='ltr'><strong>BV</strong></span> <span class='ocrx_word' id='word_1_249' title='bbox 1396 1961 1415 1993; x_wconf 84' lang='grc'><strong>7</strong></span> <span class='ocrx_word' id='word_1_250' title='bbox 1442 1958 1538 1993; x_wconf 86' lang='lat' dir='ltr'><strong>tem-</strong></span> 
     </span>
    </p>
   </div>
   <div class='ocr_carea' id='block_1_5' title="bbox 157 1996 1538 2150">
    <p class='ocr_par' dir='ltr' id='par_1_6' title="bbox 157 1996 1538 2150">
     <span class='ocr_line' id='line_1_32' title="bbox 157 1996 1537 2054; baseline -0.001 -14"><span class='ocrx_word' id='word_1_251' title='bbox 157 2015 250 2051; x_wconf 78' lang='lat' dir='ltr'><strong>pore</strong></span> <span class='ocrx_word' id='word_1_252' title='bbox 276 2014 296 2047; x_wconf 71' lang='grc' dir='ltr'><strong><em>β</em></strong></span> <span class='ocrx_word' id='word_1_253' title='bbox 418 1996 597 2041; x_wconf 66' lang='lat' dir='ltr'><strong>defleefflt</strong></span> <span class='ocrx_word' id='word_1_254' title='bbox 621 2012 658 2040; x_wconf 83' lang='lat' dir='ltr'><em>B</em></span> <span class='ocrx_word' id='word_1_255' title='bbox 785 2010 828 2041; x_wconf 90' lang='lat'><strong>11</strong></span> <span class='ocrx_word' id='word_1_256' title='bbox 857 2007 1097 2043; x_wconf 70' lang='lat' dir='ltr'><strong>adolesoiunt</strong></span> <span class='ocrx_word' id='word_1_257' title='bbox 1126 2014 1164 2043; x_wconf 80' lang='lat' dir='ltr'><em>B</em></span> <span class='ocrx_word' id='word_1_258' title='bbox 1194 2007 1221 2054; x_wconf 88' lang='lat' dir='ltr'><strong>(i</strong></span> <span class='ocrx_word' id='word_1_259' title='bbox 1247 2006 1315 2043; x_wconf 74' lang='lat' dir='ltr'><strong>dez.</strong></span> <span class='ocrx_word' id='word_1_260' title='bbox 1347 2011 1386 2041; x_wconf 75' lang='lat' dir='ltr'><em>B</em></span> <span class='ocrx_word' id='word_1_261' title='bbox 1413 2006 1469 2042; x_wconf 81' lang='lat' dir='ltr'><strong>vez</strong></span> <span class='ocrx_word' id='word_1_262' title='bbox 1499 2007 1537 2052; x_wconf 69' lang='grc' dir='ltr'><strong>ι)</strong></span> 
     </span>
     <span class='ocr_line' id='line_1_33' title="bbox 159 2052 1467 2101; baseline 0.003 -14"><span class='ocrx_word' id='word_1_263' title='bbox 159 2057 203 2088; x_wconf 89' lang='grc'><strong>12</strong></span> <span class='ocrx_word' id='word_1_264' title='bbox 231 2052 478 2089; x_wconf 87' lang='lat' dir='ltr'><strong>difficultates</strong></span> <span class='ocrx_word' id='word_1_265' title='bbox 503 2060 532 2088; x_wconf 84' lang='lat' dir='ltr'><em>V</em></span> <span class='ocrx_word' id='word_1_266' title='bbox 623 2054 813 2101; x_wconf 73' lang='lat' dir='ltr'><strong>incipiasst</strong></span> <span class='ocrx_word' id='word_1_267' title='bbox 838 2061 875 2090; x_wconf 82' lang='lat' dir='ltr'><em>B</em></span> <span class='ocrx_word' id='word_1_268' title='bbox 972 2060 1016 2091; x_wconf 88' lang='grc'>13</span> <span class='ocrx_word' id='word_1_269' title='bbox 1042 2056 1164 2091; x_wconf 87' lang='lat' dir='ltr'><strong>filium</strong></span> <span class='ocrx_word' id='word_1_270' title='bbox 1189 2067 1266 2091; x_wconf 89' lang='lat' dir='ltr'><strong>non</strong></span> <span class='ocrx_word' id='word_1_271' title='bbox 1291 2065 1420 2091; x_wconf 79' lang='lat' dir='ltr'><strong>amare</strong></span> <span class='ocrx_word' id='word_1_272' title='bbox 1446 2063 1467 2097; x_wconf 80' lang='grc' dir='ltr'><strong><em>β</em></strong></span> 
     </span>
     <span class='ocr_line' id='line_1_34' title="bbox 157 2100 1538 2150; baseline -0.001 -12"><span class='ocrx_word' id='word_1_273' title='bbox 157 2100 353 2147; x_wconf 85' lang='lat' dir='ltr'><strong>accipiunt</strong></span> <span class='ocrx_word' id='word_1_274' title='bbox 375 2108 412 2136; x_wconf 80' lang='lat' dir='ltr'><em>B</em></span> <span class='ocrx_word' id='word_1_275' title='bbox 534 2106 577 2137; x_wconf 86' lang='lat'><strong>14</strong></span> <span class='ocrx_word' id='word_1_276' title='bbox 603 2102 809 2138; x_wconf 85' lang='lat' dir='ltr'><strong>reddituris</strong></span> <span class='ocrx_word' id='word_1_277' title='bbox 841 2110 869 2137; x_wconf 82' lang='lat' dir='ltr'><strong><em>V</em></strong></span> <span class='ocrx_word' id='word_1_278' title='bbox 982 2108 1024 2139; x_wconf 87' lang='lat'><strong>15</strong></span> <span class='ocrx_word' id='word_1_279' title='bbox 1051 2103 1238 2150; x_wconf 81' lang='lat' dir='ltr'><strong>liberique</strong></span> <span class='ocrx_word' id='word_1_280' title='bbox 1271 2115 1316 2140; x_wconf 69' lang='lat' dir='ltr'><strong>em</strong></span> <span class='ocrx_word' id='word_1_281' title='bbox 1339 2102 1538 2148; x_wconf 84' lang='lat' dir='ltr'><strong>liberaque</strong></span> 
     </span>
    </p>
   </div>
   <div class='ocr_carea' id='block_1_6' title="bbox 157 2152 1540 2221">
    <p class='ocr_par' dir='ltr' id='par_1_7' title="bbox 157 2152 1540 2221">
     <span class='ocr_line' id='line_1_35' title="bbox 157 2152 1540 2221; baseline 0.001 -12"><span class='ocrx_word' id='word_1_282' title='bbox 157 2180 201 2210; x_wconf 75' lang='grc' dir='ltr'><em>Μ</em></span> <span class='ocrx_word' id='word_1_283' title='bbox 316 2177 360 2209; x_wconf 89' lang='grc'><strong>16</strong></span> <span class='ocrx_word' id='word_1_284' title='bbox 394 2173 502 2209; x_wconf 87' lang='lat' dir='ltr'><strong>simel</strong></span> <span class='ocrx_word' id='word_1_285' title='bbox 533 2181 561 2209; x_wconf 83' lang='lat' dir='ltr'><strong><em>V</em></strong></span> <span class='ocrx_word' id='word_1_286' title='bbox 679 2179 723 2210; x_wconf 87' lang='grc'><strong>18</strong></span> <span class='ocrx_word' id='word_1_287' title='bbox 757 2175 876 2211; x_wconf 83' lang='lat' dir='ltr'><strong>caluit</strong></span> <span class='ocrx_word' id='word_1_288' title='bbox 906 2182 934 2210; x_wconf 82' lang='lat' dir='ltr'><em>V</em></span> <span class='ocrx_word' id='word_1_289' title='bbox 1045 2180 1090 2212; x_wconf 88' lang='grc'><strong>20</strong></span> <span class='ocrx_word' id='word_1_290' title='bbox 1124 2152 1368 2212; x_wconf 69' lang='lat' dir='ltr'><strong>abdicath</strong></span> <span class='ocrx_word' id='word_1_291' title='bbox 1451 2185 1540 2221; x_wconf 80' lang='lat' dir='ltr'><strong>-pa-</strong></span> 
     </span>
    </p>
   </div>
   <div class='ocr_carea' id='block_1_7' title="bbox 157 2235 1540 2343">
    <p class='ocr_par' dir='ltr' id='par_1_8' title="bbox 157 2235 1540 2343">
     <span class='ocr_line' id='line_1_36' title="bbox 157 2235 1539 2293; baseline 0.001 -12"><span class='ocrx_word' id='word_1_292' title='bbox 157 2245 244 2282; x_wconf 84' lang='lat' dir='ltr'><strong>triis</strong></span> <span class='ocrx_word' id='word_1_293' title='bbox 270 2253 298 2281; x_wconf 65' lang='lat' dir='ltr'><strong>o*</strong></span> <span class='ocrx_word' id='word_1_294' title='bbox 392 2250 437 2281; x_wconf 86' lang='lat'><strong>21</strong></span> <span class='ocrx_word' id='word_1_295' title='bbox 463 2246 593 2293; x_wconf 60' lang='lat' dir='ltr'><strong>venit}</strong></span> <span class='ocrx_word' id='word_1_296' title='bbox 618 2253 661 2282; x_wconf 81' lang='lat' dir='ltr'><em>M</em></span> <span class='ocrx_word' id='word_1_297' title='bbox 737 2237 1018 2283; x_wconf 65' lang='lat' dir='ltr'><strong>exhortatione*³</strong></span> <span class='ocrx_word' id='word_1_298' title='bbox 1044 2248 1202 2284; x_wconf 82' lang='lat' dir='ltr'><strong>frustra:</strong></span> <span class='ocrx_word' id='word_1_299' title='bbox 1230 2235 1370 2284; x_wconf 72' lang='lat' dir='ltr'><strong>-tione⁸</strong></span> <span class='ocrx_word' id='word_1_300' title='bbox 1396 2246 1539 2283; x_wconf 83' lang='lat' dir='ltr'><strong>frustra</strong></span> 
     </span>
     <span class='ocr_line' id='line_1_37' title="bbox 159 2296 1540 2343; baseline 0 -13"><span class='ocrx_word' id='word_1_301' title='bbox 159 2305 228 2331; x_wconf 86' lang='lat' dir='ltr'><strong>om.</strong></span> <span class='ocrx_word' id='word_1_302' title='bbox 249 2301 295 2339; x_wconf 82' lang='lat' dir='ltr'><strong>B,</strong></span> <span class='ocrx_word' id='word_1_303' title='bbox 321 2296 363 2331; x_wconf 77' lang='lat' dir='ltr'><strong>in</strong></span> <span class='ocrx_word' id='word_1_304' title='bbox 381 2306 497 2341; x_wconf 76' lang='lat' dir='ltr'><strong>mary.</strong></span> <span class='ocrx_word' id='word_1_305' title='bbox 525 2296 611 2331; x_wconf 84' lang='lat' dir='ltr'><strong>add.</strong></span> <span class='ocrx_word' id='word_1_306' title='bbox 634 2303 657 2330; x_wconf 75' lang='lat' dir='ltr'><strong><em>b</em></strong></span> <span class='ocrx_word' id='word_1_307' title='bbox 780 2299 825 2331; x_wconf 86' lang='grc'><strong>22</strong></span> <span class='ocrx_word' id='word_1_308' title='bbox 853 2296 994 2332; x_wconf 87' lang='lat' dir='ltr'><strong>desinit</strong></span> <span class='ocrx_word' id='word_1_309' title='bbox 1020 2309 1086 2333; x_wconf 85' lang='lat' dir='ltr'><strong>om.</strong></span> <span class='ocrx_word' id='word_1_310' title='bbox 1108 2303 1154 2342; x_wconf 80' lang='grc' dir='ltr'><strong>Β,</strong></span> <span class='ocrx_word' id='word_1_311' title='bbox 1180 2309 1282 2343; x_wconf 76' lang='lat' dir='ltr'><strong>supr.</strong></span> <span class='ocrx_word' id='word_1_312' title='bbox 1304 2303 1328 2331; x_wconf 72' lang='lat' dir='ltr'><strong><em>b</em></strong></span> <span class='ocrx_word' id='word_1_313' title='bbox 1439 2306 1540 2331; x_wconf 83' lang='lat' dir='ltr'><strong>unus</strong></span> 
     </span>
    </p>
   </div>
   <div class='ocr_carea' id='block_1_8' title="bbox 158 2343 1540 2438">
    <p class='ocr_par' dir='ltr' id='par_1_9' title="bbox 158 2343 1540 2438">
     <span class='ocr_line' id='line_1_38' title="bbox 158 2343 1540 2394; baseline 0.001 -16"><span class='ocrx_word' id='word_1_314' title='bbox 158 2343 267 2386; x_wconf 71' lang='lat' dir='ltr'><strong>cuius</strong></span> <span class='ocrx_word' id='word_1_315' title='bbox 294 2343 418 2378; x_wconf 79' lang='lat' dir='ltr'><strong>exitus</strong></span> <span class='ocrx_word' id='word_1_316' title='bbox 442 2349 477 2378; x_wconf 78' lang='lat' dir='ltr'><em>J</em></span> <span class='ocrx_word' id='word_1_317' title='bbox 571 2347 614 2378; x_wconf 83' lang='lat'><strong>23</strong></span> <span class='ocrx_word' id='word_1_318' title='bbox 642 2345 695 2379; x_wconf 86' lang='lat' dir='ltr'><strong>et:</strong></span> <span class='ocrx_word' id='word_1_319' title='bbox 725 2343 754 2394; x_wconf 68' lang='grc'>9</span> <span class='ocrx_word' id='word_1_320' title='bbox 782 2350 818 2378; x_wconf 88' lang='grc' dir='ltr'><strong><em>Ρ</em></strong></span> <span class='ocrx_word' id='word_1_321' title='bbox 900 2344 1018 2380; x_wconf 83' lang='lat' dir='ltr'><strong>habes</strong></span> <span class='ocrx_word' id='word_1_322' title='bbox 1043 2352 1114 2380; x_wconf 83' lang='lat' dir='ltr'><strong>BV</strong></span> <span class='ocrx_word' id='word_1_323' title='bbox 1207 2349 1251 2381; x_wconf 77' lang='grc'><strong>27</strong></span> <span class='ocrx_word' id='word_1_324' title='bbox 1279 2344 1540 2391; x_wconf 84' lang='lat' dir='ltr'><strong>gratissimum</strong></span> 
     </span>
     <span class='ocr_line' id='line_1_39' title="bbox 158 2390 1496 2438; baseline 0.001 -11"><span class='ocrx_word' id='word_1_325' title='bbox 158 2398 202 2427; x_wconf 76' lang='lat' dir='ltr'><em>M</em></span> <span class='ocrx_word' id='word_1_326' title='bbox 298 2391 345 2427; x_wconf 86' lang='lat' dir='ltr'><strong>de</strong></span> <span class='ocrx_word' id='word_1_327' title='bbox 371 2390 481 2427; x_wconf 86' lang='lat' dir='ltr'><strong>nobis</strong></span> <span class='ocrx_word' id='word_1_328' title='bbox 496 2413 541 2418; x_wconf 78' lang='lat'><strong>——</strong></span> <span class='ocrx_word' id='word_1_329' title='bbox 556 2391 728 2438; x_wconf 86' lang='lat' dir='ltr'><strong>quisquis</strong></span> <span class='ocrx_word' id='word_1_330' title='bbox 749 2404 789 2438; x_wconf 78' lang='lat' dir='ltr'><strong>p.</strong></span> <span class='ocrx_word' id='word_1_331' title='bbox 811 2395 930 2437; x_wconf 87' lang='lat'><strong><em>313‚1</em></strong></span> <span class='ocrx_word' id='word_1_332' title='bbox 957 2405 1024 2429; x_wconf 86' lang='lat' dir='ltr'><strong>om.</strong></span> <span class='ocrx_word' id='word_1_333' title='bbox 1046 2401 1085 2438; x_wconf 82' lang='lat' dir='ltr'><strong>J,</strong></span> <span class='ocrx_word' id='word_1_334' title='bbox 1113 2394 1199 2430; x_wconf 82' lang='lat' dir='ltr'><strong>add.</strong></span> <span class='ocrx_word' id='word_1_335' title='bbox 1221 2401 1236 2428; x_wconf 67' lang='grc' dir='ltr'><strong>ί</strong></span> <span class='ocrx_word' id='word_1_336' title='bbox 1492 2403 1496 2405; x_wconf 69' lang='grc'><strong><em>’</em></strong></span> 
     </span>
    </p>
   </div>
   <div class='ocr_carea' id='block_1_9' title="bbox 1546 764 1581 790">
    <p class='ocr_par' dir='ltr' id='par_1_10' title="bbox 1546 764 1581 790">
     <span class='ocr_line' id='line_1_40' title="bbox 1546 764 1581 790; baseline 0 0"><span class='ocrx_word' id='word_1_337' title='bbox 1546 764 1581 790; x_wconf 86' lang='grc'><strong>10</strong></span> 
     </span>
    </p>
   </div>
   <div class='ocr_carea' id='block_1_10' title="bbox 1548 1066 1584 1094">
    <p class='ocr_par' dir='ltr' id='par_1_11' title="bbox 1548 1066 1584 1094">
     <span class='ocr_line' id='line_1_41' title="bbox 1548 1066 1584 1094; baseline -0.028 0"><span class='ocrx_word' id='word_1_338' title='bbox 1548 1066 1584 1094; x_wconf 86' lang='grc'><strong>15</strong></span> 
     </span>
    </p>
   </div>
   <div class='ocr_carea' id='block_1_11' title="bbox 1551 1369 1588 1396">
    <p class='ocr_par' dir='ltr' id='par_1_12' title="bbox 1551 1369 1588 1396">
     <span class='ocr_line' id='line_1_42' title="bbox 1551 1369 1588 1396; baseline -0.027 0"><span class='ocrx_word' id='word_1_339' title='bbox 1551 1369 1588 1396; x_wconf 77' lang='lat'><strong>2⁰</strong></span> 
     </span>
    </p>
   </div>
   <div class='ocr_carea' id='block_1_12' title="bbox 1553 1672 1590 1699">
    <p class='ocr_par' dir='ltr' id='par_1_13' title="bbox 1553 1672 1590 1699">
     <span class='ocr_line' id='line_1_43' title="bbox 1553 1672 1590 1699; baseline 0 0"><span class='ocrx_word' id='word_1_340' title='bbox 1553 1672 1590 1699; x_wconf 74' lang='lat'><strong>25</strong></span> 
     </span>
    </p>
   </div>
  </div>
 </body>
</html>
