1638 2560
226 113 313 155 268
754 109 855 145 0D11
879 107 1024 145 ΡΟΤΙΟ
1049 107 1067 143 1

226 229 353 266 tatem
378 228 417 265 in
452 226 693 276 lupanarum
718 224 908 274 obsequia
934 223 1232 273 transtuleram,
1263 220 1357 260 inde
1382 219 1598 260 veniebant

227 288 359 338 pallor
397 289 436 326 et
472 286 654 324 informis
698 285 845 324 macies
889 283 994 322 unde
1035 295 1158 332 nunc,
1200 281 1308 332 quod
1345 280 1598 331 excandesco,

229 347 333 398 quod
365 348 503 385 fremo.
1287 376 1289 378 .

178 409 204 445 4
319 408 538 457 Nunquam
556 407 631 445 hoc
656 407 816 444 tantum
840 405 1030 443 meretrix
1055 403 1131 443 scit
1156 401 1495 454 quemadmodum
1518 414 1600 441 non

227 470 391 506 ametur.
455 466 562 517 quod
604 467 744 518 negari
786 466 923 517 igitur,
966 464 1136 514 iudices,
1181 476 1272 502 non>
1298 464 1451 514 potest,
1487 461 1598 502 virus
1636 488 1638 499 2

226 528 383 566 homine
415 527 581 576 firmius,
613 528 745 565 mente
777 526 1038 574 constantius,
1070 523 1178 575 quod
1209 523 1412 563 inmodico
1445 522 1599 562 ardoris

228 590 340 627 aestu
385 590 425 626 et
469 587 693 626 exundante
735 586 977 637 inpatientia
1026 586 1156 636 possit
1205 585 1330 624 etiam
1377 583 1600 623 recusantis

228 648 351 687 animi
383 648 561 687 dolorem
587 659 831 697 conpescere,
865 646 963 684 diris
989 647 1129 695 utique
1156 645 1400 684 carminibus
1431 645 1472 683 et
1496 643 1601 683 fera-

227 709 327 747 lium
364 709 640 759 precationum
677 708 829 746 terrore
872 706 1134 757 permixtum,
1178 706 1348 745 lenitate
1385 705 1523 744 vultus
1561 704 1602 743 et

227 769 377 808 blanda
407 768 649 820 porrigentis
682 767 1000 807 dissimulatione
1037 768 1264 817 protectum
1300 767 1384 805 iam
1414 765 1600 816 perustis,
1621 779 1635 804 ι

227 831 309 868 iam
346 829 622 868 laborantibus
660 828 877 868 visceribus
915 827 1066 866 infudit
1110 828 1150 866 et
1193 827 1397 866 hominem
1440 825 1601 866 solaciis

227 890 371 940 potius.
393 902 439 928 ac
470 889 653 928 mollium
678 889 946 928 remediorum
970 889 1127 927 ratione
1158 887 1417 926 tractandum
1442 898 1602 937 exaspe-

228 950 335 989 ravit
371 950 450 999 ira,
489 950 625 988 dolore
664 949 859 988 conclusit
895 960 1122 1000 magnaque
1157 949 1350 987 miserum
1381 948 1601 988 commuta-

228 1011 338 1049 tione
368 1011 590 1050 renovavit.
654 1023 705 1048 an
737 1010 895 1059 fecerit,
926 1009 1090 1058 iudices,
1122 1010 1169 1047 ut
1201 1021 1336 1048 amare
1368 1007 1601 1057 desiderem,

230 1083 300 1109 vos
332 1070 630 1120 existimabitis3
663 1071 769 1119 fecit,
802 1071 848 1108 ut
880 1082 1015 1108 amare
1045 1069 1220 1108 mallem.
1272 1068 1507 1119 explicitum
1537 1080 1601 1106 me
1621 1082 1635 1107 1

230 1132 382 1182 putatis
428 1132 468 1169 et
511 1130 559 1169 ab
603 1130 855 1169 incommodo
899 1130 1132 1169 hilariorem
1181 1127 1423 1169 dimissum?
1483 1141 1601 1178 nunc,

230 1204 335 1230 nunc
377 1205 441 1229 me
484 1192 614 1230 fateor
658 1191 798 1230 debere
837 1191 981 1230 sanari.
1044 1190 1167 1230 habet
1205 1189 1369 1241 aliquod
1408 1188 1602 1229 solacium

231 1252 411 1302 quisquis
451 1253 493 1289 in
526 1264 660 1290 amore
697 1252 819 1291 miser
850 1253 920 1290 est.
984 1251 1111 1290 levior
1148 1251 1358 1290 calamitas
1390 1250 1455 1290 cui
1488 1249 1602 1289 blan·-

230 1312 339 1350 ditur
371 1312 525 1362 aliquid
557 1312 604 1351 de
636 1312 846 1362 voluptate
883 1312 1052 1350 laetitia.
1115 1325 1221 1351 nunc
1258 1311 1398 1350 infelix
1429 1322 1524 1349 uror
1555 1322 1602 1349 ac

230 1372 394 1421 laceror,
431 1385 536 1411 nunc
573 1374 745 1411 retinere
782 1374 974 1421 mentem,
1009 1384 1115 1410 nunc
1145 1385 1283 1424 regere
1315 1384 1396 1410 non
1426 1383 1599 1422 possum.
1620 1384 1638 1410 2

182 1434 206 1469 ὅ
234 1432 430 1471 crudelius
463 1434 524 1472 est
555 1433 683 1472 odisse
715 1434 975 1472 meretricem.
1039 1431 1221 1472 veneficii
1253 1444 1341 1484 ago.

322 1492 506 1543 Seposita
549 1494 770 1544 paulisper,
820 1493 990 1542 iudices,
1039 1492 1183 1532 noxiae
1226 1493 1404 1543 potionis
1447 1491 1603 1531 invidia

231 1565 360 1598 nonne
392 1553 504 1592 vobis
537 1553 696 1592 videtur
732 1554 900 1603 implere
938 1554 1096 1593 sceleris
1133 1553 1253 1592 fidem
1288 1553 1395 1603 quod
1433 1552 1604 1592 abstulit

230 1612 349 1651 fidem
388 1614 567 1653 condicio
603 1613 825 1664 personae?
885 1613 1138 1663 veneficium,
1178 1614 1348 1664 iudices,
1388 1614 1478 1652 tota
1515 1613 1603 1652 vita

231 1674 450 1712 meretricis
483 1676 553 1713 est.
615 1687 758 1724 parum
791 1687 831 1713 se
863 1675 1090 1724 lenociniis,
1130 1687 1273 1725 parum
1304 1667 1454 1724 putant
1485 1686 1602 1726 agere
1621 1686 1638 1712 2

237 1847 239 1850 ι
330 1804 347 1835 1
381 1800 622 1846 lupanarium
649 1810 714 1844 ασς
747 1803 792 1846 cf.
821 1802 924 1837 Dese.
954 1802 1091 1837 Archiv
1115 1802 1143 1846 f.
1165 1801 1229 1838 lat.
1249 1801 1340 1837 Leoe.
1362 1801 1438 1845 XI,
1458 1803 1530 1837 133

230 1848 408 1884 veniebat
433 1857 461 1883 <r
543 1854 563 1884 2
590 1849 768 1885 deformis
795 1858 822 1884 «r
905 1854 925 1885 5
952 1860 1093 1896 negare
1120 1859 1139 1892 β
1232 1853 1253 1885 6
1279 1849 1407 1885 firmus
1434 1855 1483 1894 11,
1509 1856 1601 1885 com

231 1904 260 1936 ιι
334 1890 474 1946 imente
499 1904 536 1932 Β
634 1902 651 1932 7
680 1898 888 1956 exsudante
917 1904 1040 1942 Βνβσς
1071 1898 1261 1956 exudante
1287 1904 1331 1933 M
1400 1897 1603 1944 impatien-

230 1958 326 1993 tiam
343 1964 378 1992 P
450 1961 470 1992 9
496 1958 781 2003 praecationum
800 1960 916 1994 trore:
945 1958 1107 1994 -tionum
1128 1960 1180 1994 tr·
1200 1959 1242 1994 in
1260 1970 1334 1995 ras.
1349 1964 1401 2002 B3
1421 1967 1604 2004 praecan-

230 2006 419 2041 tationum
447 2015 467 2040 ς
551 2007 731 2041 terrorem
758 2015 777 2049 β
876 2010 920 2041 10
947 2006 1201 2043 dissimulatio
1226 2013 1255 2041 V
1291 2009 1295 2012 ”
1333 2006 1545 2052 proiectum
1565 2011 1608 2041 Μ

233 2058 276 2094 11
305 2054 467 2090 ominem
493 2060 538 2098 B,
565 2066 655 2090 corr.
679 2062 700 2088 b
813 2059 858 2090 14
882 2055 1082 2090 renodavit
1109 2055 1174 2091 Gr.
1274 2055 1485 2090 desinerem
1511 2062 1533 2089 ς·

232 2106 286 2138 15.
310 2102 609 2138 exaestimabitis
635 2109 686 2146 B,
720 2103 972 2139 aestimabitis
998 2110 1037 2147 ἢ
1071 2114 1115 2138 ex
1142 2103 1372 2139 estimabitis
1392 2109 1448 2147 M3
1475 2102 1604 2138 existi-

229 2150 383 2187 mabilie
410 2156 436 2185 S
518 2152 562 2185 ut
586 2162 653 2186 om.
675 2158 738 2185 ιω
829 2155 871 2186 16
897 2151 1076 2187 hilariore
1102 2158 1216 2195 Brscr
1310 2151 1514 2187 demissum
1539 2156 1610 2186 BV

231 2226 275 2259 17
303 2211 465 2270 debere}
489 2230 516 2257 V
628 2234 761 2258 sanare
787 2230 814 2257 V
934 2227 977 2259 18
1002 2213 1139 2272 levitor
1163 2230 1215 2269 B;
1241 2224 1360 2260 levior
1385 2225 1443 2259 est
1468 2229 1512 2258 Μ

230 2275 276 2308 19
303 2282 347 2307 ac
371 2271 531 2308 laceror:
561 2271 748 2307 acceleror
774 2278 800 2306 S
899 2276 940 2307 21
970 2277 1055 2308 ante
1081 2284 1152 2318 ago
1179 2273 1265 2309 add.
1288 2283 1442 2308 eausam
1454 2277 1512 2330 κΜ

1453 2328 1478 2338 ae

229 2356 275 2392 22
304 2356 496 2392 noxae-B
609 2360 653 2391 23
681 2357 781 2401 quod
809 2356 968 2391 abstulit
994 2357 1106 2392 fidem
1132 2368 1199 2394 om.
1221 2364 1253 2392 J
1366 2360 1412 2392 24
1436 2335 1544 2403 ’ἔξω
1569 2361 1607 2390 Β

233 2408 278 2440 25
305 2411 439 2451 parum
466 2415 505 2440 se
530 2403 729 2440 lenociniis
756 2416 822 2440 om.
845 2411 871 2439 s
