1638 2560
533 81 855 118 DECLAMATIO
880 80 967 117 xm
989 85 1093 117 1-2,
1417 79 1506 124 247

126 210 216 238 811111
245 199 333 238 tam
362 198 501 249 parvis
527 198 651 236 8118111
676 197 824 236 divites
857 198 1117 246 moveantur,
1149 198 1191 235 et
1214 195 1334 245 mihi,
1368 208 1509 246 quam-

126 272 249 310 quam
278 271 404 310 prope
434 258 537 297 nihil
566 259 651 297 iam
681 257 870 297 relictum
901 259 964 296 est
988 257 1098 308 quod
1127 256 1349 308 perderem,
1380 256 1416 295 si
1446 259 1508 295 18-

125 333 217 359 111811
240 320 322 359 1318
350 320 517 370 impune
542 318 778 358 sustinenda
803 319 897 367 sint,
917 318 1113 358 solacium
1138 318 1218 356 erit
1241 318 1347 357 iram
1371 318 1508 368 potius

126 393 249 431 quam
273 381 548 430 contemptum
578 380 680 430 pati.
730 391 803 418 nec
834 392 930 419 sane
962 380 1071 418 vitae
1103 391 1227 418 causa
1257 379 1342 418 iam
1372 390 1508 429 super-

90 455 109 483 3
127 442 201 490 831,
229 441 266 480 31
295 439 350 480 811
374 442 529 480 8818183
559 439 805 479 humilitatis
831 441 992 478 nostrae
1019 439 1285 478 contumelias
1310 439 1387 478 hoc
1412 451 1510 489 quo·

126 514 205 552 que
241 500 425 550 accedat,
462 502 527 550 ut,
565 501 601 540 si
630 501 824 540 habemus
856 498 1032 550 aliquid,
1068 499 1328 551 migrandum
1364 499 1436 548 sit,
1475 499 1509 538 si

121 561 386 613 perdidimus,
416 561 642 600 tacendum
693 575 819 600 unum
851 573 935 610 oro,
966 573 1015 599 ne
1047 561 1114 599 cui
1143 561 1277 599 minor
1308 530 1510 628 dignitate

126 623 263 662 vestra
293 622 481 662 videatur
517 634 639 662 causa
676 622 763 661 11113
800 634 924 661 meae.
987 623 1083 660 ante
1114 622 1251 660 omnia
1289 622 1397 660 enim
1428 633 1509 660 non

126 682 282 722 debetis
307 684 528 735 expectare,
554 682 624 721 ubi
648 695 804 734 pauper
827 695 979 734 magna
1002 681 1265 733 perdiderim.
1291 681 1361 721 sed
1385 694 1510 732 quan-

72 759 109 785 10
125 744 260 785 tulum
291 745 353 784 est
384 743 491 794 quod
523 743 739 783 abstulerit
768 743 871 782 mihi
902 742 1027 792 dives,
1058 742 1191 782 minus
1222 744 1284 782 est
1311 742 1419 792 quod
1450 755 1512 781 re·

125 804 259 855 liquit.
322 805 364 843 et
399 807 536 844 tamen
568 803 658 854 quis
695 804 933 856 indignatur
967 816 1062 854 apes
1094 803 1268 843 formula
1299 803 1512 852 vindicari,

127 878 219 905 811111
250 866 414 904 venenis
447 866 571 904 etiam
601 864 761 904 flosculi
791 863 1074 904 vindicentur?
1131 877 1234 915 quae
1265 865 1416 912 tamen,
1450 865 1511 902 iu-

126 925 248 975 dices,
279 938 512 976 quanquam
544 938 706 965 eversus
738 927 780 964 et
810 925 861 964 ab
893 926 1003 964 omni
1029 938 1099 975 spe
1131 924 1306 964 tuendae
1338 937 1510 975 pauper-

125 987 226 1026 tatis
257 986 457 1035 exclusus,
489 986 679 1037 aequiore
717 986 852 1025 animo
892 986 1028 1025 omnia
1058 986 1294 1035 tolerarem,
1332 986 1367 1024 si
1399 986 1511 1024 cuius

72 1060 108 1089 15
125 1046 228 1086 mihi
265 1047 446 1086 conscius
484 1047 626 1097 culpae
664 1047 826 1086 etiamsi
861 1048 1057 1086 iniustam
1094 1059 1285 1097 poenam,
1323 1047 1512 1085 meritam

125 1110 263 1147 tamen
306 1109 411 1147 118111
461 1107 654 1147 tulissem.
718 1107 787 1147 sed
838 1108 1179 1158 circumspicienti
1222 1108 1360 1146 omnia
1409 1107 1512 1145 nihil

125 1168 228 1207 mihi
259 1168 365 1207 obici
395 1170 531 1218 potest
562 1181 586 1207 a
618 1168 757 1217 divite,
789 1169 869 1207 nisi
901 1167 1009 1218 quod
1041 1167 1197 1207 vicinus
1228 1181 1328 1207 sum.

218 1229 294 1268 Est
323 1229 426 1268 1111111
455 1230 668 1280 paternus,
698 1229 870 1278 iudices,
903 1227 1077 1280 agellus,
1113 1241 1208 1268 38118
1241 1230 1435 1281 angustus
1469 1230 1510 1266 et
1535 1227 1560 1264 2

126 1302 298 1341 pauper,
342 1302 423 1328 non
461 1289 612 1329 vitibus
653 1291 850 1338 consitus,
888 1302 968 1328 non
1006 1289 1221 1328 frumentis
1260 1289 1390 1337 ferax,
1432 1302 1512 1328 non

72 1364 110 1391 2⁰
126 1350 287 1402 pascuis
318 1350 468 1399 laetus,
506 1351 664 1389 ieiunae
693 1349 812 1389 modo
844 1349 986 1401 glebae
1018 1352 1141 1400 atque
1172 1350 1336 1388 humilis
1367 1349 1513 1399 thymi,

127 1412 169 1450 et
203 1423 284 1450 non
321 1411 405 1450 late
442 1412 613 1462 pauperi
650 1423 766 1450 casae
804 1412 1062 1450 circumiecta
1098 1411 1309 1461 possessio.
1372 1422 1512 1449 verum

127 1471 228 1510 mihi
258 1471 323 1511 vel
360 1472 437 1511 hoc
475 1471 554 1511 fuit
590 1472 823 1523 gratissima
856 1471 963 1521 quod
1000 1484 1082 1510 non
1121 1471 1201 1510 fuit
1235 1471 1358 1522 digna
1391 1484 1512 1521 quam

128 1531 240 1571 dives
278 1533 588 1582 concupisceret.
650 1533 694 1570 in
731 1532 807 1571 hoc
846 1545 919 1583 ego
959 1531 1068 1571 vitae
1106 1544 1218 1571 meae
1261 1533 1414 1571 secreto
1452 1545 1512 1570 re-

128 1594 262 1632 motus
287 1605 312 1631 a
337 1593 517 1631 tumultu
544 1593 723 1632 civitatis
754 1592 932 1645 ignobile
964 1605 1112 1632 aevum
1138 1605 1256 1645 agere
1287 1592 1431 1643 procul
1462 1592 1513 1631 ab

74 1667 110 1695 85
129 1652 286 1693 ambitu
317 1655 359 1692 et
390 1655 501 1693 omni
538 1654 703 1693 maioris
742 1654 928 1692 fortunae
967 1653 1190 1704 cupiditate
1229 1654 1423 1692 constitui
1461 1655 1513 1702 et,

129 1713 226 1753 dum
262 1714 435 1753 molesta
472 1714 561 1766 lege
599 1717 768 1752 naturae
806 1715 999 1753 transiret
1036 1716 1167 1763 aetas,
1199 1715 1328 1753 vitam
1360 1714 1512 1753 fallere.

128 1774 204 1814 hoc
247 1774 349 1813 mihi
392 1775 609 1825 parvulum
653 1776 784 1814 terrae
826 1777 867 1814 et
910 1775 1075 1814 humilis
1119 1774 1274 1826 tugurii
1317 1775 1514 1813 rusticum

130 1835 289 1874 culmen
320 1836 504 1885 aequitas
543 1835 668 1874 animi
699 1848 825 1887 regna
857 1836 1026 1884 fecerat,
1065 1836 1243 1885 satisque
1277 1835 1514 1874 divitiarum

229 2027 247 2059 1
274 2024 495 2070 moves-{tur
520 2024 559 2069 (n
584 2025 647 2069 er.)
668 2029 711 2058 J!
807 2027 827 2058 7
855 2023 1014 2070 dignate
1039 2029 1133 2066 ΒΜ,
1160 2023 1191 2058 it
1216 2035 1316 2069 supr.
1340 2029 1417 2058 Bn-

131 2075 153 2107 8
178 2073 320 2115 vesti-ag
347 2083 370 2108 a
395 2073 436 2107 in
456 2083 529 2108 ras.
553 2077 595 2107 Β
702 2075 723 2107 9
750 2072 834 2107 ubi:
862 2073 906 2107 ut
932 2080 953 2107 τ
1062 2076 1105 2107 11
1134 2074 1285 2107 etamen
1306 2078 1342 2107 Β
1439 2070 1514 2106 for—

130 2119 274 2156 mulam
292 2126 345 2165 Βς
371 2119 534 2156 formula
553 2119 626 2156 hac
642 2126 684 2155 Μ
755 2125 799 2156 12
825 2121 931 2156 venis
951 2126 979 2154 δ’
1047 2120 1181 2156 etiam:
1209 2122 1248 2155 et
1269 2126 1311 2164 P,
1333 2131 1425 2156 corr.
1438 2135 1466 2160 ιι

131 2179 230 2214 quae
255 2169 405 2215 scripsi:
432 2168 535 2214 quod
560 2183 591 2203 ω
616 2169 734 2215 (quod
759 2171 888 2205 tamen
908 2187 953 2199 =
975 2170 1146 2205 attamen
1172 2169 1293 2215 Dese.)
1396 2172 1438 2203 13
1466 2178 1513 2213 pe

132 2222 183 2261 11,
209 2229 227 2252 3
251 2228 352 2263 supr.
373 2231 416 2252 m
516 2221 560 2252 14
588 2217 716 2252 omnia
740 2229 807 2253 om.
830 2226 851 2260 β
951 2221 994 2252 18
1021 2217 1163 2264 agillus
1190 2217 1271 2252 sine
1297 2223 1342 2258 Β,
1376 2228 1469 2252 corr.
1491 2223 1514 2249 b

134 2268 178 2300 19
203 2264 384 2301 frumenti
411 2274 438 2300 σ
532 2269 575 2300 21
605 2266 784 2312 pauperis
812 2272 854 2301 11
950 2270 995 2301 22
1021 2265 1116 2302 11888
1144 2266 1210 2302 Gr.
1312 2269 1356 2300 23
1390 2265 1512 2300 dives:

132 2348 279 2384 pauper
302 2344 331 2372 ι’
424 2348 513 2384 ergo
541 2344 568 2372 V
660 2325 747 2374 n‘fae
772 2344 810 2373 Β
907 2342 952 2373 24
985 2327 1193 2386 attumultu
1222 2344 1257 2372 Β
1356 2341 1400 2372 25
1426 2348 1514 2372 con-

133 2386 267 2433 stitui}
291 2393 328 2421 Β
400 2390 445 2422 26
473 2386 570 2422 vitas
590 2393 627 2421 Β
694 2390 738 2422 27
765 2386 929 2433 tuguriis
949 2392 996 2430 Β,
1022 2399 1038 2422 s
1062 2386 1130 2422 del.
1153 2394 1176 2420 b
1244 2390 1289 2421 28
1317 2386 1462 2420 facerat
1484 2391 1520 2420 P
