1638 2560
166 115 251 158 162
581 111 756 148 GEMINJ
781 109 1109 147 LANGVENTES

165 231 298 270 dicum
335 228 537 268 occiditur.
601 227 731 275 adice,
770 226 877 276 quod
913 238 985 265 nec
1023 224 1267 276 deprehendi
1304 237 1352 263 ex
1388 225 1534 265 sanato

93 292 144 331 18
164 293 298 342 potest
328 290 449 328 ullius
475 301 595 327 causa
625 287 841 338 languoris.
894 286 1085 336 quicquid
1116 298 1189 325 nos
1219 285 1263 324 in
1293 285 1398 325 vitia
1427 298 1532 325 mor-

163 352 305 391 borum
337 363 361 389 a
392 349 569 388 naturali
600 348 773 387 sanitate
805 348 1036 396 commutat,
1067 347 1168 385 facit
1192 347 1265 385 aut
1295 346 1412 385 nimii
1442 358 1532 386 san-

165 413 296 464 guinis
333 410 488 461 pondus
521 410 756 448 exaestuans
789 410 860 446 aut
897 407 1142 457 superfluens
1175 407 1284 446 calor
1315 408 1387 446 aut
1423 407 1534 446 ultra

164 472 388 511 naturalem
412 470 575 509 modum
599 470 743 508 humor
769 468 971 507 exundans
997 469 1069 507 aut
1099 467 1265 518 spiritus
1289 480 1362 518 per
1386 467 1532 507 tacitos
1571 481 1591 508 ⁵

164 534 318 571 meatus
361 543 441 570 non
486 530 606 569 solita
649 530 816 568 laxitate
860 529 1096 568 discurrens.
1160 527 1256 578 quid
1295 528 1458 578 horum,
1498 529 1535 567 si

163 593 305 632 vitalia
335 592 440 631 ferro
473 589 782 639 vulneribusque
813 590 1052 639 resecentur,
1090 589 1247 628 salvum
1282 590 1418 640 potest
1449 600 1533 628 esse

164 652 458 705 languentibus,
491 663 580 689 cum
606 651 820 700 compressi
846 651 1010 700 spiritus
1042 649 1223 689 laborem
1252 650 1438 700 protinus
1463 649 1534 688 ille

163 713 329 752 reserati
358 711 530 763 pectoris
556 712 711 749 meatus
738 711 910 759 emittat,
942 710 1105 762 sanguis
1136 710 1263 749 isdem
1287 711 1443 760 pariter
1467 709 1532 749 de-

162 773 432 824 prehendatur
463 772 772 823 egrediaturque
803 769 1061 810 vulneribus?
1112 783 1166 809 an
1196 771 1258 810 fas
1288 771 1457 822 putatis,
1487 771 1534 808 ut
1553 784 1592 811 10

164 835 277 874 suam
315 834 474 872 servent
505 832 659 872 viscera
695 832 848 871 nudata
885 832 1047 881 faciem,
1086 833 1132 870 ut
1169 831 1272 870 nihil
1308 830 1453 883 perdat
1487 844 1534 870 ex

163 895 295 945 priore
332 895 478 932 natura
514 893 617 931 illud
653 893 826 942 pectoris
865 893 1053 942 vitaeque
1088 893 1303 942 secretum,
1339 905 1430 931 cum
1465 891 1532 930 ad-

164 956 274 994 misit
312 952 473 993 oculos‘?
534 953 754 1004 plurimum
784 953 826 991 in
858 953 972 992 nobis
1005 954 1128 992 etiam
1159 952 1304 991 timore
1337 954 1530 991 mutatur.

166 1017 359 1066 quantum
410 1014 541 1053 aufert
592 1013 838 1063 sollicitudo,
884 1014 1093 1066 gaudium,
1144 1013 1258 1052 dolor
1301 1014 1342 1052 et
1385 1013 1533 1063 aliquis

165 1076 318 1115 subitus
365 1073 573 1114 adfectus?
642 1075 842 1124 quotiens,
884 1075 979 1113 dum
1026 1074 1077 1112 ad
1128 1075 1376 1113 curationem
1418 1086 1533 1124 prae-
1554 1086 1592 1114 15

165 1138 332 1187 paratur
370 1149 502 1187 aeger,
541 1135 636 1173 dum
674 1136 926 1185 componitur
963 1135 1015 1173 ad
1052 1147 1125 1174 sua
1161 1134 1339 1174 remedia
1379 1146 1534 1186 corpus,

164 1197 409 1236 medentium
441 1208 582 1234 manus
616 1195 750 1234 anima
782 1194 994 1235 destituit?
1042 1197 1125 1234 iam
1156 1208 1250 1235 vero
1277 1194 1329 1234 ad
1354 1195 1534 1247 singulos

165 1257 267 1296 ictus
299 1258 339 1295 et
370 1257 622 1307 longissimas
649 1256 860 1294 vulnerum
890 1269 1023 1295 moras
1051 1257 1248 1306 quantum
1273 1268 1321 1295 ex
1345 1257 1434 1295 toto
1464 1255 1533 1295 ho-

165 1319 271 1356 mine
321 1318 568 1356 convertitur
617 1317 807 1366 clamore,
858 1315 1038 1368 gemitu?
1100 1329 1260 1356 necesse
1301 1317 1362 1356 est
1405 1316 1534 1356 omnis

165 1379 294 1428 perire
334 1377 476 1427 quibus
515 1378 743 1416 continetur
777 1377 880 1427 vita,
920 1390 1059 1417 causas
1099 1379 1283 1428 quotiens
1320 1378 1411 1428 ipsa
1447 1378 1535 1416 vita
1554 1390 1593 1417 80

166 1439 422 1487 consumitur,
459 1439 500 1476 et
538 1450 627 1476 cum
663 1438 824 1477 homine
857 1439 926 1488 qui
963 1440 1130 1488 propter
1159 1438 1411 1477 intellectum
1447 1437 1533 1476 lan-

167 1499 300 1550 guoris
339 1498 543 1548 occiditur,
581 1499 666 1548 ipse
699 1512 856 1549 quoque
893 1499 1094 1550 paulatim
1125 1499 1297 1551 languor
1329 1499 1533 1537 emoritur.

167 1559 281 1598 differ
312 1559 465 1608 saltem,
496 1560 623 1609 pater,
658 1559 761 1598 hanc
793 1559 1082 1598 crudelitatem.
1148 1558 1340 1609 quicquid
1371 1571 1419 1598 ex
1449 1558 1533 1597 filio

166 1619 282 1668 facis,
320 1620 441 1658 facies
481 1632 527 1657 ex
565 1619 766 1658 cadavere.
831 1621 865 1659 si
904 1622 1038 1670 potest
1076 1619 1319 1671 deprehendi
1351 1619 1535 1671 languor,

168 1679 262 1718 dum
294 1680 450 1728 occidit,
482 1680 653 1729 facilius,
686 1693 776 1718 cum
809 1680 1008 1719 occiderit.
1554 1691 1593 1719 25

257 1739 509 1791 Interrogare
545 1741 788 1779 mehercules
820 1741 895 1779 hoc
932 1741 1019 1781 loco
1051 1741 1168 1791 libet,
1206 1742 1394 1780 utrumne
1430 1740 1535 1791 peri-

167 1802 303 1838 turum
339 1802 456 1850 pater
486 1814 537 1839 an
576 1801 751 1840 medicus
784 1801 978 1853 elegerit?
1038 1802 1204 1853 negavit
1235 1814 1308 1841 sua
1343 1801 1536 1840 interesse

168 1874 286 1910 quem
312 1861 517 1899 occideret.
567 1861 653 1911 hoc,
679 1863 713 1901 si
733 1863 773 1900 et
793 1862 896 1900 alter
913 1863 1094 1912 perisset,
1113 1862 1357 1913 probaverat
1381 1862 1537 1900 utrum-

265 2027 282 2059 1
316 2025 442 2069 potest
467 2035 512 2059 ex
538 2026 670 2060 sanato
696 2031 735 2068 ῖς
768 2035 813 2060 ex
838 2037 913 2060 non
939 2027 1072 2062 sanato
1097 2027 1226 2072 potest
1252 2033 1274 2060 ς
1380 2028 1400 2060 2
1426 2027 1538 2071 potes

166 2079 205 2107 Β
285 2071 417 2107 ullius:
444 2072 554 2108 unius
581 2081 608 2107 «r
696 2077 716 2107 3
749 2074 962 2109 committat
987 2081 1023 2109 P
1112 2074 1266 2120 sanguis
1293 2079 1348 2118 Μ,
1381 2084 1473 2109 corr.
1492 2087 1537 2108 m

168 2123 188 2155 9
214 2119 426 2170 Ρθοᾲᾳῄοῑὶε
452 2127 489 2155 Β
559 2121 660 2156 idem
687 2129 714 2156 cr
795 2125 837 2157 13
865 2123 902 2157 et
928 2129 972 2167 P,
998 2134 1089 2159 corr.
1107 2137 1137 2163 p
1209 2122 1370 2168 timore}
1395 2123 1447 2168 (m
1471 2122 1538 2167 er.)

172 2175 201 2203 V
291 2169 467 2204 mittatur
492 2176 528 2204 P
624 2173 667 2205 14
694 2169 818 2205 aufert
848 2177 886 2205 v:
915 2170 1024 2206 offert
1049 2177 1125 2215 Bm
1153 2169 1264 2206 affert
1289 2176 1349 2213 Μβ
1446 2169 1537 2206 soli-

167 2217 260 2253 tudo
285 2224 326 2262 J,
351 2229 442 2254 corr.
463 2226 478 2251 i
565 2221 608 2252 15
637 2217 792 2253 effectus
819 2225 868 2262 M,
895 2231 985 2255 corr.
1006 2234 1049 2254 m
1143 2222 1186 2254 19
1214 2229 1343 2254 omnes
1374 2224 1468 2253 VM&

168 2269 212 2302 20
245 2277 354 2301 casus
381 2272 424 2301 M
518 2270 562 2301 23
595 2265 729 2313 differ}
759 2273 787 2300 V
880 2278 925 2302 ex
950 2267 1027 2303 filio
1061 2279 1127 2304 om.
1154 2274 1183 2302 V
1276 2270 1320 2303 25
1353 2266 1539 2302 occiderit

167 2315 224 2350 bis
248 2320 285 2349 Β
381 2317 426 2349 26
457 2314 683 2360 periturum:
710 2314 920 2360 periculum
946 2322 989 2351 M
1084 2319 1127 2351 27
1160 2315 1331 2362 negavit:
1363 2314 1539 2361 nequivit

166 2369 199 2397 J
293 2373 361 2398 sua
386 2373 453 2398 om.
474 2369 511 2397 Β
606 2363 803 2399 interesse:
830 2364 929 2399 inter
954 2376 1022 2400 om.
1043 2371 1098 2409 M,
1130 2376 1232 2410 supr.
1252 2378 1295 2399 m
1402 2367 1447 2399 28
1474 2374 1537 2399 oc-

168 2410 263 2459 cidis
290 2417 333 2456 P,
360 2422 451 2447 corr.
470 2425 498 2452 ιι
