1638 2560
86 513 137 550 15

159 97 248 140 314
594 92 842 129 VENENVM
866 91 1108 128 EFFVSVM·

158 223 277 262 paras
308 209 543 250 lassitudine
574 207 838 248 miserorum?
901 208 1140 258 consumpta
1171 207 1234 246 est
1261 207 1307 246 in
1343 206 1534 257 lacrimis,

157 273 201 310 in
237 271 418 322 precibus
456 271 584 319 aetas,
623 270 752 308 exacti
789 268 972 308 sordibus
1010 268 1112 318 dies,
1145 267 1349 307 anxietate
1383 268 1532 308 noctes.

159 332 255 383 quid
292 331 391 370 mihi
423 331 562 369 contra
593 331 679 368 tam
709 329 894 380 indigna,
931 331 1017 367 tam
1056 329 1199 381 gravia
1236 328 1443 380 promittit
1471 329 1533 367 in-

157 390 351 444 tegritas?
402 391 581 430 abdicari
613 390 729 429 debet
761 403 880 440 quem
910 390 1122 428 nocentem
1152 389 1271 441 pater
1301 387 1400 440 odit,
1429 390 1556 443 mori·

160 466 276 503 quem
306 453 569 491 innocentem.
1571 463 1587 490 5

247 509 342 551 ‘Sed
372 513 419 551 ut
449 508 684 562 credamus’,
721 511 873 561 inquit,
906 507 1096 550 ‘voluisse
1126 511 1169 549 te
1199 510 1322 561 mori,
1359 522 1432 550 cur
1461 522 1532 562 po·

155 572 356 612 tissimum
394 585 544 611 veneno
553 569 587 610 ?'
651 572 778 623 possis
818 571 998 622 quidem,
1035 573 1164 622 pater,
1200 570 1304 611 hanc
1335 569 1384 610 de
1423 571 1535 610 omni

156 646 434 684 supremorum
465 645 607 685 genere
639 633 754 671 litem
785 632 917 672 facere
948 631 1233 683 morientibus3
1270 633 1313 670 et
1343 632 1442 683 quia
1470 644 1533 671 re-

155 707 244 732 rum
274 695 420 732 natura
451 694 585 732 varias
616 693 793 733 fatorum
824 694 911 732 vias
943 693 1115 732 indulsit
1142 692 1315 743 animae,
1343 693 1388 731 in
1417 691 1531 731 nullo

155 767 235 793 non
267 754 375 793 exitu
406 754 529 792 simili
554 755 711 793 ratione
743 753 1016 804 deprehendas
1043 752 1235 804 quicquid
1261 753 1432 792 electum
1458 754 1531 793 est.
1552 766 1587 794 10

155 816 211 853 sic
230 827 348 865 super
373 815 558 853 strictum
583 814 859 865 nudatumque
881 827 1113 854 mucronem
1138 813 1427 865 proclamares:
1459 826 1533 854 our

154 888 234 914 non
258 873 439 914 veneno?
488 874 556 914 sed
587 875 689 913 nihil
715 876 776 914 est
801 874 1012 915 delicatius
1045 875 1157 914 exitu
1182 887 1302 926 quem
1332 887 1414 914 non
1438 886 1532 926 sup-

154 935 289 986 plicia,
319 948 399 974 non
424 937 566 985 metus,
598 935 667 974 sed
693 935 861 975 collecta
887 936 934 974 de
962 935 1263 975 calamitatibus
1289 934 1533 975 conmendat

154 995 377 1035 infirmitas.
434 997 533 1035 mihi
563 997 700 1035 tamen
730 997 945 1047 praecipue
978 1009 1069 1035 cum
1099 996 1175 1035 hoc
1205 997 1350 1036 mortis
1380 997 1532 1036 instru-

154 1058 287 1095 mento
329 1058 494 1107 propria
537 1057 750 1096 concordia
786 1058 864 1096 est:
908 1070 989 1096 non
1033 1057 1192 1109 spargit
1233 1069 1416 1097 cruorem
1457 1068 1531 1096 nec
1551 1069 1586 1097 15

153 1119 307 1156 trucem
338 1117 541 1156 cadaveris
578 1117 773 1168 relinquit
810 1119 1036 1169 aspectum:
1074 1117 1236 1169 placida
1273 1119 1351 1168 est,
1390 1117 1531 1168 quieta

155 1178 225 1216 est.
286 1178 557 1229 ingratissime
602 1191 737 1228 seneX,
780 1191 854 1230 ego
900 1180 941 1218 et
977 1179 1052 1218 hoc
1097 1180 1154 1218 sic
1193 1177 1401 1218 moriendo
1438 1190 1532 1230 pro-

154 1250 371 1288 spexeram,
403 1250 452 1276 ne
483 1251 546 1277 me
579 1238 770 1278 occidisse
802 1239 908 1278 alius
939 1239 1156 1278 videretur,

244 1298 299 1337 Te
327 1300 423 1338 tunc
448 1299 716 1350 apprehendo,
747 1301 788 1338 te
818 1301 1037 1352 interrogo,
1069 1302 1203 1351 pater:
1235 1300 1297 1339 ita
1326 1299 1531 1351 parricida

153 1371 241 1396 sum
272 1372 345 1410 ego
378 1360 448 1409 qui
478 1373 675 1399 venenum
707 1359 843 1399 adfero
875 1361 919 1399 in
947 1361 1111 1399 domum
1142 1363 1257 1400 tuam
1280 1361 1530 1411 inparatum,
1549 1373 1585 1400 20

152 1418 267 1468 rude,
305 1420 531 1470 terendum,
564 1422 629 1459 cui
659 1422 746 1460 tam
776 1421 907 1460 multa
944 1423 1118 1471 restant,
1159 1422 1254 1460 ante
1286 1434 1409 1472 quam
1440 1421 1533 1460 dari

154 1478 308 1528 possit?
368 1481 427 1518 ita
458 1481 663 1531 parricida
695 1494 783 1520 sum
815 1482 886 1532 qui
916 1481 1030 1521 iuxta
1061 1484 1102 1521 te
1135 1494 1285 1533 quaero
1319 1483 1530 1532 secretum,

156 1540 225 1588 qui
265 1539 313 1577 de
349 1541 513 1590 potione
550 1542 627 1580 tibi
664 1543 837 1592 incerta,
882 1555 1004 1593 quam
1042 1555 1159 1582 nemo
1198 1542 1363 1592 detulit,
1407 1554 1532 1593 quam

155 1599 401 1650 simpliciter,
426 1603 512 1640 tam
536 1602 655 1640 facile
674 1601 891 1653 respondi?
937 1603 1077 1643 secedo
1102 1605 1147 1642 in
1171 1603 1324 1643 medios
1351 1604 1530 1655 penates,

154 1659 285 1699 nullos
317 1659 367 1698 ab
398 1661 569 1700 introitu
600 1674 804 1713 praepono
837 1663 1033 1715 custodes,
1065 1677 1147 1704 non
1179 1664 1288 1704 evito
1319 1664 1529 1714 transitus,
1549 1676 1584 1703 25

154 1731 234 1758 non
266 1720 429 1760 excludo
459 1724 660 1762 venturos.
722 1736 841 1775 rogo,
873 1725 1010 1763 utrum
1040 1725 1139 1764 haec
1171 1725 1309 1764 omnia
1339 1726 1436 1764 sunt
1465 1736 1530 1763 oc-

154 1778 283 1819 cidere
321 1781 492 1821 volentis
530 1796 583 1821 an
619 1782 754 1823 mori?
814 1797 1012 1824 venenum
1052 1785 1159 1836 quod
1196 1785 1275 1825 tibi
1304 1786 1529 1836 pararetur,

152 1840 372 1880 invenisses
399 1841 646 1894 absconsum,
677 1845 940 1896 reconditum,
973 1847 1149 1885 multum
1175 1847 1281 1886 circa
1311 1845 1417 1885 illud
1442 1845 1529 1897 pal—

251 1971 269 2002 1
297 1967 533 2004 miseriarum
562 1969 626 2005 Gr.
720 1975 740 2006 2
768 1971 848 2007 dies
875 1983 920 2008 ex
945 1973 1033 2008 dees
1059 1980 1097 2008 Β
1192 1977 1215 2009 4
1241 1953 1483 2009 innocentem
1506 1979 1536 2008 V

153 2018 174 2050 8
200 2015 491 2061 generalitatem
515 2024 543 2051 V
655 2022 675 2053 9
701 2018 889 2055 factorum
913 2027 942 2055 V
1054 2025 1099 2057 10
1127 2021 1384 2068 reprehendas
1411 2029 1434 2056 ς·

154 2067 197 2098 12
225 2064 563 2101 sed—infirmitas
590 2067 613 2102 l.
634 2070 681 2102 14
707 2078 773 2103 om.
796 2076 824 2103 <r
920 2073 964 2104 14
996 2081 1056 2106 me
1081 2070 1178 2106 mihi
1204 2077 1242 2106 P
1334 2071 1457 2106 morte
1481 2075 1529 2114 Β,

150 2158 243 2185 corr.
265 2155 288 2182 b
318 2196 325 2204 .
412 2153 456 2185 15
489 2127 624 2196 propia
649 2158 686 2186 Β
800 2153 946 2200 spergit
971 2159 1017 2198 B,
1042 2165 1134 2190 corr.
1156 2161 1180 2189 b
1305 2157 1349 2190 16
1375 2155 1434 2190 est
1458 2165 1528 2191 om.

156 2226 186 2254 V
259 2209 375 2267 queta
399 2227 438 2256 Β
534 2226 577 2257 19
605 2224 890 2269 apprehendam
914 2231 943 2259 V
1038 2229 1082 2262 20
1108 2213 1245 2262 veflfim
1269 2232 1309 2262 Β
1400 2230 1445 2262 21
1471 2228 1529 2262 ve-

149 2292 318 2348 nendum
336 2299 417 2329 ΒΜ
438 2294 542 2340 (corr.
562 2297 618 2341 m)
728 2300 771 2332 22
798 2284 900 2333 iussta
918 2304 956 2332 Β
1046 2273 1235 2344 seen‘sstum
1253 2305 1291 2335 Β
1399 2292 1446 2334 24
1470 2309 1530 2335 re-

151 2329 306 2390 spondit
323 2347 361 2376 Β
445 2346 490 2378 26
517 2345 606 2379 sunt
624 2355 692 2382 om.
714 2351 751 2380 P
842 2346 972 2381 occide
998 2353 1048 2393 B,
1076 2347 1200 2383 occidi
1225 2354 1249 2382 υ
1345 2349 1391 2383 27
1416 2357 1530 2393 para-

149 2390 254 2425 retur
278 2401 324 2426 ex
347 2392 552 2436 paracetur
576 2398 613 2427 Β
710 2396 755 2429 28
780 2394 1019 2430 reconditum
1044 2395 1208 2431 multum
1235 2395 1337 2432 circa
1361 2395 1418 2432 bis
1441 2401 1481 2431 B
