1638 2560
183 104 268 147 146
601 99 776 136 GEMINI
802 95 1131 134 LANGVENTES

802 356 933 406 VIII.

507 467 743 515 GEMINI
781 462 1234 514 LANG-VENTES.

185 603 360 652 Gemini,
396 602 539 653 quibus
573 603 660 640 erat
690 602 820 640 mater
852 602 892 639 et
922 600 1050 650 pater,
1084 599 1295 651 aegrotare
1327 597 1556 648 coeperunt.

243 664 414 702 consulti
452 663 597 701 medici
635 662 821 701 dixerunt
853 660 1022 700 eundem
1057 672 1141 699 esse
1179 659 1427 711 languorem.
1491 657 1556 696 de-

243 723 495 774 sperantibus
515 724 681 773 reliquis
706 721 894 773 promisit
919 734 1021 760 unus
1048 733 1088 759 se
1109 720 1283 759 alterum
1307 719 1557 768 sanaturum,
1595 732 1612 759 5

243 786 277 824 si
302 785 467 823 alterius
493 784 638 822 vitalia
663 784 911 833 inspexisset.
962 781 1223 832 permittente
1253 781 1370 831 patre
1402 779 1559 818 execuit

242 846 439 884 infantem
490 845 530 883 et
579 844 723 882 vitalia
773 843 958 893 inspexit.
1022 843 1164 881 sanato
1214 854 1295 880 uno
1346 840 1559 880 accusatur

243 907 359 956 pater
391 905 440 944 ab
473 917 594 943 uxore
625 905 756 943 malae
791 904 1061 942 tractationis.

137 1042 159 1077 1
277 1037 486 1086 Quamvis,
523 1037 692 1086 iudices,
730 1038 950 1087 plurimum
981 1036 1283 1075 infelicissimae
1314 1035 1457 1074 matris
1489 1033 1558 1072 ad-

185 1100 309 1138 versis
341 1099 611 1137 miserationis
644 1098 857 1137 abstulerit
888 1097 996 1148 quod
1028 1110 1074 1135 ex
1107 1095 1261 1135 duobus
1298 1094 1437 1134 liberis
1467 1094 1560 1146 pari
1578 1109 1615 1136 10

186 1159 462 1210 desperatione
493 1158 776 1210 languentibus
809 1159 912 1197 alter
944 1158 1090 1207 evasit,
1127 1158 1168 1196 et
1197 1157 1401 1207 plerisque
1432 1156 1558 1194 maxi-

184 1233 294 1258 mum
326 1219 504 1258 dolorem
534 1220 666 1270 prima
698 1220 830 1257 fronte
862 1218 1132 1257 tractantibus
1164 1217 1352 1256 videatur
1383 1215 1559 1255 aviditas

186 1280 442 1332 gaudiorum,
480 1281 526 1318 ut
563 1280 680 1318 modo
720 1280 771 1318 ad
808 1280 933 1318 totius
973 1279 1159 1317 orbitatis
1197 1278 1362 1317 redacta
1401 1277 1559 1328 patien-

184 1342 285 1379 tiam
325 1341 408 1379 iam
445 1353 526 1378 non
564 1341 618 1379 sit
657 1341 776 1379 unius
815 1341 944 1379 salute
984 1340 1190 1388 contenta,
1229 1351 1310 1377 non
1347 1349 1559 1388 possumus

184 1403 320 1439 tamen
358 1400 580 1439 adfectibus
625 1402 769 1440 vestris
813 1413 893 1439 11011
936 1401 1040 1439 hanc
1083 1401 1259 1450 primam
1301 1399 1560 1438 tristissimae
1579 1411 1616 1439 15

186 1462 429 1500 calamitatis
462 1462 637 1512 allegare
675 1474 920 1510 mensuram,
961 1474 1063 1511 quae
1096 1474 1142 1499 ex
1179 1461 1269 1511 ipsa
1301 1471 1460 1510 quoque
1499 1471 1559 1497 so-

185 1522 279 1560 lacii
318 1522 379 1561 sui
417 1522 648 1560 condicione
681 1522 894 1561 descendit.
958 1523 1090 1560 minus
1135 1522 1282 1560 misera
1326 1519 1561 1570 quereretur

188 1582 235 1620 de
266 1583 425 1630 marito,
458 1583 493 1621 si
524 1583 658 1620 sanari
689 1595 760 1621 nec
792 1582 861 1621 ille
893 1583 1103 1632 potuisset,
1135 1594 1208 1632 pro
1236 1593 1315 1631 quo
1342 1581 1404 1620 est
1434 1579 1561 1618 frater

188 1643 349 1682 occisus.
400 1655 505 1681 nunc
530 1643 670 1680 infelix
702 1655 777 1692 par
801 1656 882 1681 11011
908 1644 969 1682 est
994 1643 1135 1691 dolori,
1167 1654 1274 1680 1111110
1298 1654 1380 1680 11011
1403 1640 1562 1679 invenit

188 1703 273 1740 ulla
293 1703 452 1752 solacia,
479 1716 526 1741 ex
552 1716 629 1752 quo
657 1703 734 1741 sibi
759 1703 920 1742 videtur
944 1703 1074 1742 filium
1097 1702 1319 1753 perdidisse
1344 1702 1559 1740 victurum.
1579 1714 1617 1741 20

188 1775 306 1813 super
348 1764 646 1813 impatientiam
689 1763 944 1803 tristissimae
987 1764 1174 1803 orbitatis
1219 1763 1409 1802 increscit
1452 1760 1561 1812 quod

187 1823 388 1861 intellexit
424 1823 541 1861 illum
578 1836 658 1862 non
698 1824 782 1863 sine
821 1825 995 1863 sanitate
1032 1825 1156 1863 fuisse
1193 1824 1447 1875 languorem,
1487 1834 1560 1861 nec

187 1882 419 1934 persuaderi
455 1885 624 1922 miserae
655 1885 790 1934 potest
819 1886 999 1934 perituro
1031 1885 1234 1924 laborasse
1265 1884 1370 1933 fato,
1404 1884 1449 1921 in
1480 1894 1559 1933 quo

187 1945 397 1982 inventum
429 1945 489 1983 est
521 1944 628 1994 quod
659 1947 820 1983 sanaret
852 1944 987 1983 alium.
1040 1946 1176 1996 captet
1205 1945 1303 1984 licet
1334 1943 1561 1983 crudelissi-

286 2051 306 2081 3
339 2046 480 2092 gemini
511 2046 734 2092 languentes
766 2047 902 2093 quibus
935 2055 962 2082 V
1031 2049 1140 2084 erant
1164 2054 1202 2083 Β
1297 2050 1318 2082 5
1351 2057 1391 2082 se
1419 2058 1486 2082 om.
1507 2052 1560 2090 B;

182 2099 271 2141 post
296 2094 456 2130 alterum
482 2096 672 2131 collocavit
696 2102 739 2130 M
857 2100 878 2131 8
908 2101 993 2142 post
1023 2096 1264 2132 tractationis
1296 2095 1384 2132 add.
1406 2100 1451 2130 M
1477 2094 1561 2129 EX·

187 2154 343 2191 PLIcir
369 2154 471 2190 Aac
495 2144 588 2190 icis>
613 2155 691 2190 LIB
712 2155 888 2191 GEMINI
913 2146 1167 2192 LAGVETES
1199 2156 1343 2204 (minio)
1376 2155 1419 2190 in
1443 2166 1560 2202 ωαψς.

189 2214 304 2239 causa
329 2203 442 2239 VHH.
543 2203 768 2246 Quintiliani
795 2204 1021 2240 declamatio
1049 2206 1178 2251 (minio
1197 2204 1356 2251 pictum)
1383 2209 1420 2238 Ρ

286 2255 306 2287 9
334 2252 510 2287 adversus
537 2258 580 2286 M
673 2252 840 2288 adversis
866 2253 906 2287 in
929 2253 1185 2289 miserationis
1211 2259 1249 2288 B
1346 2255 1391 2288 13
1418 2251 1561 2287 atotius

189 2302 266 2346 (ato
287 2301 329 2335 in
347 2311 420 2336 ras.
435 2303 482 2346 B)
544 2300 702 2336 reducta
721 2300 909 2347 patientia
929 2308 972 2336 M
1038 2306 1082 2337 14
1101 2312 1282 2348 posumus
1301 2306 1338 2335 Β
1406 2304 1450 2336 16
1477 2299 1562 2335 alh·-

189 2359 280 2395 gare
307 2348 334 2395 (i
355 2349 398 2383 in
415 2360 489 2384 ras.
507 2350 555 2394 Β)
655 2353 698 2384 17
725 2349 848 2384 minus
875 2361 973 2395 supr.
995 2357 1032 2384 Β
1130 2353 1173 2386 19
1201 2349 1346 2385 occisus
1372 2350 1431 2384 est
1455 2355 1492 2383 P

187 2408 288 2433 nunc
313 2407 389 2432 non
413 2396 547 2432 infelix
571 2404 609 2432 Β
682 2401 726 2433 20
751 2397 937 2433 victurum
963 2399 1021 2433 est
1046 2405 1082 2433 Ρ
1155 2402 1199 2434 22
1227 2397 1420 2444 intellegit
1450 2403 1564 2440 Vpdm
