1638 2560
180 91 268 134 350
578 85 782 123 INFAMIS
807 84 861 120 IN
881 83 1095 120 MATREM
1120 83 1156 119 II

179 207 292 255 scire,
322 204 479 253 mulier,
512 216 563 242 an
595 202 787 251 mentiar,
820 200 912 250 scis,
947 198 1043 249 quid
1082 198 1239 238 dixerit.
1298 197 1397 248 quid
1427 195 1564 238 dixit?

179 266 291 305 nihil.
349 264 444 315 quid
471 261 600 302 dixit?
632 263 777 301 omnia.
841 260 1053 299 maledixit
1078 259 1250 310 saeculo,
1282 259 1381 298 fecit
1403 259 1560 310 tempo-

179 327 289 370 ribus
309 325 516 373 invidiam,
543 323 766 362 detestatus
787 323 848 360 est
870 322 1040 372 patrem,
1067 319 1317 359 conviciatus
1343 320 1406 359 est
1423 319 1559 359 matri.

182 387 278 437 quid
310 383 440 424 dixit?
470 385 560 435 plus
593 396 715 434 quam
747 381 1059 433 interrogabam.
1116 381 1266 431 vicisti,
1299 379 1459 430 mulier,
1490 379 1559 419 ob-

181 447 438 487 stinationem
469 458 611 484 meam.
670 443 767 482 audi
798 443 916 492 breve
955 442 1282 492 succinctumque
1318 452 1557 492 responsum
1594 452 1616 482 5

182 507 277 558 quid
309 505 472 545 dixerit:
506 504 611 555 quod
644 504 816 554 quaeris,
849 503 957 554 quod
988 503 1119 553 putas.

110 568 160 605 15
273 566 305 606 Ο
338 567 371 606 si
409 567 498 616 quis
538 567 582 604 in
622 566 737 604 illam
778 576 850 603 vos
891 565 1035 603 secreti
1079 563 1210 602 nostri
1250 562 1450 613 potuisset
1490 560 1559 600 ad-

179 628 315 666 hibere
352 626 639 677 praesentiam!
696 624 900 664 vidissetis
938 637 1089 663 novum
1126 635 1253 675 genus
1292 622 1559 674 quaestionis:

181 688 336 728 stabam
362 700 480 726 senex
505 687 621 725 furiis
646 687 896 725 monstrosae
925 685 1100 724 feritatis
1127 684 1342 733 accinctus,
1373 682 1559 722 manibus

182 750 337 798 exertis,
368 748 462 786 hinc
492 747 670 799 ignibus,
705 747 798 785 hinc
829 745 1061 785 verberibus
1094 746 1293 784 armatus:
1324 756 1445 795 super
1476 755 1560 793 ora,
1581 757 1618 783 10

182 823 299 860 super
325 808 460 848 oculos
486 808 653 847 iacentis
680 807 877 846 adsistens
905 805 1149 845 clamabam:
1183 802 1360 855 ‘fui-iose,
1386 804 1560 854 demens,

180 867 296 910 tace.'
356 871 396 907 et
426 869 495 908 ille
527 869 639 907 velut
671 869 820 907 exustis
854 868 1173 918 amputatisque,
1207 879 1280 917 per
1313 878 1415 916 quae
1447 864 1562 904 dolor

183 931 264 969 exit
303 931 346 968 in
386 930 526 978 verba,
566 930 646 967 fuit
688 928 902 978 attonitus,
944 941 1091 967 amens.
1156 928 1342 978 quotiens
1386 925 1561 965 admotis

182 990 341 1042 ignibus
374 990 426 1028 ad
467 990 645 1040 aliquam
683 990 860 1039 corporis
902 990 1061 1040 partem
1101 989 1235 1027 totum
1274 988 1414 1038 pectus
1445 987 1560 1037 inpo-

184 1050 293 1090 suit?
326 1050 508 1100 quotiens
540 1051 655 1088 hiatu
688 1050 767 1089 oris
794 1049 911 1088 avide
935 1049 1119 1088 flammas
1152 1049 1342 1088 adversus
1374 1047 1562 1087 exeuntia
1581 1059 1618 1086 15

183 1111 306 1150 verba
337 1109 529 1162 collegit?
584 1123 674 1149 cum
707 1123 800 1149 vero
832 1112 916 1148 iam
949 1111 1057 1149 totus
1091 1109 1201 1149 calor
1232 1107 1464 1148 verberibus
1497 1120 1561 1146 ex-

183 1172 322 1222 pulsus
354 1172 506 1210 viribus
538 1171 747 1210 novissimi
773 1171 921 1210 doloris
949 1171 1186 1220 erumperet,
1217 1169 1478 1220 pertractatis
1509 1167 1562 1207 ab

183 1234 266 1271 ima
309 1233 481 1282 pectoris
522 1234 637 1282 parte
678 1232 861 1282 suspiriis
905 1232 1138 1271 brevissime
1180 1230 1340 1270 collecti
1382 1229 1562 1280 spiritus,

184 1293 253 1331 ille
287 1305 364 1342 quo
395 1292 578 1331 redditur
616 1292 768 1342 anima,
810 1292 1028 1344 singultus,
1070 1292 1150 1331 fuit
1189 1291 1333 1331 similis
1365 1290 1562 1330 exclama-

183 1355 274 1392 turo
306 1353 438 1392 nescio
473 1353 587 1402 quid,
620 1353 726 1402 quod
760 1355 800 1392 et
829 1355 876 1392 tu
907 1353 1090 1392 fortassis
1129 1352 1298 1392 audires.
1356 1350 1562 1401 occupavi,
1581 1363 1620 1390 20

185 1414 326 1463 fateor,
359 1415 398 1452 et
429 1413 636 1453 advocatis
671 1426 769 1463 quas
801 1415 883 1452 iam
910 1426 1246 1464 consumpseram,
1277 1411 1446 1461 viribus,
1477 1424 1560 1450 ma-

185 1473 320 1523 nibus,
356 1474 466 1523 telis,
507 1475 674 1523 totoque
719 1487 882 1524 corpore
921 1475 1074 1525 pariter
1115 1474 1296 1523 adnisus,
1344 1474 1563 1522 antequam

185 1534 434 1583 mentiretur,
467 1534 604 1573 occidi.
660 1535 806 1573 misera
838 1536 1031 1585 temporis
1069 1534 1180 1573 illius
1211 1533 1456 1573 recordatio:
1495 1531 1562 1571 de-

186 1594 384 1633 ficientem
408 1596 451 1632 in
478 1594 663 1633 manibus
689 1597 787 1634 meis
813 1595 941 1634 filium
967 1595 1065 1645 vidi,
1096 1596 1234 1646 aspexi
1258 1607 1330 1634 ora
1353 1593 1563 1645 pallentia,

187 1654 352 1706 frigidos
385 1655 604 1705 anhelitus,
641 1656 871 1706 interrupta
909 1656 1082 1707 suspiria
1121 1658 1160 1695 et
1199 1657 1377 1694 animam
1413 1666 1562 1705 magno
1581 1666 1617 1693 2⁵

187 1715 345 1754 silentio
379 1717 603 1765 exeuntem,
644 1729 723 1754 non
754 1718 890 1755 tamen
922 1718 1124 1756 tormenta
1164 1717 1318 1765 laxavi,
1358 1728 1439 1754 non
1471 1713 1562 1754 sub-

187 1777 294 1813 traxi
329 1776 574 1826 restinxique
614 1776 805 1815 flammas.
863 1778 1068 1827 miserere,
1105 1778 1268 1827 mulier,
1305 1789 1354 1815 ne
1393 1787 1562 1826 quaeras

189 1836 360 1885 amplius
401 1848 538 1875 vocem
581 1837 700 1876 huius
742 1837 932 1877 adfectus.
1004 1838 1151 1887 filium,
1193 1838 1264 1888 qui
1303 1836 1562 1886 moriebatur,

286 2002 306 2033 6
327 1998 419 2043 quid
439 1999 600 2044 quaeris,
622 2000 714 2045 quid
734 2015 780 2045 ως
802 2012 892 2037 corr.
910 2009 930 2036 ς’
1003 1977 1166 2047 ΡυὴὲΐῑΒ
1245 1999 1422 2042 {secreti
1441 1998 1563 2035 nostri

189 2048 248 2092 (ex
267 2047 342 2082 mei
362 2049 459 2093 quod
482 2048 564 2094 del.)
582 2060 647 2083 vos
669 2055 711 2083 M
795 2053 815 2084 8
841 2050 1013 2085 vidisetis
1033 2056 1120 2095 BM,
1147 2061 1243 2094 corr..
1259 2057 1327 2084 hm
1410 2052 1430 2084 9
1456 2059 1561 2084 mon-

189 2096 359 2131 struosae
381 2102 414 2130 J
484 2106 564 2132 sae-
584 2098 638 2132 vel
656 2096 891 2133 saeveritatie
911 2105 948 2132 Β
1021 2102 1065 2133 10
1087 2098 1246 2134 excertis
1267 2104 1303 2133 Ρ
1373 2097 1463 2132 hinc
1481 2107 1563 2132 ver-

187 2167 341 2203 beribus
367 2179 467 2213 supr.
489 2175 528 2203 Β
609 2146 705 2204 hora
737 2176 775 2204 Β
882 2174 923 2205 11
952 2171 1120 2207 iacentes
1147 2176 1184 2205 Β
1291 2173 1336 2206 13
1370 2168 1561 2212 admontis

187 2222 267 2250 ΒΜ
373 2220 415 2251 16
443 2217 560 2253 calor:
587 2217 665 2254 lea:
690 2229 780 2254 corr.
803 2225 840 2253 Β
946 2223 988 2254 17
1010 2211 1254 2269 pertractatis
1279 2225 1330 2263 Β;
1358 2217 1562 2265 protractis

188 2265 263 2319 B‘fae.
348 2267 391 2300 18
413 2265 587 2312 collecti}
612 2268 643 2312 (s
663 2268 726 2313 er.)
752 2273 796 2301 M
874 2271 916 2302 19
945 2268 1090 2303 animas
1116 2268 1282 2304 incultus
1308 2273 1346 2302 Β
1422 2270 1468 2301 22
1496 2266 1563 2301 ad-

188 2316 324 2348 missus
352 2328 392 2357 a;
425 2314 550 2350 avisus
577 2321 614 2349 P
733 2318 776 2350 25
809 2315 1001 2351 hanelitus
1031 2323 1067 2350 P
1179 2317 1344 2363 magno}
1373 2316 1406 2362 (s
1432 2315 1497 2361 er.)
1523 2319 1567 2349 M

189 2389 234 2420 26
259 2364 449 2422 tormenta
476 2393 513 2422 Β
632 2391 677 2423 27
702 2388 955 2433 restrinxique
981 2403 1010 2423 ω
1037 2391 1124 2435 (que
1155 2390 1198 2425 in
1226 2400 1299 2425 ras.
1327 2389 1398 2434 Μ);
1422 2399 1515 2424 corr.
1541 2401 1564 2429 y
