1638 2560
173 61 260 104 248
671 57 794 94 APES
819 55 1060 94 PAVPERIS

175 177 262 215 erat
292 175 395 214 nihil
433 175 608 224 amplius
643 173 758 212 velle.
822 172 920 223 quid
954 169 1146 222 prodest?
1208 171 1266 211 sic
1298 181 1458 221 quoque
1487 182 1550 209 me

175 237 369 275 latentem
405 235 560 274 invenit
597 233 763 272 invidia.
826 246 899 272 nec
939 232 989 271 ab
1022 231 1158 281 initio,
1192 231 1363 281 iudices,
1394 231 1550 270 vicinus

177 297 314 336 divitis
347 296 417 345 fui,
448 308 564 346 pares
598 295 703 334 circa
733 307 798 341 me
829 293 1062 332 habitavere
1096 291 1259 342 domini,
1295 293 1336 331 et
1366 291 1551 342 frequen-

175 357 283 396 tibus
321 356 428 395 villis
468 368 629 394 concors
668 354 818 394 vicinia
860 366 1008 404 parvos
1052 353 1203 392 limites
1245 352 1381 392 coluit.
1444 351 1551 403 quod

176 419 281 456 cives
312 416 519 467 pascebat,
554 427 659 454 nunc
691 415 828 454 divitis
861 414 978 453 unius
1010 413 1161 453 hortus.
1212 414 1430 463 postquam
1459 424 1551 463 pro·
1589 424 1606 451 5

175 479 301 516 ximos
334 490 512 527 quosque
548 475 778 515 revellendo
815 474 1009 514 terminos
1048 487 1143 526 ager
1173 473 1389 524 locupletis
1427 473 1551 512 latius

175 537 404 577 inundavit:
443 538 639 587 aequatae
679 536 763 575 solo
795 536 918 574 villae
957 537 997 574 et
1035 536 1167 574 excisa
1203 547 1402 586 pagorum
1438 545 1553 573 sacra

177 601 217 638 et
248 611 337 637 cum
370 597 604 649 coniugibus
642 596 859 647 parvisque
897 595 1034 634 liberis
1067 596 1340 646 respectantes
1372 595 1553 645 patrium

175 660 301 698 larem
331 658 609 710 migraverunt
640 659 794 696 veteres
828 657 978 706 coloni,
1017 657 1057 695 et
1088 656 1197 695 latae
1229 655 1458 695 solitudinis
1489 655 1550 693 in-

176 719 348 758 discreta
379 720 513 757 unitas
546 719 654 757 facta
687 719 763 767 est,
802 719 1018 768 postquam
1051 716 1102 755 ad
1134 728 1229 767 apes
1267 728 1376 755 meas
1412 714 1552 755 divitis
1572 728 1607 755 ιο

174 780 321 818 fundus
361 780 536 819 accessit.
600 791 774 828 namque
813 791 904 830 ego,
940 777 1109 827 iudices,
1148 777 1244 816 dum
1274 776 1420 816 fortius
1453 788 1552 827 opus

174 839 357 891 permisit
389 841 512 889 aetas,
543 841 693 878 terram
724 839 909 878 manibus
942 838 1082 890 subegi
1115 839 1155 877 et
1181 836 1464 876 difficultatem
1494 837 1553 876 la-

175 900 269 939 bore
301 900 511 951 perdomui
550 901 590 938 et
620 900 750 938 invito
783 900 867 938 solo
899 899 1083 938 nonnihil
1119 900 1257 938 tamen
1289 897 1552 938 fecunditatis

177 961 360 1011 expressi.
424 962 503 999 cito
535 960 687 998 labitur
719 960 821 1009 dies,
855 961 894 999 et
924 960 1116 1010 proclivis
1148 959 1191 998 in
1222 971 1395 1010 pronum
1425 958 1554 997 fertur

177 1023 309 1060 aetas:
342 1021 474 1060 abiere
506 1021 623 1070 vires,
655 1033 794 1059 census
827 1032 951 1069 meus,
983 1020 1221 1070 desectoque
1252 1019 1389 1059 labore
1421 1030 1552 1058 senec·
1573 1030 1608 1058 15

175 1083 260 1131 tus,
298 1094 445 1133 magna
476 1093 569 1131 pars
608 1082 767 1130 mortis,
799 1081 902 1119 nihil
934 1081 1035 1120 mihi
1068 1080 1236 1130 reliquit
1273 1080 1351 1120 nisi
1384 1079 1553 1131 diligen-

129 1143 154 1179 3
179 1143 289 1181 tiam.
354 1141 689 1192 circumspicienti
722 1142 828 1191 quod
860 1141 1091 1181 conveniret
1122 1153 1222 1192 opus
1259 1140 1464 1179 invalidae
1496 1152 1554 1179 se·

114 1251 116 1254 Ι
177 1204 350 1241 nectutis
389 1215 523 1252 curae,
562 1202 818 1241 succurrebat
850 1203 964 1252 sequi
1001 1215 1164 1253 pecora,
1202 1202 1369 1251 fetuque
1403 1200 1555 1252 placidi

178 1263 309 1314 gregis
340 1264 621 1313 paupertatem
653 1263 776 1313 tueri3
809 1263 877 1302 sed
910 1276 956 1302 ex
988 1262 1097 1302 omni
1128 1263 1245 1313 parte
1275 1262 1554 1301 circumiectus

178 1323 315 1362 divitis
354 1336 449 1375 ager
481 1325 546 1362 vix
584 1325 747 1362 tenuem
780 1323 831 1361 ad
862 1336 1020 1375 gressus
1053 1336 1162 1362 meos
1201 1323 1388 1362 semitam
1419 1321 1553 1361 dabat.
1575 1334 1610 1360 20

179 1383 274 1433 quid
318 1382 503 1435 agimus?
547 1383 723 1433 inquam.
797 1384 973 1434 undique
1018 1384 1126 1423 vallo
1172 1383 1410 1423 divitiarum
1454 1382 1556 1422 clusi

179 1456 324 1482 sumus.
386 1444 479 1483 hinc
519 1444 672 1483 hortuli
711 1445 942 1495 locupletis,
986 1445 1080 1484 111110
1119 1457 1234 1493 arva,
1272 1443 1366 1483 inde
1404 1444 1555 1492 vineta,

177 1504 270 1542 hinc
296 1505 435 1554 saltus,
467 1505 601 1543 nullus
634 1507 764 1543 terrae
797 1505 918 1543 datur
944 1506 1083 1544 exitus.
1138 1516 1376 1555 quaeramus
1403 1504 1555 1543 animal

179 1564 285 1614 quod
310 1565 429 1603 volet.
481 1579 575 1604 nam
608 1565 705 1615 quid
732 1566 873 1615 apibus
899 1567 1056 1604 invenit
1081 1567 1229 1605 natura
1253 1562 1556 1616 praestantius?

177 1637 333 1704 parcae,
359 1625 506 1675 fideles,
533 1625 767 1664 laboriosae.
819 1639 841 1664 o
870 1627 1020 1665 animal
1046 1627 1176 1666 simile
1201 1625 1463 1677 pauperibus!
1515 1626 1566 1664 et
1575 1637 1610 1664 25

277 1743 294 1774 1
328 1739 458 1775 HIER.
481 1742 625 1786 q.uaest
646 1740 760 1775 Hebr.
782 1740 919 1786 praef.-
953 1752 1012 1776 me
1039 1752 1190 1787 quoque
1219 1740 1353 1788 procul
1379 1740 1427 1776 ab
1452 1739 1555 1775 urbi-

177 1787 266 1831 bus
293 1788 390 1831 foro,
417 1788 567 1832 litibus,
593 1788 715 1823 turbis
741 1791 926 1824 remotum
954 1789 1008 1824 sic
1034 1801 1202 1835 quoque
1228 1791 1271 1825 ut
1298 1788 1556 1833 Quintilianus

177 1836 243 1880 ait,
258 1817 453 1872 latentem
478 1837 623 1872 invenit
647 1837 803 1872 invidia.
854 1837 983 1873 HIER.
1005 1838 1085 1874 vita
1113 1838 1166 1874 St
1187 1837 1330 1873 Malchi
1358 1841 1378 1873 θ
1399 1839 1474 1884 (44)
1502 1837 1556 1872 sic

178 1896 328 1929 quoque
354 1896 413 1920 me
439 1885 621 1920 latentem
649 1885 793 1920 invenit
818 1886 973 1922 invidia

274 1985 294 2016 2
322 1985 407 2017 ante
433 1981 578 2017 iudices
605 1993 652 2017 er.
675 1981 715 2016 di
740 1989 768 2016 V
861 1986 881 2017 5
911 1983 1023 2019 unius
1050 1990 1106 2019 M:
1139 1983 1264 2019 hunus
1290 1982 1330 2030 (h
1356 1983 1424 2019 del.
1446 1983 1483 2028 b)
1502 1988 1554 2027 Β;

175 2041 272 2064 unus
304 2030 440 2075 reliqui
562 2031 665 2065 ortus
691 2036 771 2066 ΒΜ
891 2035 910 2066 6
944 2043 1094 2077 quoque
1127 2038 1170 2067 M
1287 2030 1489 2068 revelendo
1520 2036 1558 2066 B

177 2077 204 2124 (1
222 2090 323 2124 supr.
341 2080 377 2124 b)
453 2089 565 2124 agere
586 2085 636 2122 P·
664 2081 722 2125 ag‘
746 2085 772 2113 S
848 2082 866 2113 7
895 2082 1057 2125 aequato
1080 2087 1122 2115 M
1198 2091 1385 2126 pagorum
1403 2079 1553 2162 scripqi:

173 2172 290 2208 pacor
315 2169 396 2206 BV3
422 2162 533 2208 paria
559 2169 608 2206 M
635 2164 652 2198 t
671 2175 772 2209 supr.
787 2178 846 2207 ηις
866 2164 993 2209 patlia
1013 2127 1556 2248 56·pagoPDess.12d{fi-

176 2210 358 2246 cultatem
379 2211 454 2256 <dif
468 2223 569 2257 supr.
586 2213 622 2258 b)
637 2218 674 2246 Β
785 2215 826 2246 17
857 2212 1224 2258 circonspicientiP
1324 2200 1557 2259 cumvgng‘git

168 2259 347 2294 'eueniret
373 2266 409 2294 P
500 2263 543 2294 19
570 2261 797 2305 paupertate
824 2262 858 2305 <
887 2263 950 2306 εν.)
970 2268 1007 2295 Β
1098 2265 1142 2296 20
1169 2262 1248 2297 vix:
1276 2261 1383 2297 iuxta
1408 2267 1488 2296 ΒΜ

175 2311 220 2343 21
249 2307 368 2343 clausi
395 2314 421 2342 1
538 2312 582 2343 22
610 2308 724 2343 ortuli
751 2315 787 2343 P
907 2313 951 2344 23
978 2310 1039 2345 hie
1067 2309 1186 2345 saltus
1212 2316 1257 2352 Β,
1285 2322 1310 2344 11
1335 2321 1437 2356 supr.
1459 2316 1483 2344 b

175 2359 221 2391 24
245 2355 408 2392 1101011-
423 2355 515 2402 quid
542 2367 608 2391 om.
631 2363 657 2391 S
681 2397 684 2401 v
757 2360 800 2391 25
829 2368 849 2392 o
877 2369 942 2393 om.
965 2364 1001 2392 B
