1638 2560
186 78 277 121 424
613 77 874 119 EXCERPTA
899 79 1098 116 PARISIN
1098 79 1142 116 A.

185 206 268 233 non
295 190 508 243 effundere,
535 194 605 233 sed
631 194 782 234 offerre.
827 207 934 234 nunc
960 195 1125 234 tandem
1152 194 1489 236 considerandum
1515 197 1576 236 est

187 267 267 305 quo
310 255 457 294 affectu
498 255 661 294 haurire
709 256 963 306 praecepisti.
1030 256 1075 296 P.
1107 257 1156 295 ut
1194 269 1336 296 verum
1377 256 1572 296 elicerem.

185 315 238 354 F.
264 316 401 365 immo,
430 316 477 354 ut
502 317 675 354 mortem
699 317 880 355 iniceres.
933 317 1004 367 qui
1028 315 1295 367 parricidium
1320 318 1440 357 vocat
1465 317 1574 368 quod

184 388 266 415 non
298 375 400 426 bibi,
442 377 709 426 permissurus
741 377 838 427 fuit,
872 377 906 415 si
937 376 1074 416 bibere
1105 377 1335 417 voluissem.
1393 391 1482 428 cur,
1512 379 1573 418 in—

186 449 326 487 quam,
370 436 642 487 praecepisti?
705 438 749 476 P.
777 439 875 488 quia
915 440 1129 478 nocentem
1169 438 1332 478 credidi.
1400 439 1448 478 F.
1476 440 1572 478 esto.
1592 452 1611 480 5

185 498 302 548 atqui
342 497 449 537 filius
490 499 682 537 innocens
725 499 855 537 amari
896 498 1032 549 debet,
1073 512 1220 539 nocens
1262 501 1428 539 servari.
1491 512 1574 549 cur,

184 559 365 608 inquam,
390 558 662 609 praecepisti?
717 558 761 598 P.
788 561 835 598 ut
859 561 1116 610 temptarem,
1143 572 1236 610 non,
1260 562 1321 610 ut,
1347 561 1383 599 si
1407 559 1575 610 biberes,

185 620 356 670 paterer.
407 620 456 657 F.
484 619 637 658 frustra
662 621 735 669 est,
762 621 797 659 si
821 621 986 670 morior,
1012 633 1206 671 quaerere
1232 622 1370 660 utrum
1396 621 1575 661 occidere

185 679 370 718 volueris.
428 693 637 730 nunquam
675 680 856 719 movebit
897 680 1003 720 filius
1044 683 1204 732 patrem
1245 682 1354 733 quod
1390 683 1574 735 moritur,

187 741 258 789 qui
288 752 370 779 non
401 741 532 779 movit
570 741 678 791 quod
715 744 884 791 paratus
926 744 997 782 est.
1055 755 1126 782 cur
1162 742 1436 794 praecepisti?
1490 744 1573 782 iam
1594 755 1631 784 ιο

187 800 290 839 silet.
341 802 425 840 iam
451 802 563 851 satis,
590 803 689 841 satis
715 802 855 842 habeo.
908 815 981 855 ego
1009 802 1142 842 dicam
1168 805 1286 855 certe,
1312 805 1359 843 ut
1383 803 1572 843 biberem.

188 861 378 912 deceptus
411 864 472 901 est
510 863 637 912 pater.
695 864 776 912 vis,
808 866 854 902 ut
892 862 1059 903 bibam?
1113 864 1300 915 prohibe,
1332 877 1382 904 ne
1413 864 1573 904 faciam.

185 934 304 961 nemo
337 923 472 973 potest
502 924 566 961 uti
598 935 669 962 suo
702 937 855 964 veneno
889 926 930 963 et
968 925 1137 964 alterius
1173 926 1320 965 animo.
1385 925 1484 976 quid
1515 925 1574 965 fa—

187 984 310 1033 ciam,
353 995 442 1033 oro,
483 985 620 1034 patres
654 982 948 1037 (conscripti),
981 987 1163 1025 omnium
1205 985 1485 1026 miserrimus?
1541 987 1576 1025 si

187 1044 324 1083 vivere
348 1044 454 1092 volo,
479 1044 708 1095 proturbat,
734 1046 911 1096 expellit,
945 1047 980 1085 si
1007 1047 1124 1097 mori,
1155 1047 1404 1098 interpellat,
1437 1048 1574 1100 exigit.
1595 1058 1630 1087 15

188 1105 269 1143 scio
304 1104 402 1154 quid
441 1105 600 1144 faciam.
658 1119 783 1145 unum
825 1109 980 1152 autem,
1021 1109 1157 1158 pater,
1198 1107 1401 1158 deprecor.
1459 1107 1575 1159 quid-

187 1164 286 1214 quid
313 1178 443 1217 egero,
468 1167 668 1216 miserere,
701 1179 751 1206 ne
775 1167 933 1218 iubeas3
965 1169 1167 1217 miserere,
1191 1182 1243 1208 ne
1269 1180 1400 1221 cogas.
1457 1181 1574 1208 vene-

185 1237 284 1263 num
327 1225 489 1276 quidem
536 1228 577 1266 te
617 1226 782 1267 iubente
826 1227 962 1268 bibere
1008 1242 1090 1268 non
1137 1230 1264 1280 potui.
1333 1229 1576 1280 quandoque

185 1287 322 1325 tamen
356 1286 511 1325 occidet
544 1287 650 1337 quod
682 1288 818 1328 bibere
850 1290 1016 1328 iussisti.

489 1418 761 1473 XVIIIsXIX.
792 1421 967 1461 INFAMIS
1001 1435 1043 1461 IN
1075 1435 1262 1462 MATREM.
1595 1435 1634 1464 2⁰.

277 1502 566 1553 Aryumemum
598 1518 633 1544 v.
652 1518 696 1554 p.
725 1507 825 1552 320,
853 1509 890 1546 3.

277 1565 424 1604 Mater.
482 1567 571 1616 etsi,
597 1566 761 1616 iudices,
788 1568 1075 1608 callidissimus
1103 1568 1309 1619 parricida
1335 1570 1392 1609 sic
1417 1570 1575 1609 facinus

188 1624 456 1674 ordinaverit,
494 1628 543 1667 ut
574 1628 747 1666 matrem
778 1629 954 1668 invisam
986 1629 1146 1679 fecerit,
1184 1630 1268 1669 sive
1301 1629 1576 1674 dissimularet
1630 1644 1638 1683 J

187 1686 271 1723 sive
305 1688 556 1736 quereretur,
593 1689 717 1727 matri
754 1690 909 1738 tamen,
947 1691 991 1728 in
1024 1691 1137 1729 cuius
1176 1690 1479 1730 calamitatibus
1511 1704 1575 1730 or-
1628 1689 1638 1731 5³

185 1745 293 1784 bitas
326 1759 406 1785 non
433 1759 634 1787 summum
666 1748 824 1788 obtinet
849 1751 1002 1805 locum,¹
1026 1751 1068 1790 id
1094 1751 1363 1791 insistendum
1389 1752 1451 1791 est
1476 1751 1575 1802 quid
1595 1762 1635 1792 εει

187 1807 402 1846 tormentis
452 1809 685 1858 inquisierit
734 1812 862 1860 pater.
939 1811 1070 1851 Pater.
1141 1811 1354 1852 deberetur
1401 1812 1575 1863 quidem,

186 1865 231 1904 P.
261 1865 315 1916 0.,
346 1869 605 1908 tristissimae
650 1869 837 1910 orbitatis
879 1873 1025 1911 misero
1067 1872 1234 1923 pudori,
1280 1875 1328 1912 ut
1367 1874 1451 1912 iam
1490 1874 1575 1912 iam
1629 1878 1638 1925 ἐ

185 1928 411 1968 taceremus
446 1941 600 1979 omnes,
642 1932 683 1969 et
713 1933 807 1982 post
846 1933 934 1971 tam
971 1933 1224 1985 prodigiosas
1256 1946 1391 1972 rerum
1426 1946 1575 1973 sermo-
1619 1929 1636 1980 j

186 2001 364 2038 numque
396 1990 598 2029 novitates
637 1993 902 2031 novissimum
934 1994 1137 2033 malorum
1178 2006 1264 2033 esse
1295 1994 1435 2033 debuit
1467 1993 1575 2044 quod
1619 1970 1638 2046 ᾗ

185 2047 316 2087 filium
347 2051 465 2099 pater
491 2050 656 2100 occidit,
689 2052 757 2090 sed
783 2054 976 2102 quonia-m
1007 2055 1154 2094 mulier
1184 2055 1392 2094 immodici
1419 2067 1575 2106 semper
1594 2058 1638 2100 a&

286 2204 329 2235 12
357 2212 396 2236 es
422 2207 483 2235 ΓΒ
557 2206 601 2237 14
629 2214 693 2239 oro
716 2205 863 2249 patrm:
891 2205 930 2239 l‘.
953 2205 990 2241 C.
1013 2212 1118 2241 RVB
1199 2210 1242 2242 18
1270 2206 1442 2252 quidem:
1471 2206 1574 2252 quod

186 2254 293 2284 RVB
389 2250 542 2294 quando
570 2257 675 2286 ΕΓΒ
1555 2283 1558 2285 ,

284 2337 329 2369 20
356 2333 510 2369 infamis
537 2335 578 2370 in
604 2338 763 2371 matrem
791 2310 860 2372 XaV
884 2335 947 2373 lex
974 2345 1010 2373 P
1108 2343 1152 2375 ⁴25
1179 2350 1280 2376 nunc
1304 2345 1340 2374 P
1436 2342 1482 2375 26
1509 2339 1574 2375 de·
1613 2315 1617 2323 a

185 2381 293 2418 beret
319 2388 369 2427 1³3
398 2382 583 2418 debentur
615 2390 676 2419 ΥΒ
