1638 2560
201 106 289 149 416
621 99 879 137 EXCERPTA
905 99 1150 136 PARISINA.

626 264 721 303 XIV
724 259 831 315 JXV.
873 261 970 302 Onu
1002 274 1137 302 Po'r10.

203 352 390 392 Meretrix
417 351 589 390 amatori
614 349 725 388 dedit
750 348 832 388 odii
851 349 1068 398 potionem.
1120 348 1283 387 accusat
1308 359 1398 386 eam
1421 358 1578 397 pauper

263 412 452 452 veneficii.
1326 422 1330 425 -

292 522 462 569 Pauper.
519 519 561 557 id
599 519 793 569 primum,
831 517 874 555 P.
909 515 963 566 C..
1002 516 1260 556 considerate.
1326 516 1577 556 meretricem

206 595 357 622 accuso.
414 580 572 620 sceleris
597 579 716 618 fidem
740 590 935 628 personae
961 577 1136 616 conditio
1162 577 1315 627 implet.
1372 577 1576 617 Memfim.
1616 587 1632 614 5

204 643 262 682 rei
299 642 404 680 male
436 640 599 680 confidit
630 640 701 690 qui
734 652 781 678 ex
818 638 1012 678 vocabulo
1047 637 1244 676 invidiam
1277 637 1447 688 quaerit.
1509 636 1578 676 sed

206 703 302 753 quid
333 714 468 754 agam,
509 699 688 740 iudices?
725 701 759 739 si
789 712 935 738 nomen
966 698 1144 738 moribus
1176 698 1405 748 absolvero,
1441 698 1577 747 timeo,

204 776 254 802 ne
279 775 413 801 amare
438 774 574 800 rursus
599 773 752 811 pauper
777 761 957 810 incipiat.
1008 772 1091 808 vos,
1117 770 1188 798 vos
1213 758 1450 810 perpendite
1476 770 1579 808 quae

205 824 252 863 de
292 836 356 862 me
396 824 598 871 matrona,
641 822 730 871 quis
771 822 888 871 pater
928 821 1169 870 conquestus
1211 820 1275 858 sit.
1325 820 1370 858 P.
1402 818 1578 870 primum

206 897 340 923 amare
367 884 510 933 coepit,
535 884 578 921 in
604 895 781 920 amorem
801 881 942 933 coegit.
999 881 1059 919 Μ.
1085 893 1166 919 non
1192 881 1339 930 amavi,
1365 879 1434 920 sed
1458 891 1579 930 passa
1600 890 1634 918 ιο

206 958 304 984 sum.
360 957 441 982 non
467 944 590 995 coegi,
623 942 691 981 sed
714 942 903 982 incidisti.
954 942 998 979 P.
1026 954 1116 981 cum
1144 942 1366 980 meretricis
1393 941 1447 981 sit
1471 939 1579 991 quod
1629 987 1631 991 f

207 1007 385 1054 amatur,
419 1005 531 1043 euius
564 1016 647 1042 esse
678 1004 832 1053 putatis
869 1002 975 1052 quod
1007 1014 1163 1052 pauper
1193 1000 1356 1041 amavi?
1411 1001 1471 1040 M.
1499 1013 1579 1051 qua
1634 1020 1638 1026 ν

207 1078 276 1116 spe
313 1063 503 1104 tandem?
563 1077 665 1114 quae
701 1063 852 1114 praeda
890 1063 938 1102 de
976 1061 1182 1114 paupere?
1235 1063 1280 1101 P.
1307 1062 1450 1101 deinde
1487 1060 1579 1100 odio

206 1126 358 1165 habuit.
414 1126 475 1163 M.
503 1125 608 1174 quod
650 1124 785 1163 odium
825 1124 1046 1163 meretricis
1086 1125 1129 1162 in
1169 1121 1418 1162 amatorem?
1459 1134 1581 1173 quam

206 1188 421 1237 impatiens
459 1187 536 1234 est,
573 1185 616 1222 P.
645 1184 699 1234 G„
736 1187 952 1234 utrumque
990 1185 1169 1233 accusat,
1210 1185 1252 1223 et
1289 1183 1396 1234 quod
1433 1182 1581 1222 amarit
1601 1192 1635 1220 15

208 1250 248 1286 et
274 1247 379 1297 quod
405 1246 577 1285 desierit.
635 1246 679 1283 P.
707 1244 801 1284 Odii
824 1246 1031 1295 potionem
1057 1244 1177 1284 dedit.
1234 1244 1295 1282 M.
1322 1256 1395 1295 pro
1421 1245 1463 1282 te
1487 1244 1582 1292 stat,

207 1311 253 1346 ut
285 1319 419 1346 amare
451 1307 623 1346 desieris.
680 1307 723 1344 P.
751 1308 892 1345 contra
922 1318 986 1344 me
1018 1307 1121 1355 stat,
1156 1307 1202 1344 ut
1231 1305 1384 1344 invitus
1415 1304 1580 1343 oderim.

208 1369 267 1406 M.
294 1370 390 1406 tunc
435 1369 524 1406 tota
565 1368 730 1406 civitate
771 1367 991 1406 meretricis
1040 1378 1128 1405 eras
1176 1366 1337 1405 amicus.
1403 1365 1448 1404 P.
1484 1363 1582 1414 quid

208 1427 401 1467 interest?
457 1440 562 1466 nunc
593 1429 682 1466 tota
707 1427 871 1466 civitate
898 1427 1119 1466 meretricis
1151 1439 1239 1466 sum
1269 1426 1467 1464 inimicus.
1519 1424 1580 1463 M.

209 1489 308 1528 bene
346 1488 472 1527 merui
511 1488 617 1538 quod
652 1501 676 1526 a
706 1489 868 1526 miseria
909 1487 1120 1538 explicitus
1163 1499 1213 1526 es.
1271 1486 1316 1525 P.
1342 1499 1423 1525 non
1460 1485 1583 1524 habet
1601 1494 1638 1522 w

211 1550 383 1602 gratiam
415 1549 521 1599 quod
551 1550 896 1598 praevaricatione
937 1550 1072 1587 actum
1104 1549 1174 1587 est.
1231 1547 1292 1585 M.
1318 1548 1381 1586 tui
1412 1547 1582 1586 caritate

212 1610 395 1648 effectum
427 1611 497 1647 est.
553 1621 633 1647 non
671 1611 805 1659 potest
842 1610 1030 1648 meretrix
1068 1608 1198 1660 magis
1240 1620 1374 1646 amare
1406 1607 1583 1657 aliquem

212 1683 331 1720 quam
358 1683 475 1719 quem
508 1682 642 1708 amare
667 1682 746 1708 non
778 1670 876 1708 vult.
933 1670 977 1707 P.
1004 1681 1120 1708 nemo
1153 1668 1290 1707 odium
1315 1668 1387 1706 dat
1417 1668 1497 1706 nisi
1520 1667 1584 1705 illi
1634 1678 1638 1687 ·

213 1743 329 1780 quem
370 1729 509 1768 oderit.
565 1730 624 1767 Μ.
658 1730 794 1768 odium
834 1731 1027 1769 nominat.
1091 1730 1206 1779 atqui
1252 1730 1364 1768 amat
1402 1727 1583 1778 profecto

214 1791 283 1840 qui
308 1791 488 1840 queritur
514 1790 620 1839 quod
644 1803 725 1829 non
751 1792 916 1829 ametur.
967 1791 1010 1828 P.
1039 1803 1120 1829 non
1147 1802 1292 1839 queror
1317 1788 1424 1839 quod
1449 1800 1584 1826 amare
1604 1788 1638 1824 25'

213 1851 330 1900 desii,
363 1851 430 1889 sed
466 1850 653 1889 illicitum
684 1851 812 1891 hausi.
869 1851 929 1889 M.
957 1851 1071 1902 atqui
1108 1863 1189 1889 non
1227 1851 1314 1889 erat
1346 1849 1429 1888 odii
1458 1848 1583 1899 potio,
1636 1840 1638 1842 ³

215 1911 282 1950 sed
307 1911 439 1950 insani
466 1912 610 1950 amoris
636 1911 865 1949 remedium.
905 1924 985 1950 non
1009 1912 1152 1950 habuit
1171 1910 1278 1961 quod
1302 1909 1488 1960 perderet
1505 1908 1585 1947 nisi

214 1973 398 2010 mentem.
456 1971 499 2008 P.
526 1971 736 2010 immodice
767 1971 954 2010 dicuntur
989 1973 1075 2011 sola
1101 1983 1204 2021 quae
1231 1983 1313 2010 non
1347 1970 1481 2009 licent.
1538 1970 1585 2007 ut

214 2033 256 2070 in
300 2031 475 2069 furorem
522 2044 634 2070 amor
681 2032 950 2081 convalescat,
992 2031 1231 2071 difficultate
1270 2030 1327 2070 fit.
1394 2031 1454 2069 Μ.
1482 2040 1585 2079 quae
1635 2019 1638 2045 ³

215 2091 431 2130 difficultas
463 2090 619 2130 maior?
675 2093 835 2130 turbam
871 2092 1045 2131 divitum
1083 2093 1306 2143 exspectas;
1343 2103 1416 2130 nec
1447 2090 1586 2141 depre-
1605 2083 1638 2135 ad

315 2259 333 2289 1
362 2254 440 2290 odii
466 2254 574 2289 Potio
601 2229 668 2288 Xan
694 2254 754 2289 lex
780 2261 816 2289 Ρ
935 2259 955 2290 6
982 2255 1151 2291 votibulo
1183 2261 1244 2290 VB
1371 2257 1415 2289 12
1442 2253 1588 2288 amator
1630 2230 1638 2285 ³]

217 2303 281 2338 odi
308 2309 412 2338 RVB
494 2306 537 2337 18
565 2302 718 2338 civitate
744 2314 811 2338 om.
838 2309 899 2337 VB
981 2307 1024 2338 22
1052 2303 1231 2339 affectum
1263 2309 1323 2338 VB
1401 2305 1446 2336 25
1467 2300 1589 2336 amari
1628 2289 1638 2316 ²

218 2357 255 2386 P
349 2355 392 2386 27
429 2351 555 2386 insani
588 2351 742 2386 amoris:
782 2351 953 2387 insaniae
987 2358 1091 2387 RVB
1187 2355 1232 2387 28
1265 2351 1437 2397 lig-untur
1468 2355 1540 2384 Ple
1607 2319 1638 2519 j

218 2399 320 2435 solae
346 2414 393 2444 ως
419 2400 561 2435 coro-emi
659 2402 703 2434 29
730 2399 772 2434 fit
797 2411 864 2435 om.
893 2406 929 2434 P
1624 2411 1625 2414 ¹

1612 2504 1638 2560 ’1
