<?xml version="1.0" encoding="UTF-8"?>
<!DOCTYPE html PUBLIC "-//W3C//DTD XHTML 1.0 Transitional//EN"
    "http://www.w3.org/TR/xhtml1/DTD/xhtml1-transitional.dtd">
<html xmlns="http://www.w3.org/1999/xhtml" xml:lang="en" lang="en">
 <head>
  <title>
</title>
<meta http-equiv="Content-Type" content="text/html;charset=utf-8" />
  <meta name='ocr-system' content='tesseract 3.04.00' />
  <meta name='ocr-capabilities' content='ocr_page ocr_carea ocr_par ocr_line ocrx_word'/>
</head>
<body>
  <div class='ocr_page' id='page_1' title='image "./quintilianiquaef00lehnuoft_0075.png"; bbox 0 0 1638 2560; ppageno 0'>
   <div class='ocr_carea' id='block_1_1' title="bbox 529 108 1493 152">
    <p class='ocr_par' dir='ltr' id='par_1_1' title="bbox 529 108 1493 152">
     <span class='ocr_line' id='line_1_1' title="bbox 529 108 1493 152; baseline 0 -8"><span class='ocrx_word' id='word_1_1' title='bbox 529 108 847 146; x_wconf 79' lang='lat' dir='ltr'>DECLAMATIO</span> <span class='ocrx_word' id='word_1_2' title='bbox 872 109 909 144; x_wconf 88' lang='lat' dir='ltr'>H</span> <span class='ocrx_word' id='word_1_3' title='bbox 927 112 1081 145; x_wconf 84' lang='grc'>20-23.</span> <span class='ocrx_word' id='word_1_4' title='bbox 1435 108 1493 152; x_wconf 87' lang='lat'><strong>39</strong></span> 
     </span>
    </p>
   </div>
   <div class='ocr_carea' id='block_1_2' title="bbox 61 223 1568 1732">
    <p class='ocr_par' dir='ltr' id='par_1_2' title="bbox 61 223 1496 822">
     <span class='ocr_line' id='line_1_2' title="bbox 116 223 1494 275; baseline -0.001 -11"><span class='ocrx_word' id='word_1_5' title='bbox 116 238 200 274; x_wconf 87' lang='lat' dir='ltr'><strong>non</strong></span> <span class='ocrx_word' id='word_1_6' title='bbox 235 223 496 274; x_wconf 69' lang='lat' dir='ltr'><strong>abscondere,</strong></span> <span class='ocrx_word' id='word_1_7' title='bbox 534 226 575 263; x_wconf 92' lang='lat' dir='ltr'><strong>et</strong></span> <span class='ocrx_word' id='word_1_8' title='bbox 611 227 749 264; x_wconf 86' lang='lat' dir='ltr'><strong>tamen</strong></span> <span class='ocrx_word' id='word_1_9' title='bbox 787 226 1044 264; x_wconf 87' lang='lat' dir='ltr'><strong>cruentatum</strong></span> <span class='ocrx_word' id='word_1_10' title='bbox 1082 224 1194 264; x_wconf 88' lang='lat' dir='ltr'><strong>sciat.</strong></span> <span class='ocrx_word' id='word_1_11' title='bbox 1257 223 1347 275; x_wconf 89' lang='lat' dir='ltr'><strong>quis</strong></span> <span class='ocrx_word' id='word_1_12' title='bbox 1378 224 1494 274; x_wconf 89' lang='lat' dir='ltr'><strong>hanc,</strong></span> 
     </span>
     <span class='ocr_line' id='line_1_3' title="bbox 116 283 1493 338; baseline 0 -14"><span class='ocrx_word' id='word_1_13' title='bbox 116 284 288 335; x_wconf 76' lang='lat' dir='ltr'><strong>iudices,</strong></span> <span class='ocrx_word' id='word_1_14' title='bbox 320 285 602 336; x_wconf 86' lang='lat' dir='ltr'><strong>inpudentiam</strong></span> <span class='ocrx_word' id='word_1_15' title='bbox 633 283 767 324; x_wconf 77' lang='lat' dir='ltr'><strong>ferat?</strong></span> <span class='ocrx_word' id='word_1_16' title='bbox 827 286 952 338; x_wconf 88' lang='lat' dir='ltr'><strong>negat</strong></span> <span class='ocrx_word' id='word_1_17' title='bbox 983 298 1100 324; x_wconf 88' lang='lat' dir='ltr'><strong>caeco</strong></span> <span class='ocrx_word' id='word_1_18' title='bbox 1133 285 1283 336; x_wconf 90' lang='lat' dir='ltr'>surripi</span> <span class='ocrx_word' id='word_1_19' title='bbox 1313 286 1493 336; x_wconf 90' lang='lat' dir='ltr'><strong>potuisse</strong></span> 
     </span>
     <span class='ocr_line' id='line_1_4' title="bbox 118 345 1493 398; baseline -0.001 -13"><span class='ocrx_word' id='word_1_20' title='bbox 118 345 303 398; x_wconf 78' lang='lat' dir='ltr'><strong>gladium</strong></span> <span class='ocrx_word' id='word_1_21' title='bbox 338 345 488 386; x_wconf 89' lang='lat' dir='ltr'><strong>mulier</strong></span> <span class='ocrx_word' id='word_1_22' title='bbox 517 358 624 397; x_wconf 90' lang='lat' dir='ltr'><strong>quae</strong></span> <span class='ocrx_word' id='word_1_23' title='bbox 661 358 704 385; x_wconf 90' lang='lat' dir='ltr'><strong>se</strong></span> <span class='ocrx_word' id='word_1_24' title='bbox 741 347 878 397; x_wconf 89' lang='lat' dir='ltr'><strong>quiete</strong></span> <span class='ocrx_word' id='word_1_25' title='bbox 915 346 1106 385; x_wconf 81' lang='lat' dir='ltr'><strong>defendit.</strong></span> <span class='ocrx_word' id='word_1_26' title='bbox 1170 348 1210 385; x_wconf 90' lang='lat' dir='ltr'><strong>et</strong></span> <span class='ocrx_word' id='word_1_27' title='bbox 1242 348 1396 397; x_wconf 86' lang='lat' dir='ltr'><strong>quanto</strong></span> <span class='ocrx_word' id='word_1_28' title='bbox 1434 347 1493 384; x_wconf 86' lang='lat' dir='ltr'><strong>fa-</strong></span> 
     </span>
     <span class='ocr_line' id='line_1_5' title="bbox 118 405 1493 459; baseline -0.001 -12"><span class='ocrx_word' id='word_1_29' title='bbox 118 407 235 451; x_wconf 81' lang='lat' dir='ltr'><strong>cilius</strong></span> <span class='ocrx_word' id='word_1_30' title='bbox 265 408 327 446; x_wconf 83' lang='lat' dir='ltr'><strong>est</strong></span> <span class='ocrx_word' id='word_1_31' title='bbox 356 419 517 446; x_wconf 84' lang='lat' dir='ltr'><strong>somnos</strong></span> <span class='ocrx_word' id='word_1_32' title='bbox 548 406 731 457; x_wconf 80' lang='lat' dir='ltr'><strong>decipere</strong></span> <span class='ocrx_word' id='word_1_33' title='bbox 762 405 1031 446; x_wconf 79' lang='lat' dir='ltr'><strong>miserorum?</strong></span> <span class='ocrx_word' id='word_1_34' title='bbox 1093 407 1258 459; x_wconf 84' lang='lat' dir='ltr'><strong>gravior</strong></span> <span class='ocrx_word' id='word_1_35' title='bbox 1289 408 1350 446; x_wconf 92' lang='lat' dir='ltr'><strong>est</strong></span> <span class='ocrx_word' id='word_1_36' title='bbox 1381 406 1493 457; x_wconf 89' lang='lat' dir='ltr'><strong>quies</strong></span> 
     </span>
     <span class='ocr_line' id='line_1_6' title="bbox 82 466 1494 519; baseline 0 -13"><span class='ocrx_word' id='word_1_37' title='bbox 82 482 99 511; x_wconf 74' lang='lat'><strong>5</strong></span> <span class='ocrx_word' id='word_1_38' title='bbox 117 466 263 519; x_wconf 89' lang='lat' dir='ltr'><strong>quibus</strong></span> <span class='ocrx_word' id='word_1_39' title='bbox 294 480 343 506; x_wconf 83' lang='lat' dir='ltr'><strong>ex</strong></span> <span class='ocrx_word' id='word_1_40' title='bbox 372 467 613 507; x_wconf 76' lang='lat' dir='ltr'><strong>lassitudine</strong></span> <span class='ocrx_word' id='word_1_41' title='bbox 644 467 942 507; x_wconf 78' lang='lat' dir='ltr'><strong>calamitatium</strong></span> <span class='ocrx_word' id='word_1_42' title='bbox 973 468 1096 508; x_wconf 85' lang='lat' dir='ltr'><strong>venit.</strong></span> <span class='ocrx_word' id='word_1_43' title='bbox 1159 480 1276 507; x_wconf 85' lang='lat' dir='ltr'><strong>caeco</strong></span> <span class='ocrx_word' id='word_1_44' title='bbox 1307 480 1402 506; x_wconf 83' lang='lat' dir='ltr'><strong>vero</strong></span> <span class='ocrx_word' id='word_1_45' title='bbox 1434 468 1494 506; x_wconf 87' lang='lat' dir='ltr'><strong>fa-</strong></span> 
     </span>
     <span class='ocr_line' id='line_1_7' title="bbox 118 524 1495 580; baseline 0 -12"><span class='ocrx_word' id='word_1_46' title='bbox 118 527 307 578; x_wconf 58' lang='grc'>(31101131,</span> <span class='ocrx_word' id='word_1_47' title='bbox 341 528 465 568; x_wconf 85' lang='lat' dir='ltr'><strong>etiam</strong></span> <span class='ocrx_word' id='word_1_48' title='bbox 496 528 688 580; x_wconf 83' lang='lat' dir='ltr'><strong>vigilanti</strong></span> <span class='ocrx_word' id='word_1_49' title='bbox 719 528 926 579; x_wconf 87' lang='lat' dir='ltr'><strong>subripere</strong></span> <span class='ocrx_word' id='word_1_50' title='bbox 958 528 1152 580; x_wconf 85' lang='lat' dir='ltr'><strong>gladium.</strong></span> <span class='ocrx_word' id='word_1_51' title='bbox 1218 524 1495 580; x_wconf 87' lang='lat' dir='ltr'><strong>[quemadmo-</strong></span> 
     </span>
     <span class='ocr_line' id='line_1_8' title="bbox 118 585 1496 642; baseline 0.001 -15"><span class='ocrx_word' id='word_1_52' title='bbox 118 588 215 628; x_wconf 91' lang='lat' dir='ltr'><strong>dum</strong></span> <span class='ocrx_word' id='word_1_53' title='bbox 250 591 420 640; x_wconf 88' lang='lat' dir='ltr'><strong>paratur</strong></span> <span class='ocrx_word' id='word_1_54' title='bbox 456 585 786 642; x_wconf 86' lang='lat' dir='ltr'><strong>argumentum‘?]</strong></span> <span class='ocrx_word' id='word_1_55' title='bbox 850 589 1050 640; x_wconf 79' lang='lat' dir='ltr'><strong>quaedam</strong></span> <span class='ocrx_word' id='word_1_56' title='bbox 1079 589 1211 628; x_wconf 88' lang='lat' dir='ltr'><strong>facere</strong></span> <span class='ocrx_word' id='word_1_57' title='bbox 1242 602 1324 628; x_wconf 92' lang='lat' dir='ltr'><strong>non</strong></span> <span class='ocrx_word' id='word_1_58' title='bbox 1360 591 1496 640; x_wconf 88' lang='lat' dir='ltr'><strong>potest</strong></span> 
     </span>
     <span class='ocr_line' id='line_1_9' title="bbox 116 649 1495 702; baseline 0 -14"><span class='ocrx_word' id='word_1_59' title='bbox 116 649 392 702; x_wconf 69' lang='lat' dir='ltr'><strong>neglegentia,</strong></span> <span class='ocrx_word' id='word_1_60' title='bbox 430 652 471 688; x_wconf 90' lang='lat' dir='ltr'><strong>et</strong></span> <span class='ocrx_word' id='word_1_61' title='bbox 502 649 663 689; x_wconf 83' lang='lat' dir='ltr'><strong>facilius</strong></span> <span class='ocrx_word' id='word_1_62' title='bbox 689 652 767 700; x_wconf 91' lang='lat' dir='ltr'><strong>est,</strong></span> <span class='ocrx_word' id='word_1_63' title='bbox 799 651 847 688; x_wconf 93' lang='lat' dir='ltr'><strong>ut</strong></span> <span class='ocrx_word' id='word_1_64' title='bbox 878 650 1114 689; x_wconf 87' lang='lat' dir='ltr'><strong>caecitatem</strong></span> <span class='ocrx_word' id='word_1_65' title='bbox 1144 649 1357 689; x_wconf 87' lang='lat' dir='ltr'><strong>imitentur</strong></span> <span class='ocrx_word' id='word_1_66' title='bbox 1387 649 1495 688; x_wconf 88' lang='lat' dir='ltr'><strong>oculi</strong></span> 
     </span>
     <span class='ocr_line' id='line_1_10' title="bbox 118 706 1496 763; baseline 0 -14"><span class='ocrx_word' id='word_1_67' title='bbox 118 706 320 763; x_wconf 83' lang='lat' dir='ltr'><strong>[gladium</strong></span> <span class='ocrx_word' id='word_1_68' title='bbox 346 712 600 750; x_wconf 87' lang='lat' dir='ltr'><strong>cruentatum</strong></span> <span class='ocrx_word' id='word_1_69' title='bbox 619 706 872 763; x_wconf 71' lang='lat' dir='ltr'><strong>reponendi]</strong></span> <span class='ocrx_word' id='word_1_70' title='bbox 916 710 990 750; x_wconf 89' lang='lat' dir='ltr'><strong>has</strong></span> <span class='ocrx_word' id='word_1_71' title='bbox 1015 713 1180 749; x_wconf 92' lang='lat' dir='ltr'><strong>tantum</strong></span> <span class='ocrx_word' id='word_1_72' title='bbox 1205 723 1346 750; x_wconf 83' lang='lat' dir='ltr'><strong>causas</strong></span> <span class='ocrx_word' id='word_1_73' title='bbox 1372 710 1496 749; x_wconf 90' lang='lat' dir='ltr'><strong>habet</strong></span> 
     </span>
     <span class='ocr_line' id='line_1_11' title="bbox 61 770 547 822; baseline -0.002 -11"><span class='ocrx_word' id='word_1_74' title='bbox 61 785 99 812; x_wconf 82' lang='grc' dir='ltr'><strong>1ο</strong></span> <span class='ocrx_word' id='word_1_75' title='bbox 118 770 191 822; x_wconf 89' lang='lat' dir='ltr'><strong>qui</strong></span> <span class='ocrx_word' id='word_1_76' title='bbox 221 770 370 810; x_wconf 88' lang='lat' dir='ltr'><strong>occidit</strong></span> <span class='ocrx_word' id='word_1_77' title='bbox 401 771 547 810; x_wconf 90' lang='lat' dir='ltr'><strong>alieno.</strong></span> 
     </span>
    </p>

    <p class='ocr_par' dir='ltr' id='par_1_3' title="bbox 117 830 1568 1066">
     <span class='ocr_line' id='line_1_12' title="bbox 209 830 1568 884; baseline -0.001 -14"><span class='ocrx_word' id='word_1_78' title='bbox 209 830 362 882; x_wconf 78' lang='lat' dir='ltr'><strong>Sentio,</strong></span> <span class='ocrx_word' id='word_1_79' title='bbox 392 832 556 881; x_wconf 87' lang='lat' dir='ltr'><strong>iudices,</strong></span> <span class='ocrx_word' id='word_1_80' title='bbox 586 831 822 870; x_wconf 90' lang='lat' dir='ltr'><strong>iamdudum</strong></span> <span class='ocrx_word' id='word_1_81' title='bbox 853 831 1058 884; x_wconf 86' lang='lat' dir='ltr'><strong>indignari</strong></span> <span class='ocrx_word' id='word_1_82' title='bbox 1082 832 1353 871; x_wconf 85' lang='lat' dir='ltr'><strong>miserrimum</strong></span> <span class='ocrx_word' id='word_1_83' title='bbox 1384 831 1495 870; x_wconf 84' lang='lat' dir='ltr'><strong>iuve-</strong></span> <span class='ocrx_word' id='word_1_84' title='bbox 1515 831 1568 868; x_wconf 75' lang='lat'><strong>23</strong></span> 
     </span>
     <span class='ocr_line' id='line_1_13' title="bbox 117 892 1496 944; baseline 0 -13"><span class='ocrx_word' id='word_1_85' title='bbox 117 905 210 932; x_wconf 86' lang='lat' dir='ltr'><strong>nem</strong></span> <span class='ocrx_word' id='word_1_86' title='bbox 242 892 350 943; x_wconf 90' lang='lat' dir='ltr'><strong>quod</strong></span> <span class='ocrx_word' id='word_1_87' title='bbox 386 893 654 944; x_wconf 84' lang='lat' dir='ltr'><strong>argumentis,</strong></span> <span class='ocrx_word' id='word_1_88' title='bbox 686 892 795 943; x_wconf 91' lang='lat' dir='ltr'><strong>quod</strong></span> <span class='ocrx_word' id='word_1_89' title='bbox 830 893 1070 943; x_wconf 88' lang='lat' dir='ltr'><strong>probatione</strong></span> <span class='ocrx_word' id='word_1_90' title='bbox 1105 893 1344 931; x_wconf 86' lang='lat' dir='ltr'><strong>defenditur.</strong></span> <span class='ocrx_word' id='word_1_91' title='bbox 1407 892 1496 931; x_wconf 92' lang='lat' dir='ltr'><strong>red-</strong></span> 
     </span>
     <span class='ocr_line' id='line_1_14' title="bbox 117 952 1496 1004; baseline 0 -12"><span class='ocrx_word' id='word_1_92' title='bbox 117 952 250 992; x_wconf 86' lang='lat' dir='ltr'><strong>denda</strong></span> <span class='ocrx_word' id='word_1_93' title='bbox 273 954 369 992; x_wconf 86' lang='lat' dir='ltr'><strong>sunt</strong></span> <span class='ocrx_word' id='word_1_94' title='bbox 392 953 568 993; x_wconf 85' lang='lat' dir='ltr'><strong>maximo</strong></span> <span class='ocrx_word' id='word_1_95' title='bbox 587 954 769 992; x_wconf 85' lang='lat' dir='ltr'><strong>virorum</strong></span> <span class='ocrx_word' id='word_1_96' title='bbox 792 953 1019 1004; x_wconf 86' lang='lat' dir='ltr'><strong>patrocinia</strong></span> <span class='ocrx_word' id='word_1_97' title='bbox 1045 955 1131 992; x_wconf 89' lang='lat' dir='ltr'><strong>tam</strong></span> <span class='ocrx_word' id='word_1_98' title='bbox 1156 953 1248 1004; x_wconf 88' lang='lat' dir='ltr'><strong>piae</strong></span> <span class='ocrx_word' id='word_1_99' title='bbox 1275 953 1496 1002; x_wconf 80' lang='lat' dir='ltr'><strong>caecitatis,</strong></span> 
     </span>
     <span class='ocr_line' id='line_1_15' title="bbox 117 1013 1496 1066; baseline 0 -14"><span class='ocrx_word' id='word_1_100' title='bbox 117 1015 159 1053; x_wconf 90' lang='lat' dir='ltr'><strong>et</strong></span> <span class='ocrx_word' id='word_1_101' title='bbox 189 1014 347 1066; x_wconf 86' lang='lat' dir='ltr'><strong>agenda</strong></span> <span class='ocrx_word' id='word_1_102' title='bbox 377 1014 534 1065; x_wconf 87' lang='lat' dir='ltr'><strong>reliqua</strong></span> <span class='ocrx_word' id='word_1_103' title='bbox 565 1027 660 1065; x_wconf 88' lang='lat' dir='ltr'><strong>pars</strong></span> <span class='ocrx_word' id='word_1_104' title='bbox 691 1026 836 1053; x_wconf 86' lang='lat' dir='ltr'><strong>causae</strong></span> <span class='ocrx_word' id='word_1_105' title='bbox 867 1013 1146 1053; x_wconf 83' lang='lat' dir='ltr'><strong>admiratione.</strong></span> <span class='ocrx_word' id='word_1_106' title='bbox 1203 1013 1354 1053; x_wconf 86' lang='lat' dir='ltr'><strong>intueri</strong></span> <span class='ocrx_word' id='word_1_107' title='bbox 1383 1013 1496 1063; x_wconf 84' lang='lat' dir='ltr'><strong>mihi,</strong></span> 
     </span>
    </p>

    <p class='ocr_par' dir='ltr' id='par_1_4' title="bbox 63 1073 1498 1732">
     <span class='ocr_line' id='line_1_16' title="bbox 63 1073 1495 1125; baseline -0.002 -9"><span class='ocrx_word' id='word_1_108' title='bbox 63 1089 99 1116; x_wconf 73' lang='lat'><strong>15</strong></span> <span class='ocrx_word' id='word_1_109' title='bbox 117 1073 287 1125; x_wconf 83' lang='lat' dir='ltr'><strong>iudices,</strong></span> <span class='ocrx_word' id='word_1_110' title='bbox 325 1074 466 1114; x_wconf 81' lang='lat' dir='ltr'><strong>videor</strong></span> <span class='ocrx_word' id='word_1_111' title='bbox 502 1075 769 1125; x_wconf 77' lang='lat' dir='ltr'><strong>expeditionis</strong></span> <span class='ocrx_word' id='word_1_112' title='bbox 807 1074 918 1114; x_wconf 90' lang='lat' dir='ltr'><strong>illius</strong></span> <span class='ocrx_word' id='word_1_113' title='bbox 955 1074 1233 1114; x_wconf 88' lang='lat' dir='ltr'><strong>incredibilem</strong></span> <span class='ocrx_word' id='word_1_114' title='bbox 1269 1087 1495 1125; x_wconf 85' lang='lat' dir='ltr'><strong>novamque</strong></span> 
     </span>
     <span class='ocr_line' id='line_1_17' title="bbox 94 1135 1495 1186; baseline 0.001 -13"><span class='ocrx_word' id='word_1_115' title='bbox 94 1135 274 1179; x_wconf 51' lang='lat' dir='ltr'><strong>faciem.</strong></span> <span class='ocrx_word' id='word_1_116' title='bbox 324 1135 438 1175; x_wconf 85' lang='lat' dir='ltr'><strong>vadit</strong></span> <span class='ocrx_word' id='word_1_117' title='bbox 469 1138 587 1186; x_wconf 87' lang='lat' dir='ltr'><strong>rapto</strong></span> <span class='ocrx_word' id='word_1_118' title='bbox 618 1138 734 1186; x_wconf 89' lang='lat' dir='ltr'><strong>patre</strong></span> <span class='ocrx_word' id='word_1_119' title='bbox 759 1135 916 1175; x_wconf 81' lang='lat' dir='ltr'><strong>iuvenis</strong></span> <span class='ocrx_word' id='word_1_120' title='bbox 947 1149 1020 1186; x_wconf 92' lang='lat' dir='ltr'><strong>per</strong></span> <span class='ocrx_word' id='word_1_121' title='bbox 1045 1135 1229 1174; x_wconf 86' lang='lat' dir='ltr'><strong>ardentes</strong></span> <span class='ocrx_word' id='word_1_122' title='bbox 1256 1138 1495 1175; x_wconf 87' lang='lat' dir='ltr'><strong>crescentes-</strong></span> 
     </span>
     <span class='ocr_line' id='line_1_18' title="bbox 118 1194 1497 1247; baseline 0 -12"><span class='ocrx_word' id='word_1_123' title='bbox 118 1209 197 1246; x_wconf 89' lang='lat' dir='ltr'><strong>que</strong></span> <span class='ocrx_word' id='word_1_124' title='bbox 227 1196 424 1235; x_wconf 88' lang='lat' dir='ltr'><strong>flammas.</strong></span> <span class='ocrx_word' id='word_1_125' title='bbox 473 1196 674 1235; x_wconf 89' lang='lat' dir='ltr'><strong>dicturum</strong></span> <span class='ocrx_word' id='word_1_126' title='bbox 707 1210 771 1235; x_wconf 92' lang='lat' dir='ltr'><strong>me</strong></span> <span class='ocrx_word' id='word_1_127' title='bbox 802 1196 971 1247; x_wconf 87' lang='lat' dir='ltr'><strong>putatis,</strong></span> <span class='ocrx_word' id='word_1_128' title='bbox 1002 1198 1049 1235; x_wconf 90' lang='lat' dir='ltr'><strong>ut</strong></span> <span class='ocrx_word' id='word_1_129' title='bbox 1074 1196 1233 1246; x_wconf 83' lang='lat' dir='ltr'><strong>evadat,</strong></span> <span class='ocrx_word' id='word_1_130' title='bbox 1266 1198 1310 1235; x_wconf 90' lang='lat' dir='ltr'><strong>ut</strong></span> <span class='ocrx_word' id='word_1_131' title='bbox 1336 1194 1497 1247; x_wconf 81' lang='lat' dir='ltr'><strong>fugiat?</strong></span> 
     </span>
     <span class='ocr_line' id='line_1_19' title="bbox 116 1256 1496 1307; baseline -0.001 -11"><span class='ocrx_word' id='word_1_132' title='bbox 116 1259 309 1307; x_wconf 87' lang='lat' dir='ltr'><strong>properat</strong></span> <span class='ocrx_word' id='word_1_133' title='bbox 338 1258 472 1306; x_wconf 90' lang='lat' dir='ltr'><strong>miser,</strong></span> <span class='ocrx_word' id='word_1_134' title='bbox 504 1259 551 1296; x_wconf 90' lang='lat' dir='ltr'><strong>ut</strong></span> <span class='ocrx_word' id='word_1_135' title='bbox 582 1258 821 1297; x_wconf 79' lang='lat' dir='ltr'><strong>revertatur.</strong></span> <span class='ocrx_word' id='word_1_136' title='bbox 874 1270 924 1296; x_wconf 89' lang='lat' dir='ltr'><strong>en</strong></span> <span class='ocrx_word' id='word_1_137' title='bbox 954 1256 1121 1296; x_wconf 90' lang='lat' dir='ltr'><strong>menbra</strong></span> <span class='ocrx_word' id='word_1_138' title='bbox 1151 1259 1343 1296; x_wconf 85' lang='lat' dir='ltr'><strong>contactu</strong></span> <span class='ocrx_word' id='word_1_139' title='bbox 1377 1258 1496 1295; x_wconf 82' lang='lat' dir='ltr'><strong>strin-</strong></span> 
     </span>
     <span class='ocr_line' id='line_1_20' title="bbox 118 1317 1497 1369; baseline -0.001 -12"><span class='ocrx_word' id='word_1_140' title='bbox 118 1319 272 1368; x_wconf 78' lang='lat' dir='ltr'><strong>guntur</strong></span> <span class='ocrx_word' id='word_1_141' title='bbox 301 1317 476 1369; x_wconf 84' lang='lat' dir='ltr'><strong>ignium,</strong></span> <span class='ocrx_word' id='word_1_142' title='bbox 514 1320 632 1368; x_wconf 86' lang='lat' dir='ltr'><strong>pater</strong></span> <span class='ocrx_word' id='word_1_143' title='bbox 661 1320 799 1357; x_wconf 87' lang='lat' dir='ltr'><strong>tamen</strong></span> <span class='ocrx_word' id='word_1_144' title='bbox 830 1319 919 1357; x_wconf 86' lang='lat' dir='ltr'><strong>toto</strong></span> <span class='ocrx_word' id='word_1_145' title='bbox 951 1319 1180 1369; x_wconf 84' lang='lat' dir='ltr'><strong>cooperitur</strong></span> <span class='ocrx_word' id='word_1_146' title='bbox 1211 1318 1418 1368; x_wconf 80' lang='lat' dir='ltr'><strong>amplexu,</strong></span> <span class='ocrx_word' id='word_1_147' title='bbox 1456 1320 1497 1356; x_wconf 89' lang='lat' dir='ltr'><strong>et</strong></span> 
     </span>
     <span class='ocr_line' id='line_1_21' title="bbox 63 1377 1496 1430; baseline -0.001 -12"><span class='ocrx_word' id='word_1_148' title='bbox 63 1393 99 1418; x_wconf 81' lang='lat'><strong>20</strong></span> <span class='ocrx_word' id='word_1_149' title='bbox 118 1377 353 1417; x_wconf 87' lang='lat' dir='ltr'><strong>ardentibus</strong></span> <span class='ocrx_word' id='word_1_150' title='bbox 389 1380 487 1418; x_wconf 84' lang='lat' dir='ltr'><strong>tunc</strong></span> <span class='ocrx_word' id='word_1_151' title='bbox 518 1392 676 1430; x_wconf 93' lang='lat' dir='ltr'><strong>quoque</strong></span> <span class='ocrx_word' id='word_1_152' title='bbox 714 1391 842 1429; x_wconf 89' lang='lat' dir='ltr'><strong>paene</strong></span> <span class='ocrx_word' id='word_1_153' title='bbox 874 1378 1093 1417; x_wconf 89' lang='lat' dir='ltr'><strong>luminibus</strong></span> <span class='ocrx_word' id='word_1_154' title='bbox 1130 1380 1317 1417; x_wconf 82' lang='lat' dir='ltr'><strong>texerunt</strong></span> <span class='ocrx_word' id='word_1_155' title='bbox 1354 1390 1496 1419; x_wconf 89' lang='lat' dir='ltr'><strong>manus</strong></span> 
     </span>
     <span class='ocr_line' id='line_1_22' title="bbox 119 1439 1498 1506; baseline -0.001 -28"><span class='ocrx_word' id='word_1_156' title='bbox 119 1439 287 1478; x_wconf 88' lang='lat' dir='ltr'><strong>alterius</strong></span> <span class='ocrx_word' id='word_1_157' title='bbox 313 1439 462 1478; x_wconf 87' lang='lat' dir='ltr'><strong>oculos.</strong></span> <span class='ocrx_word' id='word_1_158' title='bbox 512 1439 586 1479; x_wconf 83' lang='lat' dir='ltr'><strong>hoc</strong></span> <span class='ocrx_word' id='word_1_159' title='bbox 612 1452 717 1478; x_wconf 89' lang='lat' dir='ltr'><strong>nunc</strong></span> <span class='ocrx_word' id='word_1_160' title='bbox 742 1452 806 1478; x_wconf 89' lang='lat' dir='ltr'><strong>me</strong></span> <span class='ocrx_word' id='word_1_161' title='bbox 831 1440 987 1506; x_wconf 79' lang='lat' dir='ltr'><strong>putatis</strong></span> <span class='ocrx_word' id='word_1_162' title='bbox 1019 1441 1192 1490; x_wconf 86' lang='lat' dir='ltr'><strong>stupere,</strong></span> <span class='ocrx_word' id='word_1_163' title='bbox 1224 1439 1364 1478; x_wconf 84' lang='lat' dir='ltr'><strong>mirari</strong></span> <span class='ocrx_word' id='word_1_164' title='bbox 1390 1439 1498 1490; x_wconf 86' lang='lat' dir='ltr'><strong>quod</strong></span> 
     </span>
     <span class='ocr_line' id='line_1_23' title="bbox 117 1499 1497 1551; baseline -0.002 -10"><span class='ocrx_word' id='word_1_165' title='bbox 117 1499 212 1541; x_wconf 90' lang='lat' dir='ltr'><strong>huic</strong></span> <span class='ocrx_word' id='word_1_166' title='bbox 249 1499 408 1539; x_wconf 86' lang='lat' dir='ltr'><strong>iuvenis</strong></span> <span class='ocrx_word' id='word_1_167' title='bbox 447 1501 559 1540; x_wconf 89' lang='lat' dir='ltr'><strong>oneri</strong></span> <span class='ocrx_word' id='word_1_168' title='bbox 595 1513 668 1550; x_wconf 93' lang='lat' dir='ltr'><strong>per</strong></span> <span class='ocrx_word' id='word_1_169' title='bbox 704 1500 857 1539; x_wconf 81' lang='lat' dir='ltr'><strong>medios</strong></span> <span class='ocrx_word' id='word_1_170' title='bbox 895 1499 1053 1551; x_wconf 87' lang='lat' dir='ltr'><strong>ignium</strong></span> <span class='ocrx_word' id='word_1_171' title='bbox 1090 1499 1232 1551; x_wconf 87' lang='lat' dir='ltr'><strong>globos</strong></span> <span class='ocrx_word' id='word_1_172' title='bbox 1265 1502 1305 1539; x_wconf 90' lang='lat' dir='ltr'><strong>et</strong></span> <span class='ocrx_word' id='word_1_173' title='bbox 1335 1500 1497 1538; x_wconf 88' lang='lat' dir='ltr'><strong>ruentia</strong></span> 
     </span>
     <span class='ocr_line' id='line_1_24' title="bbox 117 1558 1497 1610; baseline 0 -11"><span class='ocrx_word' id='word_1_174' title='bbox 117 1563 227 1599; x_wconf 85' lang='lat' dir='ltr'><strong>tecta</strong></span> <span class='ocrx_word' id='word_1_175' title='bbox 264 1558 440 1600; x_wconf 79' lang='lat' dir='ltr'><strong>sufficit?</strong></span> <span class='ocrx_word' id='word_1_176' title='bbox 477 1561 583 1599; x_wconf 91' lang='lat' dir='ltr'><strong>illud</strong></span> <span class='ocrx_word' id='word_1_177' title='bbox 620 1563 681 1600; x_wconf 88' lang='lat' dir='ltr'><strong>est</strong></span> <span class='ocrx_word' id='word_1_178' title='bbox 719 1561 783 1599; x_wconf 87' lang='lat' dir='ltr'><strong>cui</strong></span> <span class='ocrx_word' id='word_1_179' title='bbox 821 1561 888 1599; x_wconf 83' lang='lat' dir='ltr'><strong>vix</strong></span> <span class='ocrx_word' id='word_1_180' title='bbox 925 1560 1071 1599; x_wconf 90' lang='lat' dir='ltr'><strong>habere</strong></span> <span class='ocrx_word' id='word_1_181' title='bbox 1102 1560 1232 1610; x_wconf 87' lang='lat' dir='ltr'><strong>possit</strong></span> <span class='ocrx_word' id='word_1_182' title='bbox 1268 1560 1497 1600; x_wconf 86' lang='lat' dir='ltr'><strong>mortalitas</strong></span> 
     </span>
     <span class='ocr_line' id='line_1_25' title="bbox 118 1620 1498 1672; baseline 0 -13"><span class='ocrx_word' id='word_1_183' title='bbox 118 1620 256 1659; x_wconf 88' lang='lat' dir='ltr'><strong>fidem:</strong></span> <span class='ocrx_word' id='word_1_184' title='bbox 300 1621 413 1660; x_wconf 83' lang='lat' dir='ltr'><strong>visus</strong></span> <span class='ocrx_word' id='word_1_185' title='bbox 450 1624 511 1660; x_wconf 87' lang='lat' dir='ltr'><strong>est</strong></span> <span class='ocrx_word' id='word_1_186' title='bbox 549 1621 627 1660; x_wconf 90' lang='lat' dir='ltr'><strong>sibi</strong></span> <span class='ocrx_word' id='word_1_187' title='bbox 664 1622 805 1660; x_wconf 86' lang='lat' dir='ltr'><strong>fecisse</strong></span> <span class='ocrx_word' id='word_1_188' title='bbox 843 1635 928 1660; x_wconf 90' lang='lat' dir='ltr'><strong>rem</strong></span> <span class='ocrx_word' id='word_1_189' title='bbox 970 1621 1141 1660; x_wconf 85' lang='lat' dir='ltr'><strong>facilem</strong></span> <span class='ocrx_word' id='word_1_190' title='bbox 1205 1623 1399 1672; x_wconf 86' lang='lat' dir='ltr'><strong>quantae,</strong></span> <span class='ocrx_word' id='word_1_191' title='bbox 1440 1620 1498 1659; x_wconf 90' lang='lat' dir='ltr'><strong>dii</strong></span> 
     </span>
     <span class='ocr_line' id='line_1_26' title="bbox 65 1681 1496 1732; baseline -0.002 -10"><span class='ocrx_word' id='word_1_192' title='bbox 65 1696 100 1722; x_wconf 78' lang='lat'><strong>25</strong></span> <span class='ocrx_word' id='word_1_193' title='bbox 120 1681 315 1732; x_wconf 89' lang='lat' dir='ltr'><strong>deaeque,</strong></span> <span class='ocrx_word' id='word_1_194' title='bbox 347 1682 512 1732; x_wconf 88' lang='lat' dir='ltr'><strong>pietatis</strong></span> <span class='ocrx_word' id='word_1_195' title='bbox 545 1682 715 1720; x_wconf 86' lang='lat' dir='ltr'><strong>audacia</strong></span> <span class='ocrx_word' id='word_1_196' title='bbox 748 1684 826 1731; x_wconf 89' lang='lat' dir='ltr'><strong>est,</strong></span> <span class='ocrx_word' id='word_1_197' title='bbox 858 1682 916 1720; x_wconf 89' lang='lat' dir='ltr'><strong>ire</strong></span> <span class='ocrx_word' id='word_1_198' title='bbox 947 1694 1086 1720; x_wconf 88' lang='lat' dir='ltr'><strong>rursus</strong></span> <span class='ocrx_word' id='word_1_199' title='bbox 1118 1682 1161 1720; x_wconf 89' lang='grc'><strong>111</strong></span> <span class='ocrx_word' id='word_1_200' title='bbox 1191 1681 1393 1732; x_wconf 86' lang='lat' dir='ltr'><strong>flammas,</strong></span> <span class='ocrx_word' id='word_1_201' title='bbox 1425 1681 1496 1720; x_wconf 89' lang='lat' dir='ltr'><strong>illo</strong></span> 
     </span>
    </p>
   </div>
   <div class='ocr_carea' id='block_1_3' title="bbox 118 1795 408 1799">
    <p class='ocr_par' dir='ltr' id='par_1_5' title="bbox 118 1795 408 1799">
     <span class='ocr_line' id='line_1_27' title="bbox 118 1795 408 1799; baseline 0 0"><span class='ocrx_word' id='word_1_202' title='bbox 118 1795 408 1799; x_wconf 95' lang='lat' dir='ltr'><strong> </strong></span> 
     </span>
    </p>
   </div>
   <div class='ocr_carea' id='block_1_4' title="bbox 118 1856 1502 2341">
    <p class='ocr_par' dir='ltr' id='par_1_6' title="bbox 118 1856 1502 2341">
     <span class='ocr_line' id='line_1_28' title="bbox 178 1856 1502 1916; baseline -0.002 -10"><span class='ocrx_word' id='word_1_203' title='bbox 178 1856 235 1906; x_wconf 75' lang='lat'><strong>‘1</strong></span> <span class='ocrx_word' id='word_1_204' title='bbox 263 1871 393 1906; x_wconf 82' lang='lat' dir='ltr'><strong>tamen</strong></span> <span class='ocrx_word' id='word_1_205' title='bbox 412 1869 515 1916; x_wconf 90' lang='lat' dir='ltr'><strong>quod</strong></span> <span class='ocrx_word' id='word_1_206' title='bbox 537 1871 776 1905; x_wconf 87' lang='lat' dir='ltr'><strong>cruentatum</strong></span> <span class='ocrx_word' id='word_1_207' title='bbox 797 1876 840 1905; x_wconf 71' lang='lat' dir='ltr'><strong>J!</strong></span> <span class='ocrx_word' id='word_1_208' title='bbox 898 1869 1000 1915; x_wconf 86' lang='lat' dir='ltr'><strong>quis:</strong></span> <span class='ocrx_word' id='word_1_209' title='bbox 1028 1862 1121 1916; x_wconf 79' lang='lat' dir='ltr'><strong>quid</strong></span> <span class='ocrx_word' id='word_1_210' title='bbox 1149 1877 1178 1905; x_wconf 67' lang='lat' dir='ltr'><strong><em>V</em></strong></span> <span class='ocrx_word' id='word_1_211' title='bbox 1241 1874 1261 1906; x_wconf 98' lang='grc'>2</span> <span class='ocrx_word' id='word_1_212' title='bbox 1289 1869 1455 1916; x_wconf 80' lang='lat' dir='ltr'><strong>suprripi</strong></span> <span class='ocrx_word' id='word_1_213' title='bbox 1475 1875 1502 1903; x_wconf 72' lang='lat'><strong>1·</strong></span> 
     </span>
     <span class='ocr_line' id='line_1_29' title="bbox 119 1917 1497 1965; baseline -0.001 -11"><span class='ocrx_word' id='word_1_214' title='bbox 119 1922 141 1954; x_wconf 88' lang='lat'>5</span> <span class='ocrx_word' id='word_1_215' title='bbox 167 1918 306 1965; x_wconf 87' lang='lat' dir='ltr'><strong>quibus</strong></span> <span class='ocrx_word' id='word_1_216' title='bbox 332 1929 400 1954; x_wconf 87' lang='lat' dir='ltr'><strong>om.</strong></span> <span class='ocrx_word' id='word_1_217' title='bbox 427 1925 455 1953; x_wconf 72' lang='lat' dir='ltr'><strong><em>V</em></strong></span> <span class='ocrx_word' id='word_1_218' title='bbox 525 1917 803 1961; x_wconf 76' lang='lat' dir='ltr'><strong>calamitatium</strong></span> <span class='ocrx_word' id='word_1_219' title='bbox 828 1924 879 1963; x_wconf 67' lang='lat' dir='ltr'><strong>B,</strong></span> <span class='ocrx_word' id='word_1_220' title='bbox 906 1918 1020 1954; x_wconf 85' lang='lat' dir='ltr'><strong>—tium</strong></span> <span class='ocrx_word' id='word_1_221' title='bbox 1046 1925 1112 1953; x_wconf 66' lang='grc' dir='ltr'><strong>ΓΜ</strong></span> <span class='ocrx_word' id='word_1_222' title='bbox 1125 1919 1372 1961; x_wconf 78' lang='lat' dir='ltr'><strong>Colbertinus3</strong></span> <span class='ocrx_word' id='word_1_223' title='bbox 1398 1920 1497 1953; x_wconf 83' lang='lat' dir='ltr'><strong>-tum</strong></span> 
     </span>
     <span class='ocr_line' id='line_1_30' title="bbox 118 1966 1496 2013; baseline -0.001 -10"><span class='ocrx_word' id='word_1_224' title='bbox 118 1967 255 2013; x_wconf 75' lang='lat' dir='ltr'><strong>reliqui</strong></span> <span class='ocrx_word' id='word_1_225' title='bbox 352 1971 374 2002; x_wconf 82' lang='lat'>6</span> <span class='ocrx_word' id='word_1_226' title='bbox 387 1979 438 2012; x_wconf 76' lang='lat' dir='ltr'><strong>sq.</strong></span> <span class='ocrx_word' id='word_1_227' title='bbox 466 1966 785 2012; x_wconf 88' lang='lat' dir='ltr'><strong>quemadmodum</strong></span> <span class='ocrx_word' id='word_1_228' title='bbox 801 1989 845 1993; x_wconf 89' lang='lat'><strong>—</strong></span> <span class='ocrx_word' id='word_1_229' title='bbox 861 1969 1128 2013; x_wconf 86' lang='lat' dir='ltr'><strong>argumentum</strong></span> <span class='ocrx_word' id='word_1_230' title='bbox 1154 1967 1222 2004; x_wconf 86' lang='lat' dir='ltr'><strong>del.</strong></span> <span class='ocrx_word' id='word_1_231' title='bbox 1251 1968 1347 2004; x_wconf 77' lang='lat' dir='ltr'><strong>Dess</strong></span> <span class='ocrx_word' id='word_1_232' title='bbox 1456 1966 1496 2001; x_wconf 92' lang='lat' dir='ltr'><strong>in</strong></span> 
     </span>
     <span class='ocr_line' id='line_1_31' title="bbox 120 2014 1498 2062; baseline -0.001 -11"><span class='ocrx_word' id='word_1_233' title='bbox 120 2014 208 2051; x_wconf 84' lang='lat' dir='ltr'><strong>aliis</strong></span> <span class='ocrx_word' id='word_1_234' title='bbox 227 2015 336 2051; x_wconf 85' lang='lat' dir='ltr'><strong>libris</strong></span> <span class='ocrx_word' id='word_1_235' title='bbox 355 2027 432 2051; x_wconf 92' lang='lat' dir='ltr'><strong>non</strong></span> <span class='ocrx_word' id='word_1_236' title='bbox 451 2015 494 2050; x_wconf 79' lang='lat' dir='ltr'><strong>fit</strong></span> <span class='ocrx_word' id='word_1_237' title='bbox 513 2015 762 2062; x_wconf 89' lang='lat' dir='ltr'><strong>interrogatio</strong></span> <span class='ocrx_word' id='word_1_238' title='bbox 782 2017 870 2062; x_wconf 88' lang='lat' dir='ltr'><strong>post</strong></span> <span class='ocrx_word' id='word_1_239' title='bbox 889 2017 1167 2062; x_wconf 86' lang='lat' dir='ltr'><strong>argumentum,</strong></span> <span class='ocrx_word' id='word_1_240' title='bbox 1188 2016 1255 2051; x_wconf 83' lang='lat' dir='ltr'><strong>sed</strong></span> <span class='ocrx_word' id='word_1_241' title='bbox 1273 2017 1436 2051; x_wconf 87' lang='lat' dir='ltr'><strong>metrum</strong></span> <span class='ocrx_word' id='word_1_242' title='bbox 1456 2015 1498 2050; x_wconf 75' lang='lat' dir='ltr'><strong>in</strong></span> 
     </span>
     <span class='ocr_line' id='line_1_32' title="bbox 119 2063 1498 2111; baseline -0.001 -12"><span class='ocrx_word' id='word_1_243' title='bbox 119 2075 292 2111; x_wconf 50' lang='lat' dir='ltr'><strong>maran·</strong></span> <span class='ocrx_word' id='word_1_244' title='bbox 355 2067 374 2099; x_wconf 79' lang='lat'><strong>7</strong></span> <span class='ocrx_word' id='word_1_245' title='bbox 403 2065 532 2100; x_wconf 86' lang='lat' dir='ltr'><strong>autem</strong></span> <span class='ocrx_word' id='word_1_246' title='bbox 551 2069 637 2099; x_wconf 83' lang='lat' dir='ltr'><strong>ante</strong></span> <span class='ocrx_word' id='word_1_247' title='bbox 661 2065 839 2110; x_wconf 84' lang='lat' dir='ltr'><strong>paratum</strong></span> <span class='ocrx_word' id='word_1_248' title='bbox 864 2064 950 2099; x_wconf 81' lang='lat' dir='ltr'><strong>add.</strong></span> <span class='ocrx_word' id='word_1_249' title='bbox 965 2073 1052 2107; x_wconf 70' lang='grc' dir='ltr'><strong>ηιβγ</strong></span> <span class='ocrx_word' id='word_1_250' title='bbox 1112 2065 1261 2110; x_wconf 89' lang='lat' dir='ltr'><strong>paritur</strong></span> <span class='ocrx_word' id='word_1_251' title='bbox 1278 2071 1311 2099; x_wconf 79' lang='lat' dir='ltr'><em>J</em></span> <span class='ocrx_word' id='word_1_252' title='bbox 1368 2068 1388 2099; x_wconf 88' lang='grc'><strong>9</strong></span> <span class='ocrx_word' id='word_1_253' title='bbox 1415 2063 1498 2109; x_wconf 87' lang='lat' dir='ltr'><strong>gla-</strong></span> 
     </span>
     <span class='ocr_line' id='line_1_33' title="bbox 121 2112 1496 2195; baseline -0.001 -47"><span class='ocrx_word' id='word_1_254' title='bbox 121 2112 228 2148; x_wconf 88' lang='lat' dir='ltr'><strong>dium</strong></span> <span class='ocrx_word' id='word_1_255' title='bbox 253 2133 299 2139; x_wconf 91' lang='grc'><strong>--</strong></span> <span class='ocrx_word' id='word_1_256' title='bbox 325 2112 535 2195; x_wconf 59' lang='lat' dir='ltr'><strong>reponendii</strong></span> <span class='ocrx_word' id='word_1_257' title='bbox 561 2112 629 2149; x_wconf 84' lang='lat' dir='ltr'><strong>del.</strong></span> <span class='ocrx_word' id='word_1_258' title='bbox 649 2113 757 2149; x_wconf 81' lang='lat' dir='ltr'><strong>Dess.</strong></span> <span class='ocrx_word' id='word_1_259' title='bbox 779 2124 819 2158; x_wconf 80' lang='lat' dir='ltr'><strong>p.</strong></span> <span class='ocrx_word' id='word_1_260' title='bbox 842 2115 891 2148; x_wconf 74' lang='lat'><strong>72</strong></span> <span class='ocrx_word' id='word_1_261' title='bbox 967 2113 1176 2159; x_wconf 88' lang='lat' dir='ltr'><strong>reponendi</strong></span> <span class='ocrx_word' id='word_1_262' title='bbox 1203 2127 1244 2148; x_wconf 79' lang='lat' dir='ltr'><strong>a:</strong></span> <span class='ocrx_word' id='word_1_263' title='bbox 1270 2114 1496 2158; x_wconf 86' lang='lat' dir='ltr'><strong>reponentes</strong></span> 
     </span>
     <span class='ocr_line' id='line_1_34' title="bbox 119 2171 1494 2241; baseline -0.001 -9"><span class='ocrx_word' id='word_1_264' title='bbox 119 2206 179 2241; x_wconf 76' lang='grc' dir='ltr'><strong>βγς</strong></span> <span class='ocrx_word' id='word_1_265' title='bbox 204 2197 272 2232; x_wconf 86' lang='lat' dir='ltr'><strong>-tis</strong></span> <span class='ocrx_word' id='word_1_266' title='bbox 298 2205 326 2232; x_wconf 76' lang='lat' dir='ltr'><strong>d·</strong></span> <span class='ocrx_word' id='word_1_267' title='bbox 404 2201 447 2232; x_wconf 90' lang='grc'><strong>12</strong></span> <span class='ocrx_word' id='word_1_268' title='bbox 474 2171 593 2232; x_wconf 58' lang='lat' dir='ltr'><strong>red3da</strong></span> <span class='ocrx_word' id='word_1_269' title='bbox 619 2203 669 2239; x_wconf 67' lang='lat' dir='ltr'><strong>M,</strong></span> <span class='ocrx_word' id='word_1_270' title='bbox 695 2208 787 2233; x_wconf 80' lang='lat' dir='ltr'><strong>corr.</strong></span> <span class='ocrx_word' id='word_1_271' title='bbox 807 2211 850 2232; x_wconf 77' lang='lat' dir='ltr'><strong>m</strong></span> <span class='ocrx_word' id='word_1_272' title='bbox 936 2201 980 2232; x_wconf 78' lang='lat'><strong>14</strong></span> <span class='ocrx_word' id='word_1_273' title='bbox 1006 2197 1232 2233; x_wconf 71' lang='lat' dir='ltr'><strong>amir-atione</strong></span> <span class='ocrx_word' id='word_1_274' title='bbox 1264 2203 1292 2231; x_wconf 82' lang='grc'><strong>1·</strong></span> <span class='ocrx_word' id='word_1_275' title='bbox 1363 2201 1407 2232; x_wconf 82' lang='grc'><strong>15</strong></span> <span class='ocrx_word' id='word_1_276' title='bbox 1434 2207 1494 2231; x_wconf 84' lang='lat' dir='ltr'><strong>ex-</strong></span> 
     </span>
     <span class='ocr_line' id='line_1_35' title="bbox 118 2245 1495 2292; baseline -0.001 -11"><span class='ocrx_word' id='word_1_277' title='bbox 118 2245 344 2292; x_wconf 82' lang='lat' dir='ltr'><strong>peditionis:</strong></span> <span class='ocrx_word' id='word_1_278' title='bbox 372 2248 432 2281; x_wconf 66' lang='grc' dir='ltr'><strong>οἷς</strong></span> <span class='ocrx_word' id='word_1_279' title='bbox 457 2246 499 2281; x_wconf 80' lang='lat' dir='ltr'><strong>in</strong></span> <span class='ocrx_word' id='word_1_280' title='bbox 524 2258 598 2282; x_wconf 79' lang='lat' dir='ltr'><strong>ras.</strong></span> <span class='ocrx_word' id='word_1_281' title='bbox 621 2252 676 2288; x_wconf 71' lang='grc' dir='ltr'><strong>Μς</strong></span> <span class='ocrx_word' id='word_1_282' title='bbox 703 2245 953 2292; x_wconf 81' lang='lat' dir='ltr'><strong>expositionis</strong></span> <span class='ocrx_word' id='word_1_283' title='bbox 979 2252 1018 2289; x_wconf 80' lang='lat' dir='ltr'><strong>J,</strong></span> <span class='ocrx_word' id='word_1_284' title='bbox 1045 2257 1137 2282; x_wconf 80' lang='lat' dir='ltr'><strong>corr.</strong></span> <span class='ocrx_word' id='word_1_285' title='bbox 1160 2254 1173 2280; x_wconf 71' lang='lat' dir='ltr'><strong>s</strong></span> <span class='ocrx_word' id='word_1_286' title='bbox 1256 2249 1299 2281; x_wconf 88' lang='lat'><strong>18</strong></span> <span class='ocrx_word' id='word_1_287' title='bbox 1326 2245 1495 2289; x_wconf 79' lang='lat' dir='ltr'><strong>membra</strong></span> 
     </span>
     <span class='ocr_line' id='line_1_36' title="bbox 118 2294 1495 2341; baseline -0.001 -12"><span class='ocrx_word' id='word_1_288' title='bbox 118 2300 157 2329; x_wconf 99' lang='grc' dir='ltr'><em>Β</em></span> <span class='ocrx_word' id='word_1_289' title='bbox 238 2294 450 2340; x_wconf 78' lang='lat' dir='ltr'><strong>etrigantur</strong></span> <span class='ocrx_word' id='word_1_290' title='bbox 474 2300 511 2329; x_wconf 89' lang='grc' dir='ltr'><em>Β</em></span> <span class='ocrx_word' id='word_1_291' title='bbox 594 2297 641 2329; x_wconf 89' lang='grc'><strong>20</strong></span> <span class='ocrx_word' id='word_1_292' title='bbox 666 2305 818 2329; x_wconf 88' lang='lat' dir='ltr'><strong>manus:</strong></span> <span class='ocrx_word' id='word_1_293' title='bbox 847 2305 978 2329; x_wconf 86' lang='lat' dir='ltr'><strong>manes</strong></span> <span class='ocrx_word' id='word_1_294' title='bbox 1003 2295 1028 2341; x_wconf 70' lang='grc' dir='ltr'>Ξ</span> <span class='ocrx_word' id='word_1_295' title='bbox 1054 2301 1109 2337; x_wconf 69' lang='grc' dir='ltr'><strong>Μ,</strong></span> <span class='ocrx_word' id='word_1_296' title='bbox 1136 2296 1176 2330; x_wconf 74' lang='lat' dir='ltr'><strong>in</strong></span> <span class='ocrx_word' id='word_1_297' title='bbox 1203 2306 1319 2341; x_wconf 76' lang='lat' dir='ltr'><strong>mary.</strong></span> <span class='ocrx_word' id='word_1_298' title='bbox 1341 2306 1432 2330; x_wconf 80' lang='lat' dir='ltr'><strong>corr.</strong></span> <span class='ocrx_word' id='word_1_299' title='bbox 1454 2308 1495 2328; x_wconf 79' lang='lat' dir='ltr'><strong>m</strong></span> 
     </span>
    </p>
   </div>
   <div class='ocr_carea' id='block_1_5' title="bbox 120 2354 1495 2461">
    <p class='ocr_par' dir='ltr' id='par_1_7' title="bbox 120 2354 1495 2461">
     <span class='ocr_line' id='line_1_37' title="bbox 120 2354 1495 2413; baseline -0.001 -11"><span class='ocrx_word' id='word_1_300' title='bbox 120 2370 164 2402; x_wconf 90' lang='grc'><strong>21</strong></span> <span class='ocrx_word' id='word_1_301' title='bbox 194 2354 314 2413; x_wconf 61' lang='lat' dir='ltr'><strong>{tatis</strong></span> <span class='ocrx_word' id='word_1_302' title='bbox 339 2373 376 2401; x_wconf 87' lang='grc' dir='ltr'><em>Β</em></span> <span class='ocrx_word' id='word_1_303' title='bbox 449 2371 494 2402; x_wconf 87' lang='grc'><strong>22</strong></span> <span class='ocrx_word' id='word_1_304' title='bbox 520 2366 652 2403; x_wconf 84' lang='lat' dir='ltr'><strong>honeri</strong></span> <span class='ocrx_word' id='word_1_305' title='bbox 672 2372 745 2401; x_wconf 83' lang='lat' dir='ltr'><strong>BP</strong></span> <span class='ocrx_word' id='word_1_306' title='bbox 817 2370 862 2402; x_wconf 84' lang='lat'><strong>23</strong></span> <span class='ocrx_word' id='word_1_307' title='bbox 889 2365 1039 2402; x_wconf 84' lang='lat' dir='ltr'><strong>suffecit</strong></span> <span class='ocrx_word' id='word_1_308' title='bbox 1065 2375 1101 2402; x_wconf 71' lang='grc' dir='ltr'><strong>ςε</strong></span> <span class='ocrx_word' id='word_1_309' title='bbox 1170 2371 1215 2402; x_wconf 74' lang='grc'><strong>24</strong></span> <span class='ocrx_word' id='word_1_310' title='bbox 1242 2368 1408 2412; x_wconf 84' lang='lat' dir='ltr'><strong>quantae</strong></span> <span class='ocrx_word' id='word_1_311' title='bbox 1435 2374 1495 2408; x_wconf 66' lang='grc' dir='ltr'><strong>βαι</strong></span> 
     </span>
     <span class='ocr_line' id='line_1_38' title="bbox 121 2414 1034 2461; baseline 0.001 -12"><span class='ocrx_word' id='word_1_312' title='bbox 121 2417 265 2460; x_wconf 88' lang='lat' dir='ltr'><strong>quanta</strong></span> <span class='ocrx_word' id='word_1_313' title='bbox 292 2417 330 2451; x_wconf 90' lang='lat' dir='ltr'><strong>et</strong></span> <span class='ocrx_word' id='word_1_314' title='bbox 354 2422 436 2459; x_wconf 64' lang='grc' dir='ltr'><strong>Βΐς</strong></span> <span class='ocrx_word' id='word_1_315' title='bbox 463 2418 608 2461; x_wconf 84' lang='lat' dir='ltr'><strong>quanta</strong></span> <span class='ocrx_word' id='word_1_316' title='bbox 629 2421 671 2450; x_wconf 70' lang='grc' dir='ltr'><strong>,η</strong></span> <span class='ocrx_word' id='word_1_317' title='bbox 767 2419 811 2450; x_wconf 87' lang='grc'><strong>25</strong></span> <span class='ocrx_word' id='word_1_318' title='bbox 839 2414 971 2450; x_wconf 86' lang='lat' dir='ltr'><strong>flamas</strong></span> <span class='ocrx_word' id='word_1_319' title='bbox 998 2421 1034 2450; x_wconf 90' lang='grc' dir='ltr'><em>Β</em></span> 
     </span>
    </p>
   </div>
  </div>
 </body>
</html>
