1638 2560
494 100 814 138 DECLAMATIO
839 101 926 137 XIII
945 105 1051 138 4-6.
1374 101 1461 145 251

79 218 199 257 triste
229 230 293 257 me
324 217 480 269 excepit
511 218 776 268 expectatque
801 216 1009 256 silentium
1034 218 1075 256 et
1106 218 1239 256 inanis
1265 216 1373 256 alvei
1404 217 1464 256 in·

81 278 228 318 choata
256 279 420 317 tantum
451 289 575 328 opera
606 279 647 316 et
678 276 797 316 rudes
829 289 954 316 cerae.
1018 290 1101 326 vos,
1132 277 1304 326 iudices,
1343 278 1464 316 aesti-

79 340 208 386 mato,
239 340 438 390 quatenus
468 338 676 390 recipiatis
708 337 815 376 1111110
846 336 1052 376 adfectum
1083 351 1229 377 meum.
1292 337 1465 377 libenter

79 398 283 452 bibissem,
313 400 349 439 si
379 399 633 447 invenissem,
666 411 875 437 venenum.
925 398 1002 437 hoc
1033 398 1134 437 mihi
1158 398 1352 438 damnum
1383 412 1463 438 non

42 474 60 501 5
78 458 247 500 brumae
283 459 468 512 glacialis
505 459 769 510 penetrabilis
807 459 934 511 rigor,
973 471 1054 498 non
1092 460 1299 510 suppressi
1341 459 1463 512 longa

79 520 151 559 siti
179 519 297 560 flores
321 519 567 559 induxeer
597 520 776 559 ieiunam
804 520 961 559 miseris
986 519 1148 569 famem,
1180 533 1261 559 non
1288 520 1463 560 aviditas

77 581 231 621 iniusta
261 581 417 620 domini
446 580 551 619 nihil
581 580 713 620 mellis
743 581 979 629 reservavit,
1011 593 1091 619 non
1123 581 1305 631 aequalis
1337 581 1463 621 fessas

78 641 241 682 morbus
270 643 435 690 invasit,
467 654 547 680 non
580 640 782 680 damnatis
814 640 974 680 sedibus
1006 642 1089 680 suis
1119 642 1232 681 avias
1263 641 1362 694 fuga
1394 655 1462 692 pe·

77 703 178 742 tiere
210 701 344 742 silvas.
408 714 503 753 apes
535 715 691 753 pauper
719 703 842 741 miser
872 703 915 740 in
947 714 1066 752 opere
1098 702 1267 752 perdidi.

23 777 59 805 ιο
168 761 339 803 Paravit
363 762 484 802 homo
510 763 689 802 nefarius
715 764 810 801 ante
836 764 972 801 01111113
997 764 1159 801 tantum
1184 763 1329 802 veneni
1355 762 1463 813 quod

77 825 215 876 posset
245 826 287 863 et
318 823 457 863 divitis
489 823 618 863 hortis
656 824 755 862 satis
794 835 896 872 esse,
935 825 976 862 et
1013 823 1151 862 linivit
1182 823 1299 863 flores
1337 823 1462 863 male-

77 883 164 924 ficis
189 885 294 924 sucis
325 885 366 924 et
390 885 434 923 in
461 897 658 923 venenum
690 883 813 923 1110113
838 884 1049 923 convertit.
1100 884 1251 935 sparsit
1275 883 1461 923 omnibus

77 944 243 984 floribus
274 947 458 994 mortem,
490 946 531 984 et
563 946 717 995 quanto
749 944 867 995 plura
898 944 1064 983 interim
1088 947 1312 996 corrumpit
1338 957 1461 995 quam

78 1018 182 1056 quae
214 1018 309 1056 apes
347 1003 638 1046 abstulissent?
699 1005 794 1043 illae
826 1005 960 1044 studio
1000 1005 1195 1044 cotidiani
1231 1007 1363 1056 operis
1396 1019 1460 1044 ex-

24 1080 58 1108 15
78 1067 240 1116 citatae,
272 1068 319 1106 ut
349 1067 527 1118 primum
558 1078 704 1105 aurora
735 1066 868 1105 lucem
898 1066 1079 1115 vocavit,
1111 1067 1155 1104 in
1187 1066 1355 1106 adsueta
1386 1068 1460 1106 mi-

77 1139 190 1166 serae
220 1139 371 1178 pascua
409 1127 567 1175 volant,
599 1129 646 1165 ut
684 1128 778 1165 ante
814 1139 937 1176 quam
968 1128 1098 1166 nocin's
1136 1140 1317 1166 umorem
1355 1127 1462 1166 radii

76 1187 173 1227 solis
205 1187 422 1238 ebiberent,
453 1188 676 1226 matutinos
708 1187 888 1239 legerent
912 1200 1024 1227 rores
1049 1190 1091 1227 et
1124 1188 1307 1227 caelestis
1334 1200 1460 1238 aquas

77 1247 130 1287 ad
166 1248 355 1288 horreum
398 1249 502 1288 ferre
546 1250 710 1299 possent
754 1260 825 1287 1100
869 1247 964 1297 sibi,
1003 1248 1073 1288 sed
1110 1250 1225 1299 operi
1265 1248 1459 1288 biberent.

74 1308 142 1349 hic
178 1310 294 1349 triste
331 1309 624 1360 spectaculum,
665 1311 706 1347 et
742 1310 905 1347 tantum
942 1321 1022 1347 non
1060 1309 1140 1359 ipsi
1179 1310 1250 1359 qui
1293 1310 1457 1358 fecerat,
1482 1309 1508 1345 6

20 1385 58 1412 ao
76 1369 359 1410 miserandum.
410 1369 483 1408 illa
510 1369 562 1408 ad
593 1369 771 1420 primum
803 1369 940 1408 feralis
967 1370 1053 1408 suci
1078 1370 1269 1409 haustum
1294 1370 1460 1410 insolito

76 1432 334 1470 consternata
365 1433 487 1483 gustu
513 1431 631 1482 fugit,
654 1429 722 1469 sed
748 1430 901 1481 fugisse
928 1429 1030 1468 nihil
1054 1430 1229 1480 prodest.
1274 1430 1348 1469 illa
1373 1431 1460 1469 lon-

76 1491 208 1543 giores
233 1493 462 1542 expetitura
487 1492 628 1542 pastus
653 1491 697 1528 in
723 1491 853 1529 altum
878 1490 1040 1530 tollitur
1058 1491 1267 1542 vitamque
1291 1492 1334 1530 in
1362 1504 1460 1531 aura

76 1552 283 1603 relinquit.
345 1552 445 1591 11300
475 1553 608 1602 primo
639 1552 780 1590 statim
811 1550 977 1591 flosculo
1012 1552 1239 1591 inmoritur.
1301 1552 1374 1591 illa
1406 1553 1459 1590 ri·

77 1612 330 1664 gescentibus
356 1614 486 1652 morte
512 1611 681 1662 pedibus
708 1612 916 1661 exanimis,
944 1612 1051 1651 sicut
1075 1612 1274 1662 haeserat,
1299 1612 1458 1663 pendet.

21 1687 58 1715 25
78 1673 160 1712 alia
184 1673 343 1712 defecta
374 1674 464 1712 nisu
491 1670 656 1712 volandi
681 1672 811 1712 adhuc
836 1686 909 1723 per
939 1674 1093 1712 terram
1124 1673 1316 1726 languide
1340 1675 1459 1724 repit.

77 1734 113 1773 si
138 1746 239 1784 quas
269 1735 407 1773 tamen
438 1746 565 1783 usque
597 1732 648 1771 ad
673 1732 808 1772 sedem
833 1745 949 1773 suam
974 1733 1135 1773 distulit
1159 1746 1268 1774 mors
1300 1735 1460 1783 lentior,

77 1795 183 1834 sicut
219 1806 364 1847 aegrae
402 1794 534 1834 solent
572 1793 645 1833 sub
682 1794 781 1844 ipsis
819 1794 991 1845 pendere
1031 1795 1178 1846 portis,
1216 1796 1259 1833 in
1294 1795 1460 1847 globum

176 1903 194 1934 1
221 1898 323 1933 tristi
347 1903 397 1940 Β,
424 1909 515 1934 corr.
536 1911 579 1932 u·
677 1899 929 1943 expectatque
956 1909 1024 1933 οηι,
1052 1904 1117 1941 nn
1145 1910 1218 1944 que
1238 1911 1306 1934 om.
1330 1905 1366 1934 Β

77 1950 99 1982 6
125 1946 346 1982 indixerunt
371 1952 398 1980 Γ
493 1949 511 1980 7
539 1945 767 1981 reservantis
796 1952 900 1985 uss:
929 1947 1130 1982 reservatis
1157 1953 1207 1992 P3
1232 1947 1460 1983 reservantis

77 1994 186 2031 dedit
213 1995 298 2039 Gr.;
330 1994 557 2030 reservantis
584 1994 734 2040 paravit
760 1995 865 2030 Dess.
990 1998 1011 2030 9
1039 1995 1079 2030 in
1105 2006 1219 2041 opere
1245 2007 1313 2032 om.
1342 2002 1369 2030 t·

79 2047 123 2079 10
150 2043 284 2079 veneni
302 2044 344 2079 in
364 2044 501 2079 lacuna
524 2045 622 2078 7-8
641 2042 710 2078 litt.
729 2054 797 2079 om.
814 2049 850 2078 P
918 2047 959 2079 11
988 2045 1026 2079 et
1046 2049 1132 2080 ante
1152 2044 1282 2080 divitis
1304 2056 1371 2080 om.
1390 2051 1418 2079 Y

77 2117 171 2153 ort-is
187 2123 222 2152 P
277 2115 386 2152 flores
404 2137 443 2141 ——
462 2115 636 2151 omnibus
657 2115 679 2151 I.
696 2117 744 2150 12
762 2127 831 2151 om.
848 2122 892 2159 Β,
915 2116 954 2151 in
975 2128 1089 2163 mary.
1105 2116 1191 2152 add.
1209 2124 1231 2151 b
1294 2121 1337 2152 12
1359 2104 1458 2152 su‘e'is

78 2171 122 2200 Β
177 2165 243 2211 {in
268 2171 295 2199 t·
358 2164 498 2210 sparsit
516 2175 562 2199 ea:
581 2163 702 2209 spasit
727 2170 755 2198 Υ
820 2168 863 2199 13
891 2165 1059 2211 corrupit
1080 2171 1181 2200 ,ηΡσ
1248 2169 1293 2200 14
1320 2165 1387 2201 illa
1408 2172 1459 2208 Β;

0 2247 1 2251 ,
77 2212 144 2249 ille
171 2219 213 2248 ,Ι
286 2216 329 2249 17
357 2212 548 2248 ibiberent
573 2218 610 2247 Β
681 2212 847 2248 1113111100
873 2219 910 2247 Β
982 2212 1091 2249 flores
1118 2220 1144 2248 r
1215 2215 1253 2249 et
1278 2225 1346 2250 om.
1368 2223 1388 2257 β

78 2261 261 2298 caelestes
283 2268 344 2296 Ρσ
398 2264 442 2296 18
463 2271 611 2296 orreum
633 2267 669 2295 P
715 2261 862 2306 possint
882 2264 1035 2307 Β<οονι·.
1052 2264 1131 2308 ι)1’
1187 2266 1230 2297 19
1251 2263 1421 2305 fecerant
1439 2269 1465 2297 V

78 2313 124 2345 20
150 2310 252 2345 succi
278 2325 308 2345 ω
329 2312 432 2356 (corr.
450 2312 486 2353 ὁ)
549 2312 595 2344 23
621 2308 779 2355 reliquit
797 2315 830 2344 J
890 2313 934 2345 23
960 2310 1262 2356 {rigescentibus
1287 2311 1333 2356 (11
1353 2315 1417 2357 er.)
1439 2318 1466 2345 V

0 2368 3 2371 ·
78 2361 125 2394 24
150 2358 332 2394 exananis
358 2365 395 2394 Β
516 2361 561 2392 25
589 2357 742 2393 defacta
768 2364 813 2402 Β,
839 2369 931 2394 corr.
953 2365 976 2392 ι
1093 2359 1209 2404 repit:
1237 2360 1406 2405 repperit
1430 2365 1465 2394 J

0 2419 4 2422 Δ
78 2409 124 2441 26
149 2417 322 2452 unusque
343 2413 394 2451 Β;
421 2416 540 2452 usque
559 2405 622 2442 sed
642 2418 658 2440 s
680 2407 721 2441 in
740 2418 813 2442 ras.
836 2408 894 2452 (ex
914 2409 991 2442 un9
1010 2406 1042 2452 .?>
1066 2413 1107 2442 Β
1197 2411 1241 2442 2¹7
1271 2408 1375 2454 aegri
1396 2414 1466 2442 BV
