1638 2560
198 129 287 172 410
615 125 875 163 EXCERPTA
898 124 1141 162 PARISINA.

198 246 320 295 caput
338 294 343 298 ,
359 243 514 282 dabam.
576 244 623 281 tu
662 243 810 281 rectius
850 243 972 280 tenes.
1038 240 1131 279 illos
1171 239 1284 281 habe.
1349 240 1402 280 D.
1427 241 1572 291 fatcor,

197 304 240 343 P.
269 304 319 354 S„
353 303 450 354 quid
482 301 628 354 agam?
684 303 719 341 si
749 302 842 340 illos
874 301 1054 351 hausero,
1086 300 1152 340 hic
1183 300 1232 340 de
1262 301 1440 352 paritate
1472 313 1571 353 gau·

197 365 319 414 debit,
350 366 384 403 si
414 365 549 413 istum,
579 363 643 402 illi
668 362 716 402 de
742 362 915 401 orbitate
941 374 1032 400 mea
1061 363 1294 401 tumescent.
1350 362 1395 401 P.
1420 362 1570 401 intelli·

198 426 304 478 gitis,
339 425 508 474 iudices,
540 424 677 463 divitis
709 423 976 462 insolentiam.
1034 435 1107 462 nec
1142 423 1296 461 rationi
1325 434 1398 462 nec
1429 423 1570 462 volun-

196 486 274 525 tati
306 485 421 524 cedit.
479 485 529 523 ab
561 486 730 534 utroque
762 484 868 522 iuste
900 482 1050 522 decidit
1081 483 1151 533 qui
1181 484 1369 523 neutrum
1401 482 1568 535 colligit.
1607 496 1624 524 5

195 546 247 584 D.
274 547 409 595 immo,
441 546 699 595 nequissime,
739 546 956 594 utrumque
991 545 1148 583 ratione
1187 543 1358 584 obtineo.
1417 545 1571 583 constet

195 607 290 645 licet
320 607 524 656 utrimque
555 617 763 654 numerus,
801 604 898 655 quid
931 606 992 644 est
1024 605 1172 655 forma,
1203 617 1346 656 genus,
1377 603 1571 656 probitas,

196 679 315 717 super
346 668 479 705 omnia
504 665 631 704 bonus
656 665 798 715 pater?
829 678 902 716 pro
927 665 990 704 his
1017 665 1202 704 omnibus
1231 665 1348 704 cadet
1372 666 1413 704 et
1442 667 1569 716 pater.

195 740 274 766 non
306 729 439 778 potest
468 726 550 766 illis
583 727 677 765 solis
716 728 756 765 et
786 725 904 764 liberi
936 727 976 765 et
1013 727 1130 777 pater
1167 726 1208 765 et
1239 726 1383 766 civitas
1415 723 1568 766 satiari„

194 788 237 826 P.
263 789 306 826 in
332 800 453 826 unam
478 800 623 826 noxam
648 786 752 825 duae
778 786 981 826 vindictae
1006 799 1087 825 non
1112 787 1366 826 conveniunt.
1415 786 1469 826 D.
1494 798 1569 838 pro
1590 800 1625 827 10

195 848 330 887 liberis
355 848 483 897 liberi,
508 861 581 898 pro
607 848 721 898 patre
748 848 864 898 pater
889 847 1082 886 talionem
1109 846 1260 886 subeat.
1312 847 1356 886 P.
1383 847 1438 887 sit
1462 858 1568 886 sane.

196 921 289 960 ergo
330 908 422 947 illos
464 908 514 946 ad
555 909 725 947 mortem
772 921 880 958 paro.
943 909 996 947 D.
1024 907 1140 947 absit.
1198 920 1280 947 non
1324 907 1569 947 osculaberis

194 982 265 1008 nec
306 969 521 1018 salutabis,
563 970 659 1019 quia
699 982 771 1008 nec
812 968 911 1007 mihi
951 968 993 1007 id
1034 968 1159 1007 licuit.
1225 969 1270 1007 P.
1299 981 1381 1007 non
1420 980 1568 1020 pugno.

193 1031 368 1078 veniant,
395 1031 435 1068 et
460 1030 579 1068 simul
605 1030 829 1068 moriemur.
875 1030 927 1068 D.
948 1029 1123 1068 minime.
1168 1028 1366 1079 numquid
1390 1029 1472 1068 mei
1489 1041 1569 1067 uno

194 1091 399 1141 perierunt
438 1088 549 1129 ictu?
611 1090 713 1128 nihil
756 1092 815 1129 est
855 1089 1054 1129 crudelius
1095 1091 1226 1129 morte
1267 1089 1466 1141 populari.
1523 1089 1567 1127 P
1590 1103 1623 1130 15

194 1163 274 1189 non
299 1151 421 1202 fugio.
461 1153 502 1189 et
527 1163 600 1202 ego
627 1152 667 1189 et
691 1150 755 1189 illi
781 1151 975 1202 populum
995 1151 1180 1190 feramus.
1226 1151 1342 1202 potes
1367 1147 1569 1202 amplius?

192 1211 246 1248 D.
273 1210 341 1250 sed
372 1224 444 1250 nec
475 1211 543 1260 sic,
575 1212 765 1261 quoniam
791 1212 975 1250 miseriae
1005 1224 1111 1251 mors
1142 1210 1245 1249 finis
1302 1210 1385 1250 iam
1416 1209 1567 1261 deficio,

192 1270 235 1309 P.
271 1270 322 1321 S,
362 1284 435 1311 nec
474 1273 565 1310 utro
611 1285 683 1311 nec
724 1273 894 1322 utroque
941 1273 1077 1311 satior.
1143 1272 1284 1311 occisis
1330 1271 1468 1310 liberis
1509 1271 1568 1310 nil

192 1302 355 1381 dolebit,
387 1332 464 1370 nisi
496 1333 653 1381 vixerit,
684 1334 816 1372 minus
843 1333 966 1372 etiam
997 1345 1072 1382 me,
1105 1332 1140 1371 si
1170 1333 1327 1371 vixerit.
1382 1332 1568 1383 relinquo

192 1391 304 1431 vobis
336 1393 525 1431 iniuriam
553 1393 664 1432 cuius
690 1393 871 1432 vindicta
902 1406 974 1433 nec
1002 1394 1215 1443 praeteriri
1241 1392 1370 1443 debet,
1402 1405 1475 1433 1100
1506 1392 1567 1431 in·
1587 1406 1622 1432 20

192 1453 319 1491 veniri
351 1454 494 1503 potest.

587 1562 675 1600 XII.
711 1561 1002 1603 GADAvEvas
1034 1574 1165 1602 PAs'n.

281 1644 569 1695 Aryumentum
599 1659 634 1685 v.
653 1659 697 1695 p.
723 1648 824 1693 217,
853 1649 889 1686 6.

284 1705 401 1745 Civis.
466 1708 668 1756 quamvis,
711 1707 880 1758 iudices,
921 1707 1233 1748 innumerabiles
1274 1706 1566 1759 indignationis

191 1778 334 1805 causae
360 1780 422 1805 me
443 1768 706 1818 strangulent,
734 1769 830 1818 quia
854 1782 927 1808 nec
946 1769 1077 1808 dicere
1103 1768 1224 1808 simul
1247 1768 1383 1808 omnia
1400 1779 1566 1819 possum
1586 1781 1620 1808 2⁵

190 1838 263 1865 nec
288 1839 427 1878 greges
453 1827 638 1866 dolorum
661 1831 1010 1879 prorumpentium
1034 1830 1078 1868 in
1103 1829 1273 1881 singulis
1298 1828 1468 1878 differre,
1496 1828 1565 1867 ille

191 1889 325 1925 tamen
358 1890 626 1938 praeoccupat
652 1890 722 1938 qui
753 1888 801 1928 de
827 1889 1028 1929 vindictae
1062 1890 1257 1929 dilatione
1285 1890 1423 1928 oritur.
1486 1888 1565 1928 Le-

187 1950 314 1996 9atus.
378 1947 420 1986 id
451 1948 637 1998 primum,
669 1948 711 1986 P.
741 1948 795 1999 0.,
828 1950 1022 2000 obtestor,
1064 1964 1113 1989 ne
1148 1963 1229 1989 non
1261 1950 1348 1988 iure
1380 1950 1424 1988 in
1460 1950 1564 1988 iram

287 2102 307 2133 3
334 2099 550 2134 tumescunt
577 2106 680 2135 RVB
824 2105 844 2135 5
871 2102 1011 2138 iniuste
1038 2109 1074 2137 R
1222 2105 1242 2137 7
1276 2102 1335 2137 est
1365 2111 1434 2137 om.
1462 2106 1567 2136 RVB

190 2149 211 2181 8
237 2147 339 2192 patri
359 2153 396 2181 P
467 2151 486 2182 9
514 2147 604 2183 30113
630 2160 697 2184 om.
730 2155 791 2184 VB
864 2153 907 2184 12
934 2161 1026 2186 non:
1053 2161 1122 2186 nec
1143 2156 1248 2186 RVB
1327 2153 1371 2186 15
1397 2149 1517 2185 ictum
1541 2154 1571 2183 V

191 2198 235 2230 16
262 2196 300 2230 et
326 2206 412 2242 ego:
440 2206 510 2242 ego
538 2203 574 2230 Ρ
671 2200 713 2231 17
741 2197 825 2232 finis
853 2199 910 2233 est
941 2204 1001 2233 VB

287 2283 331 2315 22
359 2279 560 2316 Cadaveris
586 2281 688 2327 pasti
713 2256 747 2316 ἓ
771 2281 834 2317 lex
859 2288 896 2316 Ρ
1015 2286 1061 2318 24
1087 2282 1202 2319 Civis:
1231 2281 1371 2329 aliquis
1398 2287 1506 2318 RBV

188 2331 235 2363 25
262 2327 545 2375 starngularent
570 2335 606 2364 Ρ
737 2333 783 2365 26
810 2330 954 2365 deferre
982 2337 1018 2366 ιι
1150 2335 1194 2366 27
1221 2341 1282 2367 me
1307 2330 1564 2377 praeoccupat

188 2382 294 2412 RVB
373 2377 518 2412 oriatur
541 2383 602 2412 VB
683 2381 728 2413 28
754 2382 840 2414 ante
858 2378 899 2413 id
918 2378 1005 2414 add.
1027 2386 1081 2415 R:
1107 2379 1209 2423 licet,
1235 2392 1271 2426 p.
1293 2390 1336 2424 c.,
1362 2389 1438 2414 non
1463 2377 1564 2414 diffi-
1632 2392 1638 2396 ‘

189 2424 277 2460 dam
295 2424 552 2461 innocentiam
571 2425 718 2461 ratione
739 2426 943 2470 absolvere,
964 2429 1092 2463 tamen
1111 2428 1153 2463 id
1171 2427 1407 2473 postulatum
1426 2426 1562 2468 habeo.
