1638 2560
192 118 281 160 430
616 84 875 150 EXCERPTA
901 112 1145 148 PARISINA.

191 235 294 272 tium
327 232 499 271 damnes.
559 230 665 281 quod
690 243 770 268 non
797 229 916 268 debet
946 228 1133 279 indicari,
1164 241 1244 268 non
1271 227 1389 267 debet
1419 228 1572 279 quaeri.

192 293 289 344 quid
334 291 464 331 dixit?
530 292 574 330 P.
612 289 740 342 quid?
809 291 843 329 si
887 290 1001 329 nefas
1045 288 1260 328 infandum
1302 287 1575 340 deprehendi?

190 355 251 392 M.
273 354 307 393 si
332 353 391 392 ita
417 355 532 402 esset,
557 362 638 390 non
664 364 768 391 esses
794 364 875 389 una
901 352 1031 390 morte
1057 352 1282 390 contentus.
1333 349 1574 390 modestiam

191 415 326 453 mariti
370 415 523 464 pariter
562 415 601 452 et
641 413 769 462 patris
809 413 991 462 accipite.
1049 411 1098 450 de
1135 411 1305 450 muliere
1346 422 1450 461 quae
1481 423 1574 450 con—

192 476 297 527 Yinci
322 487 402 514 non
427 475 573 525 potest,
600 473 749 512 sufficit
769 473 859 522 sibi,
884 475 931 511 ut
955 473 1111 511 incesta
1130 471 1328 511 credatur.
1380 470 1450 511 sed
1475 470 1574 523 quid

191 536 291 574 dixit
309 534 445 574 filius?
489 536 533 573 P.
554 534 623 573 ille
643 535 746 573 mori
770 534 909 583 voluit,
928 535 975 572 ut
994 535 1157 572 taceret.
1208 545 1290 585 ego
1306 545 1389 572 non
1409 535 1573 572 coactus

189 597 341 646 loquar.
393 596 495 634 nihil
516 596 616 646 agis,
640 595 795 633 mulier.
847 594 1098 646 interrogare
1118 606 1181 633 me
1207 593 1321 632 ducis
1345 592 1451 643 ideo,
1476 593 1574 644 quia.

190 657 264 695 scis
296 669 359 695 me
391 655 526 695 omnia
557 657 646 706 pati
671 655 792 694 malle
827 668 948 705 quam
974 655 1098 705 loqui.
1157 654 1309 694 adeone
1334 666 1479 706 parum
1512 657 1574 694 est

188 717 295 768 quod
334 717 463 756 filium
505 715 658 756 occidi?
715 719 761 755 ut
801 716 866 755 vel
908 716 965 754 sic
1004 718 1180 766 taceam,
1221 715 1323 754 libet
1362 715 1462 754 mihi
1493 715 1573 766 ipsi

187 779 299 816 mori.
356 779 416 816 M.
444 778 486 816 in
524 790 655 816 meam
696 779 806 816 taces
846 777 1070 816 infamiam.
1128 777 1173 815 P.
1199 776 1312 815 itane
1353 788 1460 815 nunc
1489 775 1571 827 pri—

187 852 297 877 mum
334 838 493 878 laboras
534 840 681 877 misera
722 837 770 876 de
812 836 951 877 fama‘?
1016 838 1077 876 vis
1121 837 1287 876 tandem
1331 837 1432 876 scire
1475 836 1573 887 quid

188 898 360 938 dixerit?
417 899 536 948 dixit,
577 901 624 938 ut
654 911 734 938 non
768 911 998 949 quaereres,
1037 898 1158 949 dixit,
1189 900 1236 938 ut
1266 899 1452 937 tacerem.
1510 898 1570 936 M.

187 960 359 998 minime.
424 960 493 999 sed
532 960 630 1010 quid
666 972 758 999 vere
798 958 929 998 dixit?
984 960 1028 998 P.
1057 961 1090 998 si
1122 960 1238 1010 potes
1277 958 1397 1008 scire,
1426 958 1573 998 mulier

188 1034 237 1058 an
268 1021 455 1070 mentiar,
488 1022 562 1060 scis
597 1020 694 1071 quid
726 1020 883 1059 dixerit.
941 1033 1105 1072 possum
1136 1019 1300 1073 fingere,
1330 1032 1412 1059 non
1443 1021 1571 1070 potes,

187 1082 219 1120 si
257 1083 403 1132 nescis,
444 1081 744 1133 reprehendere.
808 1081 888 1131 vis,
931 1081 1061 1120 dicam
1105 1081 1202 1131 quid
1247 1079 1378 1119 dixit?
1434 1081 1571 1129 omnia

186 1142 296 1180 dixit.
354 1142 446 1193 plus
473 1155 595 1192 quam
620 1143 923 1194 interrogarem,
955 1142 1068 1180 dixit.
1126 1143 1235 1192 patri
1263 1140 1487 1191 maledixit,
1511 1141 1571 1180 nil

184 1203 283 1241 bene
314 1204 448 1242 matri.
505 1205 566 1242 vis
593 1203 693 1242 scire
727 1203 825 1253 quid
851 1202 984 1242 dixit?
1039 1203 1123 1242 noli
1154 1203 1220 1242 hic
1249 1214 1441 1253 quaerere
1473 1200 1572 1252 quid

1593 789 1630 815 1⁰

1591 1093 1638 1120 ιθ

185 1262 296 1301 dixit.
354 1276 491 1302 eamus
525 1264 574 1302 ad
608 1264 709 1302 illud
742 1267 960 1313 secretum,
998 1275 1134 1303 eamus
1168 1263 1219 1303 ad
1250 1263 1472 1302 tumulum:
1513 1262 1572 1301 ibi
1635 1297 1638 1305 ,

185 1336 343 1374 quaere,
373 1324 432 1362 ibi
459 1327 529 1364 aut
554 1326 708 1375 pariter
733 1325 956 1364 tacebimus
984 1327 1055 1364 aut
1078 1325 1254 1364 invicem
1280 1323 1569 1363 confitebimur.
1636 1323 1638 1333 ²

183 1397 346 1434 possum
387 1386 470 1424 iam
511 1387 624 1424 mori.
694 1386 797 1424 illud
837 1388 973 1425 tamen
1016 1397 1247 1436 supremum
1291 1396 1317 1424 a
1355 1386 1397 1423 te
1437 1395 1572 1435 posco,

1590 1371 1638 1425 204

183 1445 340 1494 civitas,
372 1459 396 1484 a
427 1448 467 1484 te
494 1447 679 1497 imploro,
709 1459 821 1496 uxor,
854 1460 903 1485 ne
935 1449 981 1485 tu
1007 1446 1182 1498 amplius
1213 1446 1409 1485 infamem
1438 1456 1571 1495 voees,
1636 1478 1638 1498 Ξ

183 1518 282 1544 neve
314 1508 360 1544 tu
386 1507 560 1557 amplius
588 1506 686 1557 quid
713 1507 871 1556 dixerit,
906 1519 1086 1558 quaeras.
1144 1507 1204 1545 M.
1232 1508 1274 1545 et
1299 1518 1374 1558 ego
1406 1505 1570 1557 quidem

183 1579 262 1605 non
294 1567 426 1606 minus
457 1567 561 1606 mori
587 1570 628 1606 et
658 1580 821 1618 possum
848 1571 889 1607 et
920 1569 1055 1607 debeo.
1119 1567 1188 1607 sed
1221 1567 1334 1618 prius
1365 1580 1429 1606 me
1462 1566 1570 1617 apud

182 1639 269 1675 vos,
311 1627 354 1665 P.
385 1626 438 1676 G,
471 1628 577 1678 quod
619 1631 755 1667 tamen
800 1628 988 1679 vixerim,
1031 1641 1186 1668 excuso.
1244 1641 1314 1667 rea
1352 1640 1459 1677 sum,
1500 1627 1570 1666 sed

184 1687 318 1736 aliter,
357 1689 453 1738 quia
485 1690 682 1739 supremis
716 1690 800 1728 eius
832 1703 913 1728 non
946 1690 1045 1728 affui
1076 1703 1196 1740 quem
1226 1691 1390 1728 tantum
1423 1689 1568 1727 amavi.
1591 1717 1603 1727 .

183 1747 316 1786 vivere
349 1749 511 1798 quidem
552 1762 599 1788 eo
635 1750 832 1789 moriente
874 1763 953 1789 non
996 1750 1134 1800 debui,
1174 1749 1244 1789 sed
1284 1750 1390 1789 mori
1419 1749 1568 1788 marito

181 1809 340 1847 tacente
366 1822 445 1848 non
471 1811 598 1859 potui.
649 1810 794 1859 videte,
819 1811 863 1849 P.
887 1810 941 1861 O,
967 1811 1147 1850 omnium
1170 1813 1347 1849 matrum
1372 1806 1567 1862 mise<r>⁴

182 1865 400 1921 ri<m>am:
426 1883 498 1909 nec
523 1872 847 1910 taciturnitatem
871 1873 956 1910 eius
982 1872 1086 1911 ferre
1111 1883 1275 1923 possum
1294 1860 1373 1910 ‘nec
1398 1869 1568 1920 efficere,

182 1931 228 1967 ut
258 1930 462 1979 loquatur.
520 1945 583 1970 me
624 1945 717 1971 vero
757 1933 791 1971 si
831 1932 919 1982 quis
958 1934 1203 1985 interrogat,
1242 1943 1379 1971 omnes
1417 1933 1567 1971 matres

182 1989 328 2029 liberos
361 2002 453 2030 suos
484 1993 682 2042 tanquam
715 1992 1004 2032 adamaverint.
1063 1995 1204 2032 amant
1229 1993 1444 2042 exsultare,
1475 2004 1567 2031 cum

181 2051 376 2100 venerint,
409 2053 621 2102 suspirare,
651 2065 741 2091 cum
766 2054 1012 2092 recesserint.
1077 2065 1298 2104 numquam
1323 2066 1388 2092 me
1414 2052 1465 2091 ab
1491 2053 1567 2091 hac

281 2230 299 2261 7
327 2226 464 2262 diceris
492 2234 559 2261 BV
672 2231 693 2262 8
716 2228 856 2266 >ideone
883 2235 920 2265 R
1033 2233 1053 2264 9
1080 2230 1162 2276 ipse
1189 2236 1259 2264 BV
1366 2233 1410 2264 13
1437 2229 1566 2275 potest

187 2281 247 2309 VB
363 2279 407 2310 14
433 2286 587 2322 possum
603 2298 646 2302 —
663 2276 761 2312 dixit
787 2278 808 2312 l.
831 2281 878 2312 15
900 2288 967 2313 om.
991 2284 1028 2313 R
1153 2282 1196 2313 15
1224 2278 1318 2324 quid
1345 2277 1457 2313 dixit:
1483 2287 1565 2313 rem

182 2330 218 2359 R
319 2326 362 2359 17
388 2323 461 2359 hoc
482 2330 519 2360 R
620 2328 664 2360 18
690 2324 800 2360 illum
827 2332 864 2362 R
966 2330 1009 2361 19
1036 2326 1091 2361 ibi
1118 2338 1185 2363 om.
1208 2329 1263 2362 R'
1343 2330 1390 2361 24
1415 2328 1562 2361 tamen:

179 2371 329 2407 tamdiu
350 2373 429 2408 Bw
520 2375 565 2407 29
591 2372 802 2419 interroget
826 2380 887 2409 VB
980 2378 1023 2409 31
1052 2375 1272 2411 convenerit
1295 2380 1357 2409 VB
1440 2374 1564 2420 snspi-
1614 2411 1615 2414 ,

180 2431 264 2456 cere
291 2427 345 2465 Β,
373 2420 566 2466 suspicare
598 2428 659 2456 VB
753 2423 953 2458 recesserit
985 2416 1045 2457 VB
