1638 2560
195 97 283 140 252
688 94 809 129 APES
835 92 1076 128 PAVPERIS

195 224 315 251 nexas
348 213 388 250 et
418 211 557 249 mutuo
591 209 794 260 amplexas
827 221 934 247 mors
968 208 1054 246 sola
1079 206 1228 246 divisit.
1275 206 1364 257 quis
1395 205 1569 258 figurare

195 273 334 323 possit,
368 272 455 321 quis
488 270 617 309 dicere
650 282 771 320 quam
802 269 951 307 multas
983 268 1082 306 mali
1113 268 1276 317 formas,
1309 278 1432 317 quam
1456 267 1572 306 varia

195 333 269 371 leti
306 343 451 384 genera
488 331 657 369 fecerint
693 331 757 368 tot
794 327 973 368 mortes?
1035 328 1173 377 semel,
1211 330 1258 366 ut
1295 329 1382 378 ipse
1412 328 1572 366 tristem

195 393 333 431 finiam
359 392 661 443 expositionem,
693 389 904 429 dicendum
934 391 1006 438 est,
1038 401 1174 428 omnes
1200 387 1369 439 perdidi.
1420 387 1572 427 celebre

196 453 298 491 illud
336 453 558 491 alvearium
590 453 630 490 et
662 450 822 489 domino
856 462 927 488 suo
966 451 1101 488 notius
1131 449 1182 487 ad
1214 448 1387 487 nihilum
1417 448 1571 488 recidit.
1611 461 1630 489 5

285 512 442 551 Audete
474 524 580 550 nunc
610 512 802 550 lacessere
836 511 1004 549 divitem
1037 509 1182 560 quibus
1214 510 1323 549 vitae
1356 521 1478 549 causa
1509 522 1572 548 su-

196 575 346 624 perest:
374 574 521 611 exerite
547 572 777 610 libertatem
803 570 975 610 fortibus
997 570 1141 620 verbis,
1167 571 1202 609 si
1222 569 1322 620 quid
1345 569 1573 608 offenderit:

195 630 373 686 <habet>
405 635 462 682 et,
495 632 601 682 quod
634 631 918 671 difficillimum
950 631 1047 680 fuit,
1082 632 1165 669 iam
1198 631 1384 681 expertus
1417 631 1478 670 est
1508 643 1572 669 ve-

195 707 353 733 nenum.
417 692 523 743 quod
556 694 590 732 si
626 692 726 731 mihi
757 693 923 731 fortuna
954 692 1019 730 vel
1056 692 1211 743 ingenii
1242 692 1347 730 vires
1378 691 1444 730 vel
1482 703 1574 730 suas

195 754 386 803 dedisset,
425 755 574 792 crimen
605 753 715 792 istud
746 765 827 791 non
859 754 1064 803 privatam
1095 753 1346 791 taxationem
1377 751 1574 791 formulae
1594 765 1631 792 ιο

195 814 433 853 merebatur.
496 826 695 852 venenum
732 814 840 864 leges
877 813 1041 862 habere,
1075 825 1222 863 emere,
1254 825 1370 852 nosse
1402 811 1574 862 denique

195 876 354 924 vetant,
397 874 675 913 inevitabilem
718 876 872 924 pestem
917 874 1074 912 occulta
1118 872 1259 911 fraude
1311 874 1573 924 grassantem.

195 936 301 974 male
332 936 472 974 haeret
501 935 560 973 ibi
591 936 838 984 innocentia,
874 934 944 972 ubi
975 935 1018 972 in
1050 935 1252 984 potestate
1285 935 1346 973 est
1377 934 1574 973 secretum

197 997 341 1045 scelus,
376 995 489 1034 velut
526 1009 741 1044 venenum,
780 997 820 1034 et
852 995 1012 1044 quidem
1045 996 1398 1045 praesentaneum,
1436 995 1574 1033 inven-

196 1058 301 1105 tum,
346 1056 617 1106 conpositum,
661 1056 801 1094 datum
846 1057 915 1094 est.
987 1055 1229 1105 quantulum
1272 1055 1441 1094 interest
1484 1056 1574 1104 quis
1595 1068 1632 1095 15

196 1115 372 1155 biberit?
432 1117 551 1155 homo
590 1116 718 1165 dedit,
759 1118 798 1154 et
835 1116 990 1154 homini
1028 1115 1117 1154 dari
1154 1117 1298 1165 potest.
1361 1127 1442 1154 non
1475 1115 1574 1154 adeo

198 1177 341 1216 desunt
379 1176 563 1215 odiorum
595 1189 756 1226 causae,
795 1182 841 1214 ut
872 1178 955 1215 iam
986 1189 1080 1215 rara
1112 1176 1297 1215 simultas
1330 1177 1402 1226 sit3
1439 1177 1497 1223 et,
1529 1176 1575 1214 ut

197 1237 382 1275 videatur
420 1238 567 1287 aliquis
606 1237 708 1275 nihil
746 1237 874 1288 magis
915 1250 1035 1287 quam
1077 1238 1205 1276 malos
1248 1236 1394 1287 odisse,
1433 1236 1576 1275 libebit

197 1297 414 1347 aliquando
454 1298 614 1348 longius
653 1311 817 1336 manum
856 1299 1061 1348 porrigere
1095 1298 1135 1336 et
1171 1297 1381 1349 indulgere
1416 1298 1572 1336 animis.

197 1358 345 1397 credite
370 1358 482 1407 mihi,
513 1358 675 1408 iudices,
703 1358 906 1397 difficilius
934 1360 994 1398 est
1019 1371 1217 1397 venenum
1242 1358 1424 1397 invenire
1452 1370 1574 1408 quam
1594 1371 1633 1398 20

196 1419 415 1457 inimicum.

153 1479 172 1514 7
292 1478 369 1517 Sed
412 1491 475 1517 mc
520 1478 679 1517 conscia
721 1478 1011 1518 mediocritatis
1055 1478 1270 1518 infirmitas
1313 1479 1423 1518 intra
1465 1491 1574 1517 meas

197 1539 477 1577 tantummodo
505 1540 683 1578 continet
710 1540 903 1589 querelas.
949 1553 1043 1578 nam
1070 1540 1273 1589 damnum,
1305 1539 1348 1578 id
1373 1541 1445 1589 est,
1470 1539 1575 1578 iudi-

198 1611 273 1647 ces,
307 1600 588 1650 gravissimum
613 1612 767 1649 pauper
791 1600 937 1639 vulnus
970 1601 1123 1650 accepi3
1159 1600 1266 1650 quod
1290 1599 1391 1639 mihi
1422 1599 1575 1639 diutius

198 1659 420 1698 deflendum
454 1659 561 1710 apud
587 1672 658 1698 vos
686 1673 806 1709 quam
837 1657 1090 1710 probandum
1117 1663 1186 1700 est.
1234 1673 1330 1699 nam
1356 1673 1574 1711 coarguen-
1594 1673 1632 1701 25

198 1719 293 1758 dum
326 1720 487 1769 quidem
519 1720 751 1759 criminibus
785 1721 873 1770 quis
911 1721 1026 1760 labor
1063 1723 1124 1760 est
1157 1721 1348 1760 adversus
1384 1720 1575 1760 confiten-
1623 1738 1627 1739 ⁷

196 1778 307 1818 tem‘?
356 1779 506 1818 habent
525 1780 670 1819 divites
695 1781 771 1819 hoc
798 1793 955 1831 quoque
976 1783 1116 1821 contra
1136 1795 1208 1821 nos
1229 1782 1574 1830 contumeliosum,

295 1923 315 1953 3
341 1919 469 1954 tristes
494 1925 532 1954 Β
613 1923 634 1953 4
661 1919 806 1955 finiam:
834 1932 924 1955 num
949 1927 1001 1965 B3
1029 1932 1096 1957 om.
1119 1928 1169 1965 M,
1197 1921 1283 1957 add.
1303 1936 1346 1956 m
1421 1907 1575 1957 baffia-

196 1967 295 2002 rium
321 1974 372 2010 Β;
400 1967 610 2003 alueasium
637 1974 673 2002 P
757 1972 776 2003 6
805 1979 959 2003 causam
986 1975 1028 2003 J!
1113 1973 1132 2004 7
1160 1969 1323 2006 exercite
1348 1976 1386 2004 B
1457 1968 1573 2005 offen-

198 2015 312 2051 derit:
340 2015 381 2050 id
401 2016 503 2062 quod
524 2016 601 2052 Sch.
674 2020 694 2051 8
721 2016 839 2051 habet
858 2016 943 2052 add.
965 2018 1071 2053 Dess.
1087 2021 1208 2063 1290:
1236 2030 1304 2055 om.
1326 2033 1356 2053 ω
1427 2021 1471 2054 10
1497 2018 1574 2064 pri-

195 2065 285 2099 vata
310 2070 379 2099 BV
471 2064 705 2100 taxationem
731 2079 768 2106 y:
797 2065 1028 2100 extationem
1054 2072 1182 2111 ΒΓβσς
1213 2067 1402 2102 actionem
1429 2072 1485 2111 M3
1512 2077 1575 2102 ex-

197 2148 385 2184 actionem
411 2163 432 2190 y
551 2153 593 2184 12
624 2111 702 2185 iffi
727 2155 764 2183 Β
880 2153 924 2184 13
956 2151 1187 2195 potestatem
1214 2160 1233 2194 β
1351 2155 1396 2187 14
1427 2152 1466 2186 et
1491 2150 1578 2196 qui-

197 2196 283 2232 dem
308 2203 354 2240 Β,
387 2198 404 2231 t
429 2197 495 2232 del.
518 2204 541 2231 b
666 2201 709 2233 15
743 2198 875 2232 datum
902 2209 968 2233 om.
995 2205 1031 2232 P
1152 2203 1196 2234 16
1230 2199 1379 2235 dederit
1403 2205 1484 2234 ΒΜ

198 2248 242 2280 18
267 2245 368 2280 malo
395 2251 444 2289 M,
473 2257 489 2279 s
514 2257 617 2291 supr.
637 2261 678 2280 m
783 2245 922 2281 libebis
949 2255 968 2288 β
1080 2251 1124 2282 19
1152 2249 1191 2283 et
1216 2260 1283 2284 om.
1305 2255 1338 2283 J
1445 2251 1491 2283 20
1517 2248 1578 2283 est

195 2304 263 2329 om.
284 2299 322 2328 Β
412 2297 456 2328 22
483 2294 797 2330 mediotrinitatis
823 2300 868 2337 Β,
895 2306 986 2330 corr.
1010 2302 1032 2328 b
1107 2307 1167 2331 me
1193 2295 1262 2331 has
1289 2303 1318 2331 V
1411 2299 1456 2331 23
1484 2306 1576 2341 que-

195 2341 309 2377 rellas
335 2347 386 2384 Β,
419 2341 433 2376 l
460 2342 525 2377 del.
549 2349 571 2376 ⁶
670 2346 716 2377 24
742 2342 986 2388 gravissimus
1012 2349 1092 2378 ΒΜ
1114 2347 1220 2388 (corr.
1241 2345 1297 2390 m)
1398 2348 1442 2380 25
1469 2355 1577 2380 coar-

196 2390 339 2436 guendi
365 2396 419 2435 M3
448 2390 496 2425 —is
524 2398 545 2424 ς
643 2394 688 2425 26
716 2391 817 2436 quis:
845 2402 861 2425 s
889 2393 930 2427 in
955 2402 1027 2426 ras.
1055 2395 1081 2427 2
1107 2393 1175 2428 litt.
1199 2398 1241 2427 M
1437 2389 1441 2400 ¹
