1638 2560
53 227 103 264 19

124 98 218 142 318
556 94 804 132 VENENVM
829 92 1061 130 Errvsvir

212 212 327 252 Licet
356 212 482 263 igitur
513 223 618 251 nova
648 224 712 250 me
743 211 879 249 reatus
904 209 1009 248 mole
1036 209 1265 259 convenias,
1297 221 1378 248 non
1402 220 1498 261 pae-

123 273 226 312 nitet
257 275 390 312 tamen
421 272 587 321 flexisse,
618 284 699 310 non
723 271 914 322 paenitet,
946 270 1064 308 illum
1089 268 1279 320 spiritum
1302 270 1498 322 rigorem-

125 347 200 384 que
244 332 453 383 pereundi:
496 333 704 382 tamquam
748 330 950 382 parricida
993 329 1204 369 moriebar.
1266 331 1384 381 pater
1428 331 1500 382 qui

125 395 304 445 queritur
342 393 448 443 quod
484 405 565 432 non
602 392 704 442 bibi,
744 393 826 431 iam
863 404 969 430 nunc
1007 389 1174 430 diceret:
1213 386 1498 442 ‘deprehensus

124 456 226 504 erat,
264 466 411 505 negare
442 466 522 493 non
557 449 744 504 poterat?
810 464 934 492 essem
965 464 1071 490 nunc
1102 453 1166 490 ter
1198 451 1426 503 abdicatus,
1458 453 1500 491 et
1538 465 1554 493 5

122 528 184 553 me
217 514 472 554 contenderet
504 513 554 553 ad
585 513 736 552 iudices
767 525 876 552 meos
907 511 1037 555 redire
1068 525 1151 552 non
1183 524 1336 551 ausum.
1398 511 1500 552 bene

123 575 231 626 quod
263 575 319 614 sic
345 574 478 624 effudi,
509 577 719 624 tamquam
742 585 883 613 rursus
909 573 996 612 vita
1020 573 1251 624 placuisset.
1300 585 1501 613 venenum

124 635 230 686 quod
254 635 457 674 videretur
482 634 784 685 deprehensum,
815 647 931 673 nemo
963 633 1054 673 ideo
1080 633 1228 673 bibisse
1261 633 1500 684 crederetur,

122 696 217 746 quia
256 695 334 734 sibi
371 696 597 746 paraverat.
661 695 724 733 dic
756 707 879 733 nunc:
920 691 1020 733 ‘non
1046 694 1107 733 fui
1138 706 1342 745 passurus,
1374 695 1410 734 si
1439 693 1499 734 hi-

120 756 212 795 bere
252 753 470 795 voluisses?
534 755 675 794 deinde
712 755 788 794 1100
826 756 882 795 sic
919 754 1084 806 probas,
1122 756 1170 794 ut
1198 768 1263 794 me
1299 754 1499 807 hodieque
1519 770 1555 797 10

122 818 274 856 coneris
301 816 490 855 occidere.
544 813 639 855 ‘non
671 828 759 854 eras
790 812 1008 867 passurus.'
1061 815 1234 866 quando,
1265 828 1338 867 per
1367 814 1499 867 fidem,

120 876 236 916 inicis
272 875 443 916 manus?
480 877 615 928 potuit
653 876 809 926 eadem,
846 876 982 927 potuit
1013 877 1154 928 peragi
1184 876 1385 916 brevitate
1418 889 1500 928 qua

120 937 302 976 iusseras.
367 933 462 977 ‘non
500 950 587 977 eras
631 934 848 988 passurus.'
913 937 1056 976 deinde
1099 949 1180 976 non
1216 936 1411 988 timuisti,
1447 950 1498 977 ne

121 998 222 1036 mihi
253 999 431 1036 animum
462 998 655 1048 pereundi
686 998 751 1037 vel
783 997 858 1037 hoc
889 997 1040 1037 faceret
1066 997 1174 1048 quod
1206 997 1403 1049 putabam
1433 1010 1498 1037 me

119 1058 258 1097 iuberi.
321 1059 477 1097 facinus
516 1059 592 1108 est,
631 1059 664 1098 si
702 1060 870 1109 morior,
908 1059 957 1097 ut
994 1060 1136 1110 postea
1175 1060 1406 1109 quaeratur,
1445 1069 1497 1099 an
1518 1072 1552 1099 15

119 1119 294 1158 volueris
333 1119 521 1158 occidere.
583 1121 629 1158 tu
666 1119 762 1158 licet
798 1118 996 1158 invidiam
1033 1119 1143 1158 vocis
1181 1118 1292 1158 illius
1329 1119 1496 1159 alterius

119 1180 264 1218 mentis
297 1180 552 1219 simulatione
578 1179 779 1231 defendas,
812 1180 982 1219 occisuri
1006 1181 1144 1218 tamen
1169 1180 1249 1218 fuit
1272 1181 1407 1230 ipsum
1431 1193 1497 1219 ex—

118 1240 396 1290 perimentum.
458 1253 531 1279 nec
567 1240 736 1279 interest
778 1240 943 1292 rigoris,
989 1239 1188 1291 quaedam
1224 1241 1396 1291 patiaris
1445 1253 1497 1280 an

118 1302 301 1351 temptes.
362 1313 582 1350 numquam
613 1301 792 1340 movebit
827 1302 985 1352 patrem
1016 1300 1126 1340 filius
1164 1300 1242 1339 hoc
1272 1301 1381 1351 quod
1411 1313 1495 1340 mo—

118 1360 234 1410 ritur,
265 1373 384 1411 quem
414 1373 495 1399 non
524 1362 653 1400 movit
683 1361 759 1400 hoc
791 1361 896 1411 qued
927 1363 1095 1413 paratus
1128 1362 1190 1400 est
1220 1361 1333 1401 mori.
1515 1376 1552 1402 20

209 1420 315 1467 Quid
351 1433 456 1460 nunc
492 1421 657 1471 faciam,
696 1421 866 1472 iudices,
903 1422 1226 1474 pertinacissimo
1257 1421 1412 1474 rigori?
1452 1422 1495 1461 in

121 1481 227 1531 quod
263 1494 326 1520 me
366 1493 589 1533 conponam
626 1484 846 1532 patientiae
890 1481 1046 1534 genus?
1106 1482 1253 1522 videtis
1292 1483 1504 1522 hominem·

120 1554 235 1591 quem
280 1541 414 1581 nullus
459 1543 583 1581 animi
626 1543 706 1581 mei
750 1544 880 1582 status
919 1545 1070 1594 mutat,
1110 1555 1229 1594 quem
1267 1544 1495 1583 constantia

119 1604 274 1650 nostra,
312 1615 429 1652 quem
468 1602 633 1642 offendit
668 1603 893 1643 infirmitas.
956 1605 1092 1644 vivere
1124 1604 1235 1643 volo:
1267 1603 1494 1655 proturbat,

120 1662 292 1712 expellit.
356 1663 457 1701 mori
490 1676 626 1702 conor:
657 1664 909 1714 interpellat,
941 1665 1133 1716 exagitat.
1196 1664 1278 1703 iam
1304 1665 1493 1704 fortassis
1513 1678 1549 1705 25

119 1722 290 1772 aliquid,
335 1724 369 1760 si
411 1723 524 1762 nobis
567 1723 766 1774 hodieque
810 1725 1022 1764 clementia
1065 1727 1200 1765 vestra
1239 1726 1494 1775 succurrerit,

119 1782 297 1833 paravit,
328 1783 493 1822 invenit.
557 1785 625 1834 qui
656 1784 765 1835 finis,
797 1786 885 1835 quis
918 1786 1047 1824 exitus
1078 1785 1377 1826 incredibilium
1408 1798 1492 1825 ma·

216 1949 236 1980 2
262 1946 387 1981 fixisse
412 1951 493 1991 BV3
525 1946 676 1982 finxisse
703 1954 804 1992 Μβσς
834 1959 925 1984 corr.
950 1949 1014 1985 Gr.
1140 1953 1161 1984 3
1189 1953 1277 1995 post
1307 1948 1493 1995 pereundi

119 1993 205 2030 add.
234 1994 480 2040 assumpsisse
501 2000 544 2029 M
624 1995 831 2041 parricidia
857 2005 876 2039 β
961 2001 981 2032 5
1008 1998 1066 2033 ter
1092 2009 1159 2034 om.
1182 2004 1226 2043 ες
1251 1996 1325 2033 tibi
1351 2003 1396 2042 P,
1422 1997 1490 2034 del.

117 2078 216 2102 mem.
238 2069 258 2100 3
334 2070 354 2101 6
380 2055 524 2103 iudices
550 2074 587 2102 B
659 2071 680 2103 8
707 2067 1041 2114 deprehensum-
1056 2070 1272 2106 crederetur
1297 2081 1364 2106 om.
1384 2075 1423 2105 Β

118 2113 383 2150 credederetur
408 2121 451 2150 M
569 2119 589 2150 9
621 2115 710 2151 bibe
736 2123 773 2151 Β
893 2121 938 2152 10
970 2118 1040 2154 sic:
1068 2119 1100 2154 si
1127 2133 1152 2153 α
1276 2122 1319 2154 11
1353 2118 1427 2154 fide
1451 2124 1495 2154 M

119 2166 162 2199 15
184 2163 380 2208 quaeritur
398 2169 435 2197 B
499 2168 585 2210 post
604 2166 785 2220 queratur
803 2176 849 2202 er.
872 2176 916 2201 oc
940 2172 969 2200 V
1038 2170 1082 2202 16
1103 2166 1269 2202 nolueris
1288 2173 1326 2202 Β
1343 2169 1404 2214 (ex
1422 2177 1492 2202 nu-

115 2246 244 2293 lueris,
269 2258 361 2283 corr.
383 2247 448 2292 b.9)
476 2253 518 2282 M
592 2223 767 2284 voci¹llius
793 2255 830 2284 Β
853 2251 966 2296 (supr.
988 2251 1024 2297 b)
1107 2252 1132 2298 Ξ
1156 2251 1260 2287 vocis
1285 2252 1396 2297 (4—5
1421 2250 1490 2287 litt.

116 2296 180 2342 er.)
210 2301 251 2341 V3
276 2295 380 2331 illius
407 2307 474 2331 om.
506 2302 555 2340 M,
582 2298 623 2332 in
651 2309 768 2344 ηοω-9.
793 2312 835 2332 m
956 2302 1002 2334 20
1027 2299 1162 2336 movit:
1195 2300 1303 2335 novit
1325 2305 1378 2344 Β;
1410 2309 1490 2334 :mo—

115 2345 180 2380 vet
203 2350 241 2379 P
323 2348 368 2379 22
396 2344 488 2390 quid
514 2351 550 2379 Β
632 2349 675 2380 23
704 2347 825 2382 status
851 2357 896 2382 ex
921 2347 1074 2383 stutatis
1100 2354 1138 2382 Β
1210 2347 1443 2384 conscientia
1461 2354 1496 2383 J

117 2396 160 2428 27
189 2392 274 2438 quis
299 2392 384 2428 finis
410 2398 499 2435 Μβσ·
