<?xml version="1.0" encoding="UTF-8"?>
<!DOCTYPE html PUBLIC "-//W3C//DTD XHTML 1.0 Transitional//EN"
    "http://www.w3.org/TR/xhtml1/DTD/xhtml1-transitional.dtd">
<html xmlns="http://www.w3.org/1999/xhtml" xml:lang="en" lang="en">
 <head>
  <title>
</title>
<meta http-equiv="Content-Type" content="text/html;charset=utf-8" />
  <meta name='ocr-system' content='tesseract 3.04.00' />
  <meta name='ocr-capabilities' content='ocr_page ocr_carea ocr_par ocr_line ocrx_word'/>
</head>
<body>
  <div class='ocr_page' id='page_1' title='image "./quintilianiquaef00lehnuoft_0440.png"; bbox 0 0 1638 2560; ppageno 0'>
   <div class='ocr_carea' id='block_1_1' title="bbox 207 113 1153 162">
    <p class='ocr_par' dir='ltr' id='par_1_1' title="bbox 207 113 1153 162">
     <span class='ocr_line' id='line_1_1' title="bbox 207 113 1153 162; baseline -0.004 -9"><span class='ocrx_word' id='word_1_1' title='bbox 207 118 298 162; x_wconf 87' lang='lat'><strong>404</strong></span> <span class='ocrx_word' id='word_1_2' title='bbox 631 115 888 151; x_wconf 88' lang='lat' dir='ltr'><strong>EXCERPTA</strong></span> <span class='ocrx_word' id='word_1_3' title='bbox 913 113 1153 150; x_wconf 84' lang='lat' dir='ltr'><strong>PARISINA.</strong></span> 
     </span>
    </p>
   </div>
   <div class='ocr_carea' id='block_1_2' title="bbox 207 227 1579 400">
    <p class='ocr_par' dir='ltr' id='par_1_2' title="bbox 207 227 1579 400">
     <span class='ocr_line' id='line_1_2' title="bbox 207 227 1578 284; baseline -0.004 -12"><span class='ocrx_word' id='word_1_4' title='bbox 207 234 383 284; x_wconf 88' lang='lat' dir='ltr'><strong>insuper,</strong></span> <span class='ocrx_word' id='word_1_5' title='bbox 415 232 522 282; x_wconf 88' lang='lat' dir='ltr'><strong>quod</strong></span> <span class='ocrx_word' id='word_1_6' title='bbox 552 230 678 270; x_wconf 87' lang='lat' dir='ltr'><strong>totius</strong></span> <span class='ocrx_word' id='word_1_7' title='bbox 710 230 859 269; x_wconf 89' lang='lat' dir='ltr'><strong>doloris</strong></span> <span class='ocrx_word' id='word_1_8' title='bbox 892 229 1074 268; x_wconf 87' lang='lat' dir='ltr'><strong>cumulus</strong></span> <span class='ocrx_word' id='word_1_9' title='bbox 1106 230 1179 279; x_wconf 87' lang='lat' dir='ltr'><strong>est,</strong></span> <span class='ocrx_word' id='word_1_10' title='bbox 1210 227 1318 280; x_wconf 86' lang='lat' dir='ltr'><strong>quod</strong></span> <span class='ocrx_word' id='word_1_11' title='bbox 1349 230 1441 268; x_wconf 82' lang='lat' dir='ltr'><strong>tam</strong></span> <span class='ocrx_word' id='word_1_12' title='bbox 1466 227 1578 268; x_wconf 76' lang='lat' dir='ltr'><strong>deso-</strong></span> 
     </span>
     <span class='ocr_line' id='line_1_3' title="bbox 207 288 1579 340; baseline -0.004 -7"><span class='ocrx_word' id='word_1_13' title='bbox 207 295 282 333; x_wconf 86' lang='lat' dir='ltr'><strong>lati</strong></span> <span class='ocrx_word' id='word_1_14' title='bbox 314 293 449 332; x_wconf 87' lang='lat' dir='ltr'><strong>solatii</strong></span> <span class='ocrx_word' id='word_1_15' title='bbox 473 304 572 331; x_wconf 89' lang='lat' dir='ltr'><strong>onus</strong></span> <span class='ocrx_word' id='word_1_16' title='bbox 605 293 676 340; x_wconf 88' lang='lat' dir='ltr'><strong>est,</strong></span> <span class='ocrx_word' id='word_1_17' title='bbox 708 291 881 330; x_wconf 86' lang='lat' dir='ltr'><strong>viventis</strong></span> <span class='ocrx_word' id='word_1_18' title='bbox 910 289 1033 329; x_wconf 87' lang='lat' dir='ltr'><strong>etiam</strong></span> <span class='ocrx_word' id='word_1_19' title='bbox 1064 290 1151 328; x_wconf 86' lang='lat' dir='ltr'><strong>vita</strong></span> <span class='ocrx_word' id='word_1_20' title='bbox 1175 289 1287 329; x_wconf 77' lang='lat' dir='ltr'><strong>laesa</strong></span> <span class='ocrx_word' id='word_1_21' title='bbox 1311 290 1374 329; x_wconf 84' lang='lat' dir='ltr'><strong>est</strong></span> <span class='ocrx_word' id='word_1_22' title='bbox 1398 301 1445 328; x_wconf 89' lang='lat' dir='ltr'><strong>eo</strong></span> <span class='ocrx_word' id='word_1_23' title='bbox 1470 288 1579 340; x_wconf 88' lang='lat' dir='ltr'><strong>quod</strong></span> 
     </span>
     <span class='ocr_line' id='line_1_4' title="bbox 207 349 1578 400; baseline -0.003 -8"><span class='ocrx_word' id='word_1_24' title='bbox 207 355 344 394; x_wconf 78' lang='lat' dir='ltr'><strong>fratris</strong></span> <span class='ocrx_word' id='word_1_25' title='bbox 376 354 503 391; x_wconf 88' lang='lat' dir='ltr'><strong>morte</strong></span> <span class='ocrx_word' id='word_1_26' title='bbox 528 354 669 391; x_wconf 86' lang='lat' dir='ltr'><strong>notata</strong></span> <span class='ocrx_word' id='word_1_27' title='bbox 701 354 771 390; x_wconf 88' lang='lat' dir='ltr'><strong>est.</strong></span> <span class='ocrx_word' id='word_1_28' title='bbox 835 350 1046 390; x_wconf 80' lang='lat' dir='ltr'><strong>maluisset</strong></span> <span class='ocrx_word' id='word_1_29' title='bbox 1069 350 1156 400; x_wconf 80' lang='lat' dir='ltr'><strong>ipse</strong></span> <span class='ocrx_word' id='word_1_30' title='bbox 1190 362 1312 400; x_wconf 88' lang='lat' dir='ltr'><strong>quam</strong></span> <span class='ocrx_word' id='word_1_31' title='bbox 1343 350 1401 389; x_wconf 91' lang='lat' dir='ltr'><strong>sic</strong></span> <span class='ocrx_word' id='word_1_32' title='bbox 1431 349 1578 399; x_wconf 83' lang='lat' dir='ltr'><strong>vivere,</strong></span> 
     </span>
    </p>
   </div>
   <div class='ocr_carea' id='block_1_3' title="bbox 141 410 551 465">
    <p class='ocr_par' dir='ltr' id='par_1_3' title="bbox 141 410 551 465">
     <span class='ocr_line' id='line_1_5' title="bbox 141 410 551 465; baseline -0.007 -11"><span class='ocrx_word' id='word_1_33' title='bbox 141 410 145 416; x_wconf 42' lang='lat'>³</span> <span class='ocrx_word' id='word_1_34' title='bbox 207 415 408 465; x_wconf 82' lang='lat' dir='ltr'>languere,</span> <span class='ocrx_word' id='word_1_35' title='bbox 440 413 551 452; x_wconf 88' lang='lat' dir='ltr'><strong>mori.</strong></span> 
     </span>
    </p>
   </div>
   <div class='ocr_carea' id='block_1_4' title="bbox 711 500 1634 540">
    <p class='ocr_par' dir='ltr' id='par_1_4' title="bbox 711 500 1634 540">
     <span class='ocr_line' id='line_1_6' title="bbox 711 500 1634 540; baseline 0 0"><span class='ocrx_word' id='word_1_36' title='bbox 711 502 779 540; x_wconf 93' lang='lat' dir='ltr'><strong>IX.</strong></span> <span class='ocrx_word' id='word_1_37' title='bbox 814 500 1071 540; x_wconf 67' lang='lat' dir='ltr'><strong>GLAmA&#39;roR.</strong></span> <span class='ocrx_word' id='word_1_38' title='bbox 1618 513 1634 540; x_wconf 79' lang='lat'><strong>5</strong></span> 
     </span>
    </p>
   </div>
   <div class='ocr_carea' id='block_1_5' title="bbox 207 578 1637 923">
    <p class='ocr_par' dir='ltr' id='par_1_5' title="bbox 207 578 1637 923">
     <span class='ocr_line' id='line_1_7' title="bbox 207 578 1580 631; baseline -0.004 -9"><span class='ocrx_word' id='word_1_39' title='bbox 207 583 404 623; x_wconf 86' lang='lat' dir='ltr'><strong>Abdicare</strong></span> <span class='ocrx_word' id='word_1_40' title='bbox 438 583 478 620; x_wconf 90' lang='lat' dir='ltr'><strong>et</strong></span> <span class='ocrx_word' id='word_1_41' title='bbox 508 594 691 620; x_wconf 84' lang='lat' dir='ltr'><strong>recusare</strong></span> <span class='ocrx_word' id='word_1_42' title='bbox 724 581 853 619; x_wconf 87' lang='lat' dir='ltr'><strong>liceat.</strong></span> <span class='ocrx_word' id='word_1_43' title='bbox 917 580 1029 619; x_wconf 87' lang='lat' dir='ltr'><strong>dives</strong></span> <span class='ocrx_word' id='word_1_44' title='bbox 1061 581 1103 619; x_wconf 88' lang='lat' dir='ltr'><strong>et</strong></span> <span class='ocrx_word' id='word_1_45' title='bbox 1126 591 1281 631; x_wconf 80' lang='lat' dir='ltr'><strong>pauper</strong></span> <span class='ocrx_word' id='word_1_46' title='bbox 1311 578 1449 620; x_wconf 88' lang='lat' dir='ltr'><strong>odiosi.</strong></span> <span class='ocrx_word' id='word_1_47' title='bbox 1506 578 1580 618; x_wconf 80' lang='lat' dir='ltr'><strong>filii</strong></span> 
     </span>
     <span class='ocr_line' id='line_1_8' title="bbox 266 639 1581 692; baseline -0.003 -10"><span class='ocrx_word' id='word_1_48' title='bbox 266 656 401 683; x_wconf 89' lang='lat' dir='ltr'><strong>eorum</strong></span> <span class='ocrx_word' id='word_1_49' title='bbox 443 643 520 681; x_wconf 93' lang='lat' dir='ltr'><strong>duo</strong></span> <span class='ocrx_word' id='word_1_50' title='bbox 563 641 699 680; x_wconf 86' lang='lat' dir='ltr'><strong>dilecti</strong></span> <span class='ocrx_word' id='word_1_51' title='bbox 739 641 817 680; x_wconf 91' lang='lat' dir='ltr'><strong>sibi</strong></span> <span class='ocrx_word' id='word_1_52' title='bbox 857 641 1029 679; x_wconf 88' lang='lat' dir='ltr'><strong>invicem</strong></span> <span class='ocrx_word' id='word_1_53' title='bbox 1070 641 1190 679; x_wconf 87' lang='lat' dir='ltr'><strong>fuere.</strong></span> <span class='ocrx_word' id='word_1_54' title='bbox 1259 641 1391 691; x_wconf 85' lang='lat' dir='ltr'><strong>poscit</strong></span> <span class='ocrx_word' id='word_1_55' title='bbox 1430 639 1581 692; x_wconf 82' lang='lat' dir='ltr'><strong>legatio</strong></span> 
     </span>
     <span class='ocr_line' id='line_1_9' title="bbox 267 700 1582 752; baseline -0.002 -10"><span class='ocrx_word' id='word_1_56' title='bbox 267 704 444 742; x_wconf 88' lang='lat' dir='ltr'><strong>divitem.</strong></span> <span class='ocrx_word' id='word_1_57' title='bbox 502 701 616 742; x_wconf 85' lang='lat' dir='ltr'><strong>vadit</strong></span> <span class='ocrx_word' id='word_1_58' title='bbox 653 701 770 740; x_wconf 89' lang='lat' dir='ltr'><strong>filius.</strong></span> <span class='ocrx_word' id='word_1_59' title='bbox 833 702 1084 752; x_wconf 84' lang='lat' dir='ltr'><strong>piraticatur.</strong></span> <span class='ocrx_word' id='word_1_60' title='bbox 1146 700 1341 740; x_wconf 75' lang='lat' dir='ltr'><strong>rescribit.</strong></span> <span class='ocrx_word' id='word_1_61' title='bbox 1397 702 1582 740; x_wconf 82' lang='lat' dir='ltr'><strong>moratur</strong></span> 
     </span>
     <span class='ocr_line' id='line_1_10' title="bbox 268 761 1581 815; baseline -0.002 -13"><span class='ocrx_word' id='word_1_62' title='bbox 268 766 393 815; x_wconf 91' lang='lat' dir='ltr'><strong>pater.</strong></span> <span class='ocrx_word' id='word_1_63' title='bbox 452 764 602 802; x_wconf 88' lang='lat' dir='ltr'><strong>amicus</strong></span> <span class='ocrx_word' id='word_1_64' title='bbox 635 762 758 801; x_wconf 89' lang='lat' dir='ltr'><strong>vadit.</strong></span> <span class='ocrx_word' id='word_1_65' title='bbox 817 761 1025 800; x_wconf 87' lang='lat' dir='ltr'><strong>venditum</strong></span> <span class='ocrx_word' id='word_1_66' title='bbox 1049 761 1201 813; x_wconf 90' lang='lat' dir='ltr'><strong>reperit</strong></span> <span class='ocrx_word' id='word_1_67' title='bbox 1226 761 1479 813; x_wconf 72' lang='lat' dir='ltr'><strong>gladiaturae</strong></span> <span class='ocrx_word' id='word_1_68' title='bbox 1509 773 1581 811; x_wconf 86' lang='lat' dir='ltr'><strong>pa-</strong></span> 
     </span>
     <span class='ocr_line' id='line_1_11' title="bbox 266 821 1637 873; baseline -0.002 -10"><span class='ocrx_word' id='word_1_69' title='bbox 266 826 409 863; x_wconf 86' lang='lat' dir='ltr'><strong>ratum.</strong></span> <span class='ocrx_word' id='word_1_70' title='bbox 474 824 592 862; x_wconf 88' lang='lat' dir='ltr'><strong>subit.</strong></span> <span class='ocrx_word' id='word_1_71' title='bbox 650 824 831 861; x_wconf 86' lang='lat' dir='ltr'><strong>moritur.</strong></span> <span class='ocrx_word' id='word_1_72' title='bbox 889 823 1118 873; x_wconf 89' lang='lat' dir='ltr'><strong>redemptus</strong></span> <span class='ocrx_word' id='word_1_73' title='bbox 1153 821 1268 861; x_wconf 87' lang='lat' dir='ltr'><strong>redit.</strong></span> <span class='ocrx_word' id='word_1_74' title='bbox 1325 823 1484 872; x_wconf 88' lang='lat' dir='ltr'><strong>patrem</strong></span> <span class='ocrx_word' id='word_1_75' title='bbox 1515 821 1580 860; x_wconf 88' lang='lat' dir='ltr'><strong>de·</strong></span> <span class='ocrx_word' id='word_1_76' title='bbox 1604 835 1637 861; x_wconf 82' lang='grc' dir='ltr'><strong>ιο</strong></span> 
     </span>
     <span class='ocr_line' id='line_1_12' title="bbox 265 883 764 923; baseline -0.004 0"><span class='ocrx_word' id='word_1_77' title='bbox 265 885 392 923; x_wconf 85' lang='lat' dir='ltr'><strong>functi</strong></span> <span class='ocrx_word' id='word_1_78' title='bbox 426 885 509 923; x_wconf 88' lang='lat' dir='ltr'><strong>alit.</strong></span> <span class='ocrx_word' id='word_1_79' title='bbox 545 883 764 922; x_wconf 85' lang='lat' dir='ltr'><strong>abdicatur.</strong></span> 
     </span>
    </p>
   </div>
   <div class='ocr_carea' id='block_1_6' title="bbox 206 979 1638 1940">
    <p class='ocr_par' dir='ltr' id='par_1_6' title="bbox 206 979 1638 1940">
     <span class='ocr_line' id='line_1_13' title="bbox 296 979 1582 1030; baseline -0.002 -11"><span class='ocrx_word' id='word_1_80' title='bbox 296 981 440 1020; x_wconf 66' lang='lat' dir='ltr'><strong>Filius.</strong></span> <span class='ocrx_word' id='word_1_81' title='bbox 492 981 597 1030; x_wconf 87' lang='lat' dir='ltr'><strong>licet,</strong></span> <span class='ocrx_word' id='word_1_82' title='bbox 623 980 786 1029; x_wconf 87' lang='lat' dir='ltr'><strong>iudices,</strong></span> <span class='ocrx_word' id='word_1_83' title='bbox 806 993 869 1018; x_wconf 88' lang='lat' dir='ltr'><strong>me</strong></span> <span class='ocrx_word' id='word_1_84' title='bbox 889 994 1006 1019; x_wconf 88' lang='lat' dir='ltr'><strong>nemo</strong></span> <span class='ocrx_word' id='word_1_85' title='bbox 1027 980 1210 1019; x_wconf 87' lang='lat' dir='ltr'><strong>miserior</strong></span> <span class='ocrx_word' id='word_1_86' title='bbox 1229 979 1410 1019; x_wconf 83' lang='lat' dir='ltr'><strong>extiterit</strong></span> <span class='ocrx_word' id='word_1_87' title='bbox 1421 980 1582 1030; x_wconf 81' lang='lat' dir='ltr'><strong>praeter</strong></span> 
     </span>
     <span class='ocr_line' id='line_1_14' title="bbox 206 1039 1585 1093; baseline -0.001 -13"><span class='ocrx_word' id='word_1_88' title='bbox 206 1055 331 1080; x_wconf 87' lang='lat' dir='ltr'><strong>unum</strong></span> <span class='ocrx_word' id='word_1_89' title='bbox 365 1055 480 1091; x_wconf 90' lang='lat' dir='ltr'><strong>quem</strong></span> <span class='ocrx_word' id='word_1_90' title='bbox 523 1043 563 1080; x_wconf 91' lang='lat' dir='ltr'><strong>et</strong></span> <span class='ocrx_word' id='word_1_91' title='bbox 595 1053 668 1093; x_wconf 84' lang='lat' dir='ltr'><strong>ego</strong></span> <span class='ocrx_word' id='word_1_92' title='bbox 707 1040 897 1080; x_wconf 89' lang='lat' dir='ltr'><strong>miserum</strong></span> <span class='ocrx_word' id='word_1_93' title='bbox 935 1042 1029 1091; x_wconf 88' lang='lat' dir='ltr'><strong>feci,</strong></span> <span class='ocrx_word' id='word_1_94' title='bbox 1070 1053 1278 1090; x_wconf 88' lang='lat' dir='ltr'><strong>nunquam</strong></span> <span class='ocrx_word' id='word_1_95' title='bbox 1314 1041 1450 1079; x_wconf 86' lang='lat' dir='ltr'><strong>tamen</strong></span> <span class='ocrx_word' id='word_1_96' title='bbox 1480 1039 1585 1079; x_wconf 84' lang='lat' dir='ltr'><strong>hanc</strong></span> 
     </span>
     <span class='ocr_line' id='line_1_15' title="bbox 206 1099 1583 1153; baseline -0.001 -12"><span class='ocrx_word' id='word_1_97' title='bbox 206 1103 410 1142; x_wconf 88' lang='lat' dir='ltr'><strong>miseriam</strong></span> <span class='ocrx_word' id='word_1_98' title='bbox 450 1103 591 1140; x_wconf 85' lang='lat' dir='ltr'><strong>timere</strong></span> <span class='ocrx_word' id='word_1_99' title='bbox 632 1102 766 1152; x_wconf 89' lang='lat' dir='ltr'><strong>potui,</strong></span> <span class='ocrx_word' id='word_1_100' title='bbox 807 1115 855 1140; x_wconf 89' lang='lat' dir='ltr'><strong>ne</strong></span> <span class='ocrx_word' id='word_1_101' title='bbox 898 1104 991 1153; x_wconf 91' lang='lat' dir='ltr'><strong>post</strong></span> <span class='ocrx_word' id='word_1_102' title='bbox 1027 1101 1280 1152; x_wconf 89' lang='lat' dir='ltr'><strong>redemptum</strong></span> <span class='ocrx_word' id='word_1_103' title='bbox 1318 1113 1391 1152; x_wconf 88' lang='lat' dir='ltr'><strong>per</strong></span> <span class='ocrx_word' id='word_1_104' title='bbox 1432 1099 1583 1139; x_wconf 83' lang='lat' dir='ltr'><strong>alienas</strong></span> 
     </span>
     <span class='ocr_line' id='line_1_16' title="bbox 206 1160 1638 1213; baseline -0.001 -11"><span class='ocrx_word' id='word_1_105' title='bbox 206 1175 347 1202; x_wconf 88' lang='lat' dir='ltr'><strong>manus</strong></span> <span class='ocrx_word' id='word_1_106' title='bbox 374 1163 501 1200; x_wconf 90' lang='lat' dir='ltr'><strong>filium</strong></span> <span class='ocrx_word' id='word_1_107' title='bbox 526 1162 634 1213; x_wconf 89' lang='lat' dir='ltr'><strong>patri</strong></span> <span class='ocrx_word' id='word_1_108' title='bbox 660 1162 934 1201; x_wconf 83' lang='lat' dir='ltr'><strong>misericordia</strong></span> <span class='ocrx_word' id='word_1_109' title='bbox 960 1162 1199 1213; x_wconf 74' lang='lat' dir='ltr'><strong>displiceret.</strong></span> <span class='ocrx_word' id='word_1_110' title='bbox 1250 1162 1379 1201; x_wconf 81' lang='lat' dir='ltr'><strong>Pater.</strong></span> <span class='ocrx_word' id='word_1_111' title='bbox 1430 1160 1584 1200; x_wconf 88' lang='lat' dir='ltr'><strong>miseri-</strong></span> <span class='ocrx_word' id='word_1_112' title='bbox 1605 1173 1638 1200; x_wconf 80' lang='lat'><strong>15</strong></span> 
     </span>
     <span class='ocr_line' id='line_1_17' title="bbox 207 1221 1585 1274; baseline -0.001 -12"><span class='ocrx_word' id='word_1_113' title='bbox 207 1223 342 1262; x_wconf 86' lang='lat' dir='ltr'><strong>cordia</strong></span> <span class='ocrx_word' id='word_1_114' title='bbox 375 1223 537 1273; x_wconf 89' lang='lat' dir='ltr'><strong>quidem</strong></span> <span class='ocrx_word' id='word_1_115' title='bbox 562 1235 643 1261; x_wconf 87' lang='lat' dir='ltr'><strong>non</strong></span> <span class='ocrx_word' id='word_1_116' title='bbox 669 1222 871 1273; x_wconf 79' lang='lat' dir='ltr'><strong>displicet3</strong></span> <span class='ocrx_word' id='word_1_117' title='bbox 904 1222 971 1262; x_wconf 90' lang='lat' dir='ltr'><strong>sed</strong></span> <span class='ocrx_word' id='word_1_118' title='bbox 1004 1236 1076 1262; x_wconf 87' lang='lat' dir='ltr'><strong>nec</strong></span> <span class='ocrx_word' id='word_1_119' title='bbox 1103 1235 1212 1261; x_wconf 85' lang='lat' dir='ltr'><strong>error</strong></span> <span class='ocrx_word' id='word_1_120' title='bbox 1237 1222 1380 1274; x_wconf 87' lang='lat' dir='ltr'><strong>placet.</strong></span> <span class='ocrx_word' id='word_1_121' title='bbox 1439 1221 1487 1261; x_wconf 82' lang='lat' dir='ltr'><strong>F.</strong></span> <span class='ocrx_word' id='word_1_122' title='bbox 1515 1234 1585 1261; x_wconf 92' lang='lat' dir='ltr'><strong>cur</strong></span> 
     </span>
     <span class='ocr_line' id='line_1_18' title="bbox 206 1281 1585 1336; baseline -0.001 -14"><span class='ocrx_word' id='word_1_123' title='bbox 206 1285 331 1336; x_wconf 86' lang='lat' dir='ltr'><strong>igitur</strong></span> <span class='ocrx_word' id='word_1_124' title='bbox 363 1282 551 1322; x_wconf 82' lang='lat' dir='ltr'><strong>abdicas?</strong></span> <span class='ocrx_word' id='word_1_125' title='bbox 608 1284 651 1321; x_wconf 89' lang='lat' dir='ltr'><strong>P.</strong></span> <span class='ocrx_word' id='word_1_126' title='bbox 679 1284 831 1322; x_wconf 76' lang='lat' dir='ltr'><strong>inimici</strong></span> <span class='ocrx_word' id='word_1_127' title='bbox 863 1283 991 1322; x_wconf 86' lang='lat' dir='ltr'><strong>filium</strong></span> <span class='ocrx_word' id='word_1_128' title='bbox 1023 1283 1210 1323; x_wconf 85' lang='lat' dir='ltr'><strong>dilexisti.</strong></span> <span class='ocrx_word' id='word_1_129' title='bbox 1269 1283 1316 1321; x_wconf 87' lang='lat' dir='ltr'><strong>F.</strong></span> <span class='ocrx_word' id='word_1_130' title='bbox 1352 1295 1432 1322; x_wconf 88' lang='lat' dir='ltr'><strong>non</strong></span> <span class='ocrx_word' id='word_1_131' title='bbox 1464 1281 1585 1321; x_wconf 84' lang='lat' dir='ltr'><strong>dilexi</strong></span> 
     </span>
     <span class='ocr_line' id='line_1_19' title="bbox 206 1343 1583 1394; baseline -0.001 -12"><span class='ocrx_word' id='word_1_132' title='bbox 206 1344 346 1394; x_wconf 86' lang='lat' dir='ltr'><strong>filium,</strong></span> <span class='ocrx_word' id='word_1_133' title='bbox 379 1344 447 1384; x_wconf 92' lang='lat' dir='ltr'><strong>sed</strong></span> <span class='ocrx_word' id='word_1_134' title='bbox 478 1345 661 1383; x_wconf 88' lang='lat' dir='ltr'><strong>amicum.</strong></span> <span class='ocrx_word' id='word_1_135' title='bbox 719 1345 762 1382; x_wconf 90' lang='lat' dir='ltr'><strong>P.</strong></span> <span class='ocrx_word' id='word_1_136' title='bbox 790 1357 869 1383; x_wconf 88' lang='lat' dir='ltr'><strong>non</strong></span> <span class='ocrx_word' id='word_1_137' title='bbox 896 1344 1045 1384; x_wconf 86' lang='lat' dir='ltr'><strong>desinit</strong></span> <span class='ocrx_word' id='word_1_138' title='bbox 1080 1357 1163 1384; x_wconf 89' lang='lat' dir='ltr'><strong>esse</strong></span> <span class='ocrx_word' id='word_1_139' title='bbox 1194 1343 1319 1393; x_wconf 89' lang='lat' dir='ltr'><strong>filius,</strong></span> <span class='ocrx_word' id='word_1_140' title='bbox 1358 1343 1454 1394; x_wconf 85' lang='lat' dir='ltr'><strong>quia</strong></span> <span class='ocrx_word' id='word_1_141' title='bbox 1487 1343 1583 1381; x_wconf 84' lang='lat' dir='ltr'><strong>ami-</strong></span> 
     </span>
     <span class='ocr_line' id='line_1_20' title="bbox 208 1403 1582 1455; baseline -0.002 -11"><span class='ocrx_word' id='word_1_142' title='bbox 208 1418 285 1444; x_wconf 88' lang='lat' dir='ltr'><strong>cus.</strong></span> <span class='ocrx_word' id='word_1_143' title='bbox 343 1405 534 1443; x_wconf 83' lang='lat' dir='ltr'><strong>debuerat</strong></span> <span class='ocrx_word' id='word_1_144' title='bbox 566 1405 744 1443; x_wconf 88' lang='lat' dir='ltr'><strong>desinere</strong></span> <span class='ocrx_word' id='word_1_145' title='bbox 777 1405 861 1444; x_wconf 89' lang='lat' dir='ltr'><strong>fore</strong></span> <span class='ocrx_word' id='word_1_146' title='bbox 895 1406 1065 1455; x_wconf 87' lang='lat' dir='ltr'><strong>amicus,</strong></span> <span class='ocrx_word' id='word_1_147' title='bbox 1106 1405 1201 1455; x_wconf 89' lang='lat' dir='ltr'><strong>quia</strong></span> <span class='ocrx_word' id='word_1_148' title='bbox 1232 1404 1327 1443; x_wconf 87' lang='lat' dir='ltr'><strong>talis</strong></span> <span class='ocrx_word' id='word_1_149' title='bbox 1359 1403 1476 1443; x_wconf 89' lang='lat' dir='ltr'><strong>filius.</strong></span> <span class='ocrx_word' id='word_1_150' title='bbox 1534 1403 1582 1442; x_wconf 81' lang='lat' dir='ltr'><strong>F.</strong></span> 
     </span>
     <span class='ocr_line' id='line_1_21' title="bbox 207 1465 1638 1517; baseline -0.001 -13"><span class='ocrx_word' id='word_1_151' title='bbox 207 1479 281 1516; x_wconf 86' lang='lat' dir='ltr'><strong>ego</strong></span> <span class='ocrx_word' id='word_1_152' title='bbox 307 1465 541 1517; x_wconf 86' lang='lat' dir='ltr'><strong>diligentem</strong></span> <span class='ocrx_word' id='word_1_153' title='bbox 567 1465 696 1504; x_wconf 88' lang='lat' dir='ltr'><strong>odisse</strong></span> <span class='ocrx_word' id='word_1_154' title='bbox 720 1478 799 1504; x_wconf 88' lang='lat' dir='ltr'><strong>non</strong></span> <span class='ocrx_word' id='word_1_155' title='bbox 825 1467 1021 1516; x_wconf 88' lang='lat' dir='ltr'><strong>poteram,</strong></span> <span class='ocrx_word' id='word_1_156' title='bbox 1047 1465 1239 1516; x_wconf 89' lang='lat' dir='ltr'><strong>quoniam</strong></span> <span class='ocrx_word' id='word_1_157' title='bbox 1263 1477 1336 1504; x_wconf 88' lang='lat' dir='ltr'><strong>nec</strong></span> <span class='ocrx_word' id='word_1_158' title='bbox 1361 1466 1408 1504; x_wconf 91' lang='lat' dir='ltr'><strong>tu</strong></span> <span class='ocrx_word' id='word_1_159' title='bbox 1432 1476 1581 1517; x_wconf 89' lang='lat' dir='ltr'><strong>paupe·</strong></span> <span class='ocrx_word' id='word_1_160' title='bbox 1602 1476 1638 1503; x_wconf 77' lang='lat'><strong>2⁰</strong></span> 
     </span>
     <span class='ocr_line' id='line_1_22' title="bbox 207 1525 1582 1577; baseline -0.001 -13"><span class='ocrx_word' id='word_1_161' title='bbox 207 1539 303 1574; x_wconf 87' lang='lat' dir='ltr'><strong>rem,</strong></span> <span class='ocrx_word' id='word_1_162' title='bbox 330 1527 364 1564; x_wconf 89' lang='lat' dir='ltr'><strong>si</strong></span> <span class='ocrx_word' id='word_1_163' title='bbox 389 1528 428 1564; x_wconf 90' lang='lat' dir='ltr'><strong>te</strong></span> <span class='ocrx_word' id='word_1_164' title='bbox 455 1528 641 1575; x_wconf 84' lang='lat' dir='ltr'><strong>amasset,</strong></span> <span class='ocrx_word' id='word_1_165' title='bbox 668 1526 818 1565; x_wconf 88' lang='lat' dir='ltr'><strong>oderas.</strong></span> <span class='ocrx_word' id='word_1_166' title='bbox 877 1527 921 1564; x_wconf 89' lang='lat' dir='ltr'><strong>P.</strong></span> <span class='ocrx_word' id='word_1_167' title='bbox 942 1526 1325 1577; x_wconf 88' lang='lat' dir='ltr'><strong>impotentissimum</strong></span> <span class='ocrx_word' id='word_1_168' title='bbox 1349 1537 1412 1564; x_wconf 89' lang='lat' dir='ltr'><strong>me</strong></span> <span class='ocrx_word' id='word_1_169' title='bbox 1438 1525 1582 1564; x_wconf 85' lang='lat' dir='ltr'><strong>fecisti.</strong></span> 
     </span>
     <span class='ocr_line' id='line_1_23' title="bbox 209 1586 1583 1637; baseline -0.001 -12"><span class='ocrx_word' id='word_1_170' title='bbox 209 1599 325 1625; x_wconf 88' lang='lat' dir='ltr'><strong>nemo</strong></span> <span class='ocrx_word' id='word_1_171' title='bbox 353 1599 441 1624; x_wconf 84' lang='lat' dir='ltr'><strong>eum</strong></span> <span class='ocrx_word' id='word_1_172' title='bbox 466 1586 536 1625; x_wconf 94' lang='grc'>1110</span> <span class='ocrx_word' id='word_1_173' title='bbox 563 1589 646 1625; x_wconf 84' lang='lat' dir='ltr'><strong>stat</strong></span> <span class='ocrx_word' id='word_1_174' title='bbox 672 1600 789 1636; x_wconf 90' lang='lat' dir='ltr'><strong>quem</strong></span> <span class='ocrx_word' id='word_1_175' title='bbox 814 1587 922 1626; x_wconf 90' lang='lat' dir='ltr'><strong>filius</strong></span> <span class='ocrx_word' id='word_1_176' title='bbox 943 1587 1101 1626; x_wconf 87' lang='lat' dir='ltr'><strong>deserit.</strong></span> <span class='ocrx_word' id='word_1_177' title='bbox 1152 1587 1196 1625; x_wconf 90' lang='lat' dir='ltr'><strong>P.</strong></span> <span class='ocrx_word' id='word_1_178' title='bbox 1217 1587 1430 1635; x_wconf 87' lang='lat' dir='ltr'><strong>memento,</strong></span> <span class='ocrx_word' id='word_1_179' title='bbox 1455 1586 1583 1637; x_wconf 86' lang='lat' dir='ltr'><strong>pater,</strong></span> 
     </span>
     <span class='ocr_line' id='line_1_24' title="bbox 209 1647 1582 1697; baseline -0.001 -12"><span class='ocrx_word' id='word_1_180' title='bbox 209 1660 281 1697; x_wconf 87' lang='lat' dir='ltr'><strong>pro</strong></span> <span class='ocrx_word' id='word_1_181' title='bbox 314 1660 392 1696; x_wconf 90' lang='lat' dir='ltr'><strong>quo</strong></span> <span class='ocrx_word' id='word_1_182' title='bbox 434 1649 495 1685; x_wconf 89' lang='lat' dir='ltr'><strong>tot</strong></span> <span class='ocrx_word' id='word_1_183' title='bbox 535 1647 715 1697; x_wconf 85' lang='lat' dir='ltr'><strong>pericula</strong></span> <span class='ocrx_word' id='word_1_184' title='bbox 747 1647 952 1697; x_wconf 84' lang='lat' dir='ltr'><strong>subierim,</strong></span> <span class='ocrx_word' id='word_1_185' title='bbox 994 1661 1074 1686; x_wconf 89' lang='lat' dir='ltr'><strong>non</strong></span> <span class='ocrx_word' id='word_1_186' title='bbox 1115 1647 1221 1686; x_wconf 87' lang='lat' dir='ltr'><strong>dices</strong></span> <span class='ocrx_word' id='word_1_187' title='bbox 1253 1647 1456 1686; x_wconf 87' lang='lat' dir='ltr'><strong>desertum</strong></span> <span class='ocrx_word' id='word_1_188' title='bbox 1487 1658 1582 1685; x_wconf 85' lang='lat' dir='ltr'><strong>esse.</strong></span> 
     </span>
     <span class='ocr_line' id='line_1_25' title="bbox 210 1706 1638 1759; baseline 0 -15"><span class='ocrx_word' id='word_1_189' title='bbox 210 1708 253 1745; x_wconf 85' lang='lat' dir='ltr'><strong>P.</strong></span> <span class='ocrx_word' id='word_1_190' title='bbox 281 1708 380 1745; x_wconf 89' lang='lat' dir='ltr'><strong>mihi</strong></span> <span class='ocrx_word' id='word_1_191' title='bbox 405 1721 528 1745; x_wconf 87' lang='lat' dir='ltr'><strong>unum</strong></span> <span class='ocrx_word' id='word_1_192' title='bbox 554 1707 773 1759; x_wconf 81' lang='lat' dir='ltr'><strong>auferebas,</strong></span> <span class='ocrx_word' id='word_1_193' title='bbox 798 1708 862 1746; x_wconf 90' lang='lat' dir='ltr'><strong>illi</strong></span> <span class='ocrx_word' id='word_1_194' title='bbox 887 1708 985 1747; x_wconf 90' lang='lat' dir='ltr'><strong>duos</strong></span> <span class='ocrx_word' id='word_1_195' title='bbox 1012 1708 1147 1748; x_wconf 89' lang='lat' dir='ltr'><strong>dabas.</strong></span> <span class='ocrx_word' id='word_1_196' title='bbox 1205 1709 1253 1747; x_wconf 89' lang='lat' dir='ltr'><strong>F.</strong></span> <span class='ocrx_word' id='word_1_197' title='bbox 1278 1709 1334 1747; x_wconf 88' lang='lat' dir='ltr'><strong>sic</strong></span> <span class='ocrx_word' id='word_1_198' title='bbox 1358 1706 1434 1746; x_wconf 87' lang='lat' dir='ltr'><strong>tibi</strong></span> <span class='ocrx_word' id='word_1_199' title='bbox 1459 1719 1584 1745; x_wconf 90' lang='lat' dir='ltr'><strong>unum</strong></span> <span class='ocrx_word' id='word_1_200' title='bbox 1637 1713 1638 1716; x_wconf 77' lang='grc'>’</span> 
     </span>
     <span class='ocr_line' id='line_1_26' title="bbox 211 1766 1638 1819; baseline 0.001 -14"><span class='ocrx_word' id='word_1_201' title='bbox 211 1768 451 1816; x_wconf 83' lang='lat' dir='ltr'><strong>auferebam,</strong></span> <span class='ocrx_word' id='word_1_202' title='bbox 483 1769 529 1806; x_wconf 93' lang='lat' dir='ltr'><strong>ut</strong></span> <span class='ocrx_word' id='word_1_203' title='bbox 561 1768 658 1806; x_wconf 89' lang='lat' dir='ltr'><strong>duos</strong></span> <span class='ocrx_word' id='word_1_204' title='bbox 685 1768 830 1806; x_wconf 88' lang='lat' dir='ltr'><strong>darem.</strong></span> <span class='ocrx_word' id='word_1_205' title='bbox 888 1770 945 1808; x_wconf 89' lang='lat' dir='ltr'><strong>sic</strong></span> <span class='ocrx_word' id='word_1_206' title='bbox 977 1769 1040 1808; x_wconf 84' lang='lat' dir='ltr'><strong>illi</strong></span> <span class='ocrx_word' id='word_1_207' title='bbox 1065 1768 1224 1819; x_wconf 87' lang='lat' dir='ltr'><strong>dabam,</strong></span> <span class='ocrx_word' id='word_1_208' title='bbox 1255 1770 1302 1807; x_wconf 88' lang='lat' dir='ltr'><strong>ut</strong></span> <span class='ocrx_word' id='word_1_209' title='bbox 1326 1769 1514 1807; x_wconf 83' lang='lat' dir='ltr'><strong>neutrum</strong></span> <span class='ocrx_word' id='word_1_210' title='bbox 1545 1766 1587 1805; x_wconf 88' lang='lat' dir='ltr'><strong>in</strong></span> <span class='ocrx_word' id='word_1_211' title='bbox 1607 1777 1638 1807; x_wconf 65' lang='lat'><strong>2⁸</strong></span> 
     </span>
     <span class='ocr_line' id='line_1_27' title="bbox 211 1826 1587 1880; baseline 0 -14"><span class='ocrx_word' id='word_1_212' title='bbox 211 1830 250 1866; x_wconf 90' lang='lat' dir='ltr'><strong>te</strong></span> <span class='ocrx_word' id='word_1_213' title='bbox 283 1828 456 1866; x_wconf 85' lang='lat' dir='ltr'><strong>haberet.</strong></span> <span class='ocrx_word' id='word_1_214' title='bbox 514 1829 557 1866; x_wconf 91' lang='lat' dir='ltr'><strong>P.</strong></span> <span class='ocrx_word' id='word_1_215' title='bbox 586 1829 655 1878; x_wconf 88' lang='lat' dir='ltr'><strong>qui</strong></span> <span class='ocrx_word' id='word_1_216' title='bbox 687 1829 795 1868; x_wconf 89' lang='lat' dir='ltr'><strong>solus</strong></span> <span class='ocrx_word' id='word_1_217' title='bbox 838 1831 898 1868; x_wconf 87' lang='lat' dir='ltr'><strong>est</strong></span> <span class='ocrx_word' id='word_1_218' title='bbox 928 1830 1128 1880; x_wconf 84' lang='lat' dir='ltr'><strong>habetque</strong></span> <span class='ocrx_word' id='word_1_219' title='bbox 1170 1829 1323 1879; x_wconf 86' lang='lat' dir='ltr'><strong>hostes,</strong></span> <span class='ocrx_word' id='word_1_220' title='bbox 1364 1828 1487 1867; x_wconf 79' lang='lat' dir='ltr'><strong>morti</strong></span> <span class='ocrx_word' id='word_1_221' title='bbox 1519 1826 1587 1866; x_wconf 90' lang='lat' dir='ltr'><strong>ad-</strong></span> 
     </span>
     <span class='ocr_line' id='line_1_28' title="bbox 213 1888 1586 1940; baseline -0.001 -13"><span class='ocrx_word' id='word_1_222' title='bbox 213 1888 353 1927; x_wconf 89' lang='lat' dir='ltr'><strong>dictus.</strong></span> <span class='ocrx_word' id='word_1_223' title='bbox 411 1890 458 1926; x_wconf 83' lang='lat' dir='ltr'><strong>F.</strong></span> <span class='ocrx_word' id='word_1_224' title='bbox 485 1889 576 1927; x_wconf 88' lang='lat' dir='ltr'><strong>vide</strong></span> <span class='ocrx_word' id='word_1_225' title='bbox 610 1902 729 1939; x_wconf 88' lang='lat' dir='ltr'><strong>quam</strong></span> <span class='ocrx_word' id='word_1_226' title='bbox 761 1890 868 1928; x_wconf 89' lang='lat' dir='ltr'><strong>solus</strong></span> <span class='ocrx_word' id='word_1_227' title='bbox 902 1891 971 1939; x_wconf 89' lang='lat' dir='ltr'><strong>sit,</strong></span> <span class='ocrx_word' id='word_1_228' title='bbox 1008 1903 1081 1940; x_wconf 92' lang='lat' dir='ltr'><strong>pro</strong></span> <span class='ocrx_word' id='word_1_229' title='bbox 1116 1903 1194 1940; x_wconf 92' lang='lat' dir='ltr'><strong>quo</strong></span> <span class='ocrx_word' id='word_1_230' title='bbox 1225 1889 1332 1928; x_wconf 91' lang='lat' dir='ltr'><strong>filius</strong></span> <span class='ocrx_word' id='word_1_231' title='bbox 1365 1889 1467 1928; x_wconf 89' lang='lat' dir='ltr'><strong>mori</strong></span> <span class='ocrx_word' id='word_1_232' title='bbox 1499 1901 1586 1939; x_wconf 86' lang='lat' dir='ltr'><strong>per-</strong></span> 
     </span>
    </p>
   </div>
   <div class='ocr_carea' id='block_1_7' title="bbox 241 1958 416 1962">
    <p class='ocr_par' dir='ltr' id='par_1_7' title="bbox 241 1958 416 1962">
     <span class='ocr_line' id='line_1_29' title="bbox 241 1958 416 1962; baseline 0 0"><span class='ocrx_word' id='word_1_233' title='bbox 241 1958 416 1962; x_wconf 95' lang='lat' dir='ltr'><strong> </strong></span> 
     </span>
    </p>
   </div>
   <div class='ocr_carea' id='block_1_8' title="bbox 311 1991 865 2036">
    <p class='ocr_par' dir='ltr' id='par_1_8' title="bbox 311 1991 865 2036">
     <span class='ocr_line' id='line_1_30' title="bbox 311 1991 865 2036; baseline 0.004 -11"><span class='ocrx_word' id='word_1_234' title='bbox 311 1995 331 2025; x_wconf 82' lang='lat'><strong>2</strong></span> <span class='ocrx_word' id='word_1_235' title='bbox 359 1991 486 2026; x_wconf 80' lang='lat' dir='ltr'><strong>solatii</strong></span> <span class='ocrx_word' id='word_1_236' title='bbox 512 2003 579 2027; x_wconf 83' lang='lat' dir='ltr'><strong>om.</strong></span> <span class='ocrx_word' id='word_1_237' title='bbox 612 1998 686 2036; x_wconf 77' lang='lat' dir='ltr'><strong>VB3</strong></span> <span class='ocrx_word' id='word_1_238' title='bbox 715 1993 802 2027; x_wconf 88' lang='lat' dir='ltr'><strong>sotii</strong></span> <span class='ocrx_word' id='word_1_239' title='bbox 832 1999 865 2028; x_wconf 76' lang='lat' dir='ltr'><em>R</em></span> 
     </span>
    </p>
   </div>
   <div class='ocr_carea' id='block_1_9' title="bbox 189 2052 1599 2452">
    <p class='ocr_par' dir='ltr' id='par_1_9' title="bbox 189 2052 1599 2452">
     <span class='ocr_line' id='line_1_31' title="bbox 312 2052 1589 2122; baseline 0 -12"><span class='ocrx_word' id='word_1_240' title='bbox 312 2080 332 2110; x_wconf 85' lang='lat'>5</span> <span class='ocrx_word' id='word_1_241' title='bbox 360 2076 463 2111; x_wconf 69' lang='lat' dir='ltr'><strong>dives</strong></span> <span class='ocrx_word' id='word_1_242' title='bbox 490 2078 528 2111; x_wconf 70' lang='lat' dir='ltr'><strong>et</strong></span> <span class='ocrx_word' id='word_1_243' title='bbox 553 2087 699 2122; x_wconf 74' lang='lat' dir='ltr'><strong>pauper</strong></span> <span class='ocrx_word' id='word_1_244' title='bbox 723 2076 869 2112; x_wconf 69' lang='lat' dir='ltr'><strong>inimici</strong></span> <span class='ocrx_word' id='word_1_245' title='bbox 894 2052 964 2112; x_wconf 54' lang='lat' dir='ltr'><strong>iffi</strong></span> <span class='ocrx_word' id='word_1_246' title='bbox 984 2077 1053 2113; x_wconf 80' lang='lat' dir='ltr'><strong>lex.</strong></span> <span class='ocrx_word' id='word_1_247' title='bbox 1160 2082 1180 2113; x_wconf 77' lang='lat' dir='ltr'><strong>e</strong></span> <span class='ocrx_word' id='word_1_248' title='bbox 1209 2077 1387 2114; x_wconf 81' lang='lat' dir='ltr'><strong>abdicare</strong></span> <span class='ocrx_word' id='word_1_249' title='bbox 1409 2098 1451 2102; x_wconf 77' lang='lat'>—</span> <span class='ocrx_word' id='word_1_250' title='bbox 1473 2076 1589 2111; x_wconf 74' lang='lat' dir='ltr'><strong>liceat</strong></span> 
     </span>
     <span class='ocr_line' id='line_1_32' title="bbox 214 2122 1589 2172; baseline -0.001 -12"><span class='ocrx_word' id='word_1_251' title='bbox 214 2136 281 2160; x_wconf 83' lang='lat' dir='ltr'><strong>om.</strong></span> <span class='ocrx_word' id='word_1_252' title='bbox 314 2130 375 2159; x_wconf 80' lang='lat' dir='ltr'><strong>VB</strong></span> <span class='ocrx_word' id='word_1_253' title='bbox 472 2128 516 2159; x_wconf 84' lang='lat'><strong>15</strong></span> <span class='ocrx_word' id='word_1_254' title='bbox 540 2136 609 2169; x_wconf 76' lang='lat' dir='ltr'><strong>pro</strong></span> <span class='ocrx_word' id='word_1_255' title='bbox 629 2126 738 2170; x_wconf 87' lang='lat' dir='ltr'><strong>pater</strong></span> <span class='ocrx_word' id='word_1_256' title='bbox 764 2126 905 2161; x_wconf 79' lang='lat' dir='ltr'><strong>exhibet</strong></span> <span class='ocrx_word' id='word_1_257' title='bbox 923 2137 1069 2172; x_wconf 87' lang='lat' dir='ltr'><strong>pauper</strong></span> <span class='ocrx_word' id='word_1_258' title='bbox 1088 2133 1125 2161; x_wconf 84' lang='lat' dir='ltr'><em>P</em></span> <span class='ocrx_word' id='word_1_259' title='bbox 1219 2130 1305 2162; x_wconf 71' lang='lat' dir='ltr'><strong>ante</strong></span> <span class='ocrx_word' id='word_1_260' title='bbox 1328 2122 1589 2161; x_wconf 66' lang='lat' dir='ltr'><strong>misericordia</strong></span> 
     </span>
     <span class='ocr_line' id='line_1_33' title="bbox 215 2172 1591 2221; baseline -0.001 -13"><span class='ocrx_word' id='word_1_261' title='bbox 215 2173 301 2209; x_wconf 81' lang='lat' dir='ltr'><strong>add.</strong></span> <span class='ocrx_word' id='word_1_262' title='bbox 324 2179 378 2215; x_wconf 75' lang='lat' dir='ltr'><strong>R3</strong></span> <span class='ocrx_word' id='word_1_263' title='bbox 405 2172 444 2207; x_wconf 91' lang='lat' dir='ltr'><strong>P.</strong></span> <span class='ocrx_word' id='word_1_264' title='bbox 467 2184 496 2208; x_wconf 83' lang='lat' dir='ltr'><strong>c.</strong></span> <span class='ocrx_word' id='word_1_265' title='bbox 523 2173 596 2208; x_wconf 92' lang='lat' dir='ltr'><strong>hoc</strong></span> <span class='ocrx_word' id='word_1_266' title='bbox 621 2173 911 2208; x_wconf 87' lang='lat' dir='ltr'><strong>inimiciciarum</strong></span> <span class='ocrx_word' id='word_1_267' title='bbox 932 2185 1051 2219; x_wconf 84' lang='lat' dir='ltr'><strong>genus</strong></span> <span class='ocrx_word' id='word_1_268' title='bbox 1077 2175 1133 2210; x_wconf 89' lang='lat' dir='ltr'><strong>ita</strong></span> <span class='ocrx_word' id='word_1_269' title='bbox 1152 2174 1385 2221; x_wconf 88' lang='lat' dir='ltr'><strong>implicuerit</strong></span> <span class='ocrx_word' id='word_1_270' title='bbox 1410 2173 1521 2216; x_wconf 80' lang='lat' dir='ltr'><strong>filius,</strong></span> <span class='ocrx_word' id='word_1_271' title='bbox 1546 2173 1591 2208; x_wconf 87' lang='lat' dir='ltr'><strong>ut</strong></span> 
     </span>
     <span class='ocr_line' id='line_1_34' title="bbox 215 2220 1591 2266; baseline 0.001 -11"><span class='ocrx_word' id='word_1_272' title='bbox 215 2220 295 2256; x_wconf 89' lang='lat' dir='ltr'><strong>odii</strong></span> <span class='ocrx_word' id='word_1_273' title='bbox 319 2221 395 2256; x_wconf 86' lang='lat' dir='ltr'><strong>mei</strong></span> <span class='ocrx_word' id='word_1_274' title='bbox 421 2221 582 2256; x_wconf 84' lang='lat' dir='ltr'><strong>formam</strong></span> <span class='ocrx_word' id='word_1_275' title='bbox 608 2233 801 2266; x_wconf 87' lang='lat' dir='ltr'><strong>nunquam</strong></span> <span class='ocrx_word' id='word_1_276' title='bbox 828 2221 1001 2257; x_wconf 85' lang='lat' dir='ltr'><strong>oblivisci</strong></span> <span class='ocrx_word' id='word_1_277' title='bbox 1028 2222 1178 2260; x_wconf 87' lang='lat' dir='ltr'><strong>sineret.</strong></span> <span class='ocrx_word' id='word_1_278' title='bbox 1229 2234 1305 2258; x_wconf 86' lang='lat' dir='ltr'><strong>non</strong></span> <span class='ocrx_word' id='word_1_279' title='bbox 1329 2223 1460 2258; x_wconf 84' lang='lat' dir='ltr'><strong>tamen</strong></span> <span class='ocrx_word' id='word_1_280' title='bbox 1484 2222 1524 2257; x_wconf 91' lang='lat' dir='ltr'><strong>in</strong></span> <span class='ocrx_word' id='word_1_281' title='bbox 1549 2221 1591 2256; x_wconf 90' lang='lat' dir='ltr'><strong>id</strong></span> 
     </span>
     <span class='ocr_line' id='line_1_35' title="bbox 189 2269 1591 2317; baseline 0.002 -16"><span class='ocrx_word' id='word_1_282' title='bbox 189 2300 192 2301; x_wconf 19' lang='lat'><em>⁷</em></span> <span class='ocrx_word' id='word_1_283' title='bbox 217 2269 393 2316; x_wconf 85' lang='lat' dir='ltr'><strong>angustie</strong></span> <span class='ocrx_word' id='word_1_284' title='bbox 419 2280 537 2315; x_wconf 85' lang='lat' dir='ltr'><strong>genus</strong></span> <span class='ocrx_word' id='word_1_285' title='bbox 560 2270 712 2305; x_wconf 89' lang='lat' dir='ltr'><strong>detrudi</strong></span> <span class='ocrx_word' id='word_1_286' title='bbox 737 2281 797 2306; x_wconf 88' lang='lat' dir='ltr'><strong>me</strong></span> <span class='ocrx_word' id='word_1_287' title='bbox 820 2281 929 2315; x_wconf 86' lang='lat' dir='ltr'><strong>posse</strong></span> <span class='ocrx_word' id='word_1_288' title='bbox 953 2271 1150 2316; x_wconf 86' lang='lat' dir='ltr'><strong>putabam,</strong></span> <span class='ocrx_word' id='word_1_289' title='bbox 1176 2273 1221 2307; x_wconf 94' lang='lat' dir='ltr'><strong>ut</strong></span> <span class='ocrx_word' id='word_1_290' title='bbox 1244 2271 1370 2317; x_wconf 79' lang='lat' dir='ltr'><strong>ipsum</strong></span> <span class='ocrx_word' id='word_1_291' title='bbox 1394 2270 1591 2306; x_wconf 84' lang='lat' dir='ltr'><strong>inimicum</strong></span> 
     </span>
     <span class='ocr_line' id='line_1_36' title="bbox 215 2318 1591 2366; baseline -0.001 -13"><span class='ocrx_word' id='word_1_292' title='bbox 215 2328 371 2364; x_wconf 86' lang='lat' dir='ltr'><strong>pascere</strong></span> <span class='ocrx_word' id='word_1_293' title='bbox 399 2328 562 2363; x_wconf 85' lang='lat' dir='ltr'><strong>cogerer.</strong></span> <span class='ocrx_word' id='word_1_294' title='bbox 614 2319 653 2353; x_wconf 90' lang='lat' dir='ltr'><strong>et</strong></span> <span class='ocrx_word' id='word_1_295' title='bbox 683 2318 778 2353; x_wconf 89' lang='lat' dir='ltr'><strong>mihi</strong></span> <span class='ocrx_word' id='word_1_296' title='bbox 804 2318 959 2363; x_wconf 86' lang='lat' dir='ltr'><strong>quidem</strong></span> <span class='ocrx_word' id='word_1_297' title='bbox 1095 2323 1138 2355; x_wconf 89' lang='grc'>16</span> <span class='ocrx_word' id='word_1_298' title='bbox 1165 2320 1336 2366; x_wconf 87' lang='lat' dir='ltr'><strong>quidem:</strong></span> <span class='ocrx_word' id='word_1_299' title='bbox 1369 2330 1483 2364; x_wconf 85' lang='lat' dir='ltr'><strong>quam</strong></span> <span class='ocrx_word' id='word_1_300' title='bbox 1515 2323 1591 2363; x_wconf 67' lang='grc' dir='ltr'><strong>7ης</strong></span> 
     </span>
     <span class='ocr_line' id='line_1_37' title="bbox 216 2366 1599 2412; baseline -0.001 -10"><span class='ocrx_word' id='word_1_301' title='bbox 216 2378 284 2402; x_wconf 88' lang='lat' dir='ltr'><strong>om.</strong></span> <span class='ocrx_word' id='word_1_302' title='bbox 313 2373 350 2402; x_wconf 79' lang='lat' dir='ltr'><em>R</em></span> <span class='ocrx_word' id='word_1_303' title='bbox 474 2366 692 2412; x_wconf 85' lang='lat' dir='ltr'><strong>displiceret</strong></span> <span class='ocrx_word' id='word_1_304' title='bbox 719 2373 754 2402; x_wconf 79' lang='lat' dir='ltr'><em>R</em></span> <span class='ocrx_word' id='word_1_305' title='bbox 870 2378 955 2402; x_wconf 89' lang='lat' dir='ltr'><strong>nec:</strong></span> <span class='ocrx_word' id='word_1_306' title='bbox 982 2379 1058 2402; x_wconf 87' lang='lat' dir='ltr'><strong>non</strong></span> <span class='ocrx_word' id='word_1_307' title='bbox 1085 2375 1121 2404; x_wconf 79' lang='lat' dir='ltr'><strong><em>R</em></strong></span> <span class='ocrx_word' id='word_1_308' title='bbox 1244 2372 1289 2404; x_wconf 82' lang='lat'><strong>23</strong></span> <span class='ocrx_word' id='word_1_309' title='bbox 1316 2367 1502 2403; x_wconf 86' lang='lat' dir='ltr'><strong>subierint</strong></span> <span class='ocrx_word' id='word_1_310' title='bbox 1527 2371 1599 2402; x_wconf 75' lang='lat' dir='ltr'><strong>BV</strong></span> 
     </span>
     <span class='ocr_line' id='line_1_38' title="bbox 216 2414 1257 2452; baseline 0.002 -2"><span class='ocrx_word' id='word_1_311' title='bbox 216 2419 262 2450; x_wconf 80' lang='lat'><strong>25</strong></span> <span class='ocrx_word' id='word_1_312' title='bbox 287 2414 347 2450; x_wconf 92' lang='lat' dir='ltr'><strong>illi</strong></span> <span class='ocrx_word' id='word_1_313' title='bbox 374 2415 468 2450; x_wconf 81' lang='lat' dir='ltr'><strong>duos</strong></span> <span class='ocrx_word' id='word_1_314' title='bbox 494 2415 634 2450; x_wconf 84' lang='lat' dir='ltr'><strong>dabam</strong></span> <span class='ocrx_word' id='word_1_315' title='bbox 661 2421 697 2450; x_wconf 72' lang='lat' dir='ltr'><strong>Ic</strong></span> <span class='ocrx_word' id='word_1_316' title='bbox 797 2418 840 2450; x_wconf 83' lang='grc'><strong>26</strong></span> <span class='ocrx_word' id='word_1_317' title='bbox 869 2415 1043 2451; x_wconf 82' lang='lat' dir='ltr'><strong>addictus</strong></span> <span class='ocrx_word' id='word_1_318' title='bbox 1070 2418 1127 2452; x_wconf 89' lang='lat' dir='ltr'><strong>est</strong></span> <span class='ocrx_word' id='word_1_319' title='bbox 1154 2423 1257 2452; x_wconf 76' lang='lat' dir='ltr'><strong>RVB</strong></span> 
     </span>
    </p>
   </div>
  </div>
 </body>
</html>
