1638 2560
473 116 795 154 DECLAMATIO
819 115 907 152 XIX
929 119 1082 153 12—14.
1378 114 1467 158 349

81 235 127 274 et
155 244 302 285 passus
331 245 423 272 sum
452 232 609 284 pariter
645 234 688 272 et
721 232 810 272 feci.
871 245 955 271 non
990 230 1166 271 vacabat
1197 243 1314 271 aures
1351 243 1468 281 prae-

83 296 193 334 stare
228 293 380 343 verbis,
418 294 600 344 excipere
638 294 830 345 gemitus,
869 293 1085 332 aestimare
1117 291 1339 343 singultus,
1372 304 1469 330 avo-

83 355 194 395 cavit
230 367 297 394 me
337 354 562 404 contentio,
603 353 736 404 dolor,
785 353 955 403 orbitas,
995 352 1280 404 parricidium:
1331 351 1469 391 omnia

82 416 195 456 facta
233 416 331 455 sunt
370 415 630 454 festinatione
669 414 895 466 praecipiti.
962 413 1070 453 idem
1112 413 1243 464 patris
1284 412 1469 451 adfectus

43 491 65 518 5
83 478 147 516 est
174 478 377 527 torquere,
406 478 458 515 ut
487 476 603 524 scias,
635 475 827 525 occidere,
860 477 908 514 ut
938 475 1106 514 nescias.

175 533 240 576 ‘In
263 533 426 587 meam',
456 536 605 587 inquit,
631 532 860 575 ‘infamiam
884 532 1023 575 taces’.
1073 535 1136 574 ita
1159 547 1268 573 nunc
1292 533 1471 584 primum

81 597 245 637 laboras
273 597 422 636 misera
453 597 502 636 de
532 597 661 646 fama,
703 599 744 635 et
774 602 868 647 post
907 596 1020 635 unici
1057 598 1231 634 mortem
1264 594 1468 645 pertinere

84 657 147 698 ad·
165 659 208 698 te
239 658 374 709 coepit
404 658 505 709 quid
543 658 766 708 loquantur
801 655 1012 696 homines?
1074 656 1229 696 scilicet
1265 655 1374 694 filius
1405 654 1468 693 in-

82 730 232 770 pensus
261 720 334 768 est,
364 720 413 758 ut
443 718 709 768 erubesceres,
744 720 791 757 ut
820 719 927 757 male
958 716 1150 757 audires?
1211 716 1363 755 adeone
1394 715 1471 755 hoc

28 794 66 822 ιο
84 779 267 831 captanti
306 792 389 819 non
428 781 517 818 erat
557 780 673 829 satis,
714 793 800 818 rem
840 780 971 818 totam
1003 777 1249 818 commisisse
1288 775 1472 816 rumori?

86 853 162 893 ego
190 853 286 880 vero
311 854 376 879 me
406 840 540 879 famae
565 842 674 889 tuae,
704 839 863 888 mulier,
895 839 1068 890 opposui
1098 841 1142 878 et
1165 839 1273 877 inter
1296 839 1471 876 matrem
1492 835 1546 874 14

84 901 295 952 filiumque
324 901 482 940 medius
505 900 770 952 parricidium
795 900 884 951 feci,
916 901 1084 939 unicum
1112 898 1253 948 occidi,
1284 912 1335 938 ne
1367 897 1468 948 quid

88 961 201 1001 aliud
231 961 493 1012 loquerentur
522 961 715 1001 homines.

176 1022 390 1073 Alioquin,
421 1022 456 1062 si
495 1023 571 1061 hoc
602 1024 721 1073 capto
760 1021 870 1074 quod
900 1023 1039 1072 putas,
1083 1033 1293 1072 quousque
1324 1018 1472 1059 taceo?

31 1097 67 1126 15
86 1083 129 1122 in
162 1082 272 1134 quod
310 1084 470 1134 tempus
512 1083 653 1122 differo
693 1083 809 1122 illam
847 1095 971 1133 quam
1010 1095 1076 1122 me
1115 1083 1239 1133 putas
1278 1093 1473 1132 premere,

86 1141 255 1183 vocem?
310 1156 400 1183 ecce
431 1146 570 1183 reatus
598 1143 795 1182 iudicium
825 1143 1060 1194 pronuntio,
1093 1155 1169 1194 ego
1200 1144 1340 1180 tamen
1372 1142 1474 1181 scire

85 1218 151 1243 me
180 1216 296 1256 nego.
353 1205 559 1256 egregiam
594 1204 797 1244 rationem
826 1203 1116 1256 malignitatis:
1153 1203 1367 1242 locuturus
1401 1202 1474 1242 ad-

86 1277 227 1304 versus
251 1277 417 1304 uxorem
441 1265 531 1315 feci,
555 1279 604 1303 ne
630 1265 731 1304 mihi
756 1265 998 1310 crederetur.
1049 1265 1182 1303 fateor
1206 1264 1346 1315 igitur,
1371 1262 1475 1301 nihil

88 1325 140 1364 ad
180 1327 336 1365 certum
374 1325 732 1376 indubitatumque
762 1325 950 1376 perduxi,
990 1325 1066 1364 hoc
1108 1327 1170 1364 est
1211 1325 1310 1374 quin
1351 1323 1475 1362 immo

32 1401 70 1429 so
87 1388 255 1437 propter
284 1386 395 1438 quod
435 1387 487 1425 ad
517 1388 690 1426 mortem
726 1399 855 1437 usque
888 1386 1088 1425 contendi.
1151 1398 1233 1424 non
1272 1384 1478 1435 explicant

87 1449 291 1486 tormenta
310 1447 588 1498 quaestionem
608 1459 711 1497 quae
731 1447 932 1486 occidunt.
977 1442 1124 1497 ‘quid',
1142 1445 1290 1496 inquit,
1312 1441 1474 1484 ‘dixit‘?'

88 1507 249 1547 felicem
278 1509 338 1557 te,
369 1506 535 1556 misera,
566 1508 600 1547 si
631 1509 760 1546 nescis
792 1507 892 1558 quid
924 1507 1043 1546 dixit!
1099 1506 1161 1545 ita.
1192 1519 1274 1545 non
1306 1518 1347 1544 es
1381 1519 1476 1545 con-

88 1570 205 1607 tenta
235 1567 483 1608 conscientia
512 1567 615 1608 tua?
670 1581 752 1607 non
787 1567 938 1607 sufficit
976 1567 1085 1618 quod
1115 1580 1197 1606 non
1228 1566 1375 1605 habuit
1404 1566 1476 1605 ille

91 1628 200 1679 quod
229 1630 414 1681 negaret,
457 1629 565 1679 quod
595 1627 821 1668 fateretur?
876 1629 1008 1680 poscis
1050 1628 1175 1667 verba
1213 1628 1476 1678 quaestionis,

37 1703 73 1731 25
92 1690 214 1741 cogis,
245 1691 467 1739 extorques.
523 1691 669 1738 testor,
706 1691 754 1728 tu
783 1690 902 1739 facis,
941 1703 990 1728 ne
1027 1690 1157 1740 possis
1188 1701 1337 1741 negare
1369 1687 1478 1738 quod

92 1749 240 1789 dixero
310 1749 408 1800 quid
457 1748 588 1789 dixit?
655 1762 820 1800 parasse
870 1763 912 1789 se
960 1749 1200 1800 parentibus
1249 1747 1479 1789 venenum?

92 1822 228 1879 negas.
290 1809 531 1861 proditionis
570 1812 746 1862 agitasse
783 1809 1013 1850 sermones?
1050 1823 1186 1862 negas.
1248 1809 1478 1860 tyrannidis

91 1872 216 1911 inisse
247 1869 487 1910 consilium?
527 1884 661 1923 negas.
719 1875 761 1910 et
792 1871 986 1922 quicquid
1023 1871 1180 1919 dixero,
1211 1870 1389 1923 negabis.
1454 1883 1477 1908 o

92 1931 222 1971 bonae
254 1932 522 1971 conscientiae
552 1933 717 1971 incauta
746 1932 1004 1982 simplicitas!
1061 1933 1122 1971 ita
1154 1943 1235 1970 non
1267 1931 1398 1980 times,
1430 1943 1480 1970 ne

38 2007 76 2033 ³0
94 1994 256 2032 coactus
287 1992 401 2042 loqui
437 1993 568 2031 multa
598 1992 767 2045 fingam,
805 1993 936 2032 multa
974 1990 1243 2043 componam?
1298 1993 1334 2032 si
1364 1994 1480 2042 potes

194 2112 214 2144 6
241 2108 369 2154 inquit
393 2120 466 2144 om.
494 2114 546 2152 Μ,
570 2119 673 2154 supr.
698 2122 742 2144 n·
841 2112 886 2144 10
913 2108 1096 2144 cantandi
1123 2114 1174 2153 Μ,
1206 2107 1267 2143 vel
1294 2107 1478 2153 captandi

15 2213 21 2216 .
95 2192 197 2228 tmpr.
223 2195 267 2216 ιη
400 2182 586 2217 remotam
611 2187 663 2226 Β;
695 2192 775 2217 18111
800 2183 933 2217 notam
958 2187 1003 2216 Μ
1131 2168 1346 2217 801111881888
1372 2186 1410 2215 Β

99 2257 145 2289 14
169 2229 243 2290 hoc
267 2259 305 2289 Β
411 2256 455 2289 16
481 2253 744 2300 pronuntiatio
773 2254 857 2290 Obr.
968 2257 1013 2289 18
1038 2241 1165 2309 fateor·
1187 2259 1226 2288 Β
1337 2256 1380 2288 19
1407 2239 1479 2287 hoc

99 2344 136 2374 Β
255 2341 301 2373 27
326 2338 556 2385 proditionis
573 2360 615 2365 —-
630 2349 748 2385 negas
780 2350 848 2375 om.
875 2345 908 2374 J
1045 2314 1220 2385 tyralrliiiis
1253 2338 1293 2384 (d
1319 2350 1364 2374 ex
1390 2340 1418 2382 t)
1447 2343 1483 2372 Β

100 2425 146 2457 28
169 2411 287 2469 nega.s
314 2429 351 2458 Β
447 2423 542 2469 quid
568 2429 619 2468 Μ,
645 2423 735 2469 quic
758 2435 861 2470 supr.
881 2437 925 2458 ιι
