1638 2560
200 123 287 166 256
692 121 813 156 APEs
839 120 1080 156 PAVPERIS

202 238 307 287 quod
346 250 497 276 annuos
535 236 707 285 fructus,
744 235 946 286 praesidia
978 236 1250 286 paupertatis,
1288 235 1434 275 amisi?
1495 248 1576 275 non

202 300 262 338 est
293 298 483 336 damnum
521 297 562 335 id
599 297 820 347 perdidisse
858 296 982 347 quod,
1021 297 1066 334 ut
1103 296 1285 346 proximo
1323 297 1420 335 utar
1457 309 1576 348 argu-

201 360 352 407 mento,
391 359 426 397 si
456 358 601 397 habere
634 357 816 406 voluero,
849 356 1061 396 emendum
1093 355 1180 395 est‘?
1244 355 1341 406 quid
1373 369 1468 409 ergo
1498 356 1578 396 tibi

202 432 301 470 opus
334 420 395 458 est
431 417 621 457 maleficis
658 419 779 466 sucis,
818 430 909 456 cum
946 416 1084 456 liceret
1120 417 1260 467 palam
1295 417 1498 457 trucidare
1537 419 1577 457 et

199 480 339 530 plenas
372 479 436 517 vel
474 491 649 518 cremare
687 478 773 529 igni
804 478 868 517 vel
904 477 1019 527 aquis
1058 478 1282 529 inmergere
1319 476 1463 517 alvos?
1524 491 1577 517 an
1615 490 1631 517 5

202 541 262 579 est
293 539 457 589 aliquod
490 539 640 578 animal
667 538 775 588 quod
806 551 885 577 non
919 538 1040 577 liceat
1071 538 1151 577 nisi
1175 539 1340 578 venenis
1370 537 1577 578 occidere?

293 596 365 638 ‘Vt
397 599 584 638 damnum
620 596 700 648 siff,
739 599 890 649 inquit,
925 595 1027 637 ‘iure
1064 600 1201 638 tamen
1233 598 1310 638 feci
1341 600 1384 638 in
1415 599 1576 650 privato

200 657 315 699 meo.'
367 673 438 710 per
469 660 588 699 fidem
614 662 801 709 vestram,
833 659 996 709 iudices,
1029 660 1258 698 succurrite.
1311 660 1493 711 exemplo
1523 681 1575 687 —-

200 733 279 759 non
313 720 463 759 sufficit
493 720 554 759 his
586 720 769 771 partibus
802 733 903 759 unus
935 721 1108 759 rusticus
1140 733 1295 772 pauper
1325 742 1385 747 —
1417 719 1589 760 obviamt

200 781 358 832 publice
392 781 566 819 eundum
599 783 676 831 est,
709 782 750 819 et
782 780 1012 820 obiciendae
1045 781 1236 820 adversus
1267 782 1498 821 nascentem
1530 781 1577 820 li-
1597 797 1634 824 10

202 842 374 880 centiam
401 854 594 880 consensu
618 854 772 880 manus.
823 841 972 880 credite
998 841 1110 891 mihi,
1141 842 1272 880 maior
1297 842 1368 881 lite
1396 842 1578 892 quaestio

203 903 273 941 est.
336 902 409 941 hoc
447 901 559 941 vobis
597 902 714 941 hodie
753 902 1012 940 iudicandum
1051 904 1128 951 est,
1172 902 1243 941 ubi
1281 902 1409 942 scelus
1447 903 1579 942 facere

202 975 282 1001 non
313 963 443 1002 liceat.
506 975 599 1001 nam
632 975 702 1001 cur
732 974 813 1001 non
844 962 918 1001 hoc
949 962 1057 1001 idem
1089 962 1137 1002 de
1168 963 1387 1002 homicidio
1415 976 1579 1015 respon-

204 1021 323 1061 deat?
368 1036 438 1061 cur
475 1036 553 1061 non
593 1023 640 1062 de
679 1022 919 1062 latrocinio?
981 1036 1061 1062 non
1106 1024 1214 1062 enim
1255 1024 1343 1063 iure
1386 1024 1467 1064 ista
1510 1024 1579 1063 sed

203 1083 320 1122 modo
353 1083 551 1122 differunt.
603 1083 783 1133 aperitur
813 1085 953 1135 ingens
986 1083 1119 1123 funeri
1150 1084 1230 1134 via,
1263 1086 1304 1124 et
1329 1083 1580 1124 obluctantia
1600 1100 1635 1127 15

204 1143 273 1182 diu
304 1144 438 1195 legum
463 1144 575 1182 velut
601 1144 786 1183 claustris
813 1145 962 1184 scelera
988 1144 1116 1184 libera
1147 1146 1266 1195 porta
1297 1146 1580 1196 prorumpunt,

205 1204 238 1243 si
263 1205 306 1242 in
331 1205 536 1254 privatum
562 1206 651 1243 iura
676 1218 756 1243 non
782 1206 958 1254 veniant,
992 1207 1032 1244 et
1057 1207 1101 1244 in
1126 1206 1456 1245 manifestissima
1482 1218 1579 1256 quo-

206 1277 281 1314 que
313 1277 416 1303 noxa
448 1277 527 1303 non
560 1265 606 1304 de
638 1265 745 1304 facto
779 1267 997 1316 quaeritur,
1031 1265 1100 1305 sed
1132 1266 1181 1305 de
1212 1267 1312 1316 loco,
1343 1279 1425 1305 non
1451 1279 1589 1317 aequat

203 1326 386 1375 portione
419 1337 508 1363 cum
541 1326 742 1365 sceleratis
774 1328 902 1366 terras
935 1327 1156 1366 divisimus.

135 1383 183 1419 11
294 1385 374 1423 Vbi
407 1385 513 1424 enim
544 1399 624 1424 non
655 1387 738 1425 iam
770 1387 941 1426 divitum
974 1388 1180 1437 privatum
1213 1386 1300 1427 est?
1349 1401 1495 1438 parum
1521 1389 1582 1427 est
1601 1402 1636 1430 20

205 1447 406 1495 proximos
434 1459 604 1496 aequare
630 1448 821 1486 terminos
848 1449 888 1486 et
912 1448 1180 1498 possessiones
1206 1461 1298 1488 suas
1324 1449 1438 1487 velut
1463 1461 1581 1498 quas-

207 1506 299 1543 dam
325 1507 462 1557 gentes
488 1506 718 1546 fluminibus
744 1509 1027 1558 montibusque
1047 1509 1306 1560 distinguere.
1348 1510 1431 1548 iam
1458 1509 1582 1548 etiam

207 1566 342 1605 devios
375 1567 502 1605 saltus
536 1568 575 1605 et
607 1568 729 1607 silvas
762 1571 878 1608 vasta
910 1569 1128 1608 solitudine
1160 1569 1344 1609 horridas
1370 1570 1582 1620 occupant,

206 1627 269 1664 tot
301 1639 427 1676 aquae
458 1629 566 1666 intra
597 1641 816 1678 paucorum
849 1629 1034 1668 umbram
1070 1630 1219 1680 latent,
1257 1643 1278 1669 e
1314 1629 1461 1669 finibus
1499 1631 1582 1669 suis

206 1687 377 1737 populus
416 1687 658 1738 excluditur,
696 1702 768 1728 nec
812 1690 917 1729 ullus
962 1690 1214 1740 procedentis
1252 1690 1344 1730 finis
1383 1692 1460 1741 est,
1503 1691 1584 1730 nisi
1602 1704 1637 1731 25

207 1759 298 1786 cum
329 1748 369 1786 et
400 1749 442 1785 in
475 1749 647 1787 alterum
673 1749 840 1789 divitem
871 1750 1070 1790 inciderit.
1123 1751 1252 1791 adhuc
1284 1753 1420 1790 tamen
1452 1751 1583 1802 spolia

206 1808 502 1846 transeuntium
536 1810 576 1847 et
607 1810 741 1848 abacti
771 1823 960 1860 pecorum
992 1825 1131 1863 greges
1158 1812 1230 1851 sub
1262 1812 1338 1851 hoc
1368 1812 1490 1851 titulo
1517 1811 1583 1850 de-

206 1867 472 1906 fendebantur
509 1869 592 1907 iam
629 1871 780 1920 privati
818 1871 961 1910 veneni
1002 1873 1262 1923 transcriptio
1301 1873 1371 1912 est.
1434 1872 1583 1911 iterum

304 1987 324 2018 2
351 1985 453 2019 utar:
480 1986 524 2020 ut
548 1991 586 2019 Β
659 1986 892 2031 argumentis
918 1994 945 2021 V
1015 1991 1035 2022 5
1063 1988 1183 2024 alvos:
1211 1989 1253 2024 in
1276 1987 1402 2023 alveos
1427 1999 1520 2024 corr.
1541 1994 1583 2031 υς

207 2031 332 2068 alveos
360 2038 419 2074 Μβ
518 2036 537 2067 7
565 2033 604 2069 in
630 2045 698 2069 om.
719 2041 765 2077 Β,
792 2046 892 2080 supr.
915 2043 938 2069 b
1038 2040 1080 2071 11
1109 2047 1296 2072 concensu
1320 2042 1359 2071 Β
1447 2035 1517 2072 lite
1541 2037 1584 2071 in

205 2091 279 2116 ras.
303 2087 344 2115 M
429 2084 472 2115 12
500 2081 704 2116 dicandum
730 2089 776 2127 Β,
802 2083 842 2118 iu
867 2095 967 2129 supr.
990 2092 1013 2119 b
1102 2089 1145 2120 13
1171 2085 1448 2131 respondeatur
1472 2090 1516 2120 M

209 2131 253 2181 115
280 2128 420 2164 funeri:
449 2129 582 2165 sceleri
607 2131 730 2166 Ritter
828 2131 911 2166 viae
931 2139 968 2167 Β
1071 2137 1115 2169 16
1142 2135 1254 2179 porta
1278 2134 1322 2169 in
1345 2145 1462 2180 mary.
1488 2139 1518 2167 V

206 2189 437 2247 pbrumpant
461 2208 490 2236 V
572 2205 615 2238 18
643 2203 756 2238 noxia
783 2218 807 2238 α
895 2208 937 2239 19
966 2216 1051 2240 cum
1078 2205 1230 2242 sceleris
1256 2212 1294 2241 B
1378 2208 1424 2241 20
1449 2215 1593 2251 parum

207 2286 265 2321 est
290 2297 358 2322 om.
379 2293 407 2320 V
526 2290 568 2321 21
602 2262 798 2333 poffiibnes
825 2295 862 2323 Β
983 2294 1028 2325 24
1060 2291 1119 2326 tot
1151 2301 1289 2336 aquae:
1323 2290 1406 2326 tota
1438 2289 1504 2336 qui
1531 2295 1584 2334 Βς

206 2334 364 2392 tgtaque
389 2341 428 2379 1⁷3
455 2336 556 2371 totas
583 2336 690 2381 atqui
716 2343 757 2371 M
847 2336 985 2373 latent:
1011 2338 1119 2374 later.
1141 2345 1193 2384 Β;
1225 2338 1395 2375 latentur
1418 2345 1458 2383 νς
1490 2337 1596 2394 late--

206 2397 267 2454 11}ss
286 2425 329 2454 M
400 2430 440 2455 e:
468 2422 516 2474 ep
541 2427 579 2455 Β
627 2424 671 2456 25
698 2420 825 2456 nullus
851 2428 889 2457 Β
962 2426 1006 2458 26
1034 2424 1072 2458 et
1097 2435 1166 2460 om.
1193 2429 1222 2458 V
1266 2427 1310 2459 27
1337 2434 1539 2469 peccorum
1564 2429 1596 2458 v,
