1638 2560
470 106 790 145 DECLAMATIO
815 107 869 144 IV
895 111 1048 143 17—20.
1393 107 1451 151 85

70 226 166 264 sunt
196 224 291 263 ante
322 223 513 274 virtutes,
551 235 871 275 magnonnnque
903 235 1072 274 operum
1109 223 1221 274 prior
1253 222 1350 262 ordo
1382 222 1451 261 de-

69 284 198 324 fluxit.
247 285 395 335 potest,
418 286 532 335 puto,
558 284 692 324 caveri
716 283 978 335 parricidium
1002 283 1110 334 quod
1136 285 1177 323 et
1200 282 1452 335 praedicitur

71 347 113 384 et
142 344 407 385 novissimum
438 347 511 384 est.

160 405 405 458 Fingamus,
442 407 571 456 pater,
620 405 953 444 mathematicum
997 404 1046 444 de
1089 404 1165 444 hac
1209 404 1296 444 sola
1339 405 1449 444 vitae
1468 404 1520 442 19

34 479 50 507 5
68 479 182 506 meae
211 467 330 517 parte
359 467 594 514 mentitum3
634 465 735 516 quid
766 466 873 504 tanti
903 467 981 515 est,
1021 466 1068 504 ut
1099 465 1259 505 credam
1295 465 1376 504 ista
1408 467 1450 504 et

68 525 234 566 vivam?
284 526 411 567 occidi
441 540 521 566 non
552 527 688 578 potest
718 527 846 576 pater.
897 525 968 564 sed
993 525 1091 576 quid
1115 526 1250 576 refert,
1283 522 1318 565 si
1345 525 1450 564 diffi-

70 588 201 627 cultas
240 588 321 627 ista
357 600 438 627 non
481 588 542 627 est
582 587 696 626 salva
738 587 873 626 animo
914 585 1031 626 meo?
1093 586 1251 626 excedit
1291 599 1448 626 omnem

69 648 357 699 calamitatem,
381 648 637 687 innocentiae
662 659 759 687 suae
784 660 866 687 non
892 647 1063 698 credere,
1082 646 1222 687 diebus
1249 660 1296 686 ac
1321 647 1450 687 nocti-

27 723 29 727 ⁴
68 708 143 749 bus
173 709 336 759 timere,
374 710 606 760 suspectum
634 707 783 747 habere
816 708 996 746 animum
1035 720 1170 758 suurn,
1209 708 1451 748 calumniari

14 783 51 811 ιο
68 782 224 820 manus,
249 771 460 809 incausare
485 770 595 809 visus
622 770 663 807 et
693 768 979 820 parricidalem
1004 780 1122 821 agere
1149 769 1450 821 cogitationem.

68 831 199 870 maior
235 830 338 869 mihi
373 831 479 869 ratio
517 829 715 869 moriendi
753 831 831 879 est,
870 830 906 868 si
942 829 1208 880 parricidium
1244 829 1332 868 fieri
1369 842 1451 868 non

69 892 216 943 potest,
249 892 290 930 et
320 903 395 943 ego
425 904 490 930 me
522 889 639 930 credo
670 890 885 929 facturum.
949 903 1068 940 quem
1099 891 1146 929 tu
1176 890 1288 940 mihi,
1320 891 1472 945 pater„

68 953 245 1003 imperas
263 949 471 991 laborem?
497 964 619 1002 quam
645 963 830 1001 asperam
850 950 976 1002 exigis
1001 949 1272 1001 patientiam?
1306 951 1449 990 horreo

69 1012 208 1052 oscula.
226 1013 310 1062 tua,
331 1025 383 1051 ne
409 1012 552 1051 seniles
580 1013 693 1050 artus
718 1011 890 1050 nimium
915 1011 1051 1063 gravis
1077 1012 1286 1063 amplexus
1313 1011 1449 1051 elidat.

15 1086 50 1113 15
68 1085 151 1112 non
182 1072 360 1112 sustineo
393 1073 553 1112 eosdem
585 1073 768 1123 expetere
800 1073 1019 1123 convictus,
1050 1086 1100 1111 ne
1131 1085 1232 1123 quos
1264 1085 1451 1123 porrexe-

67 1132 146 1172 rim
190 1133 317 1185 cibos,
358 1146 513 1172 venena
553 1132 665 1172 fiant.
726 1133 850 1172 timeo
893 1131 1072 1172 eiusdem
1112 1134 1450 1185 peregrinationis

67 1193 180 1233 adire
213 1193 460 1234 comitatum.
524 1206 641 1233 omne
672 1192 786 1245 fugio
819 1195 1029 1243 secretum,
1060 1207 1110 1232 ne
1144 1194 1242 1244 quid
1272 1194 1449 1243 fortuna,

66 1267 118 1294 ne
150 1254 249 1305 quid
281 1254 424 1294 afferat
450 1266 577 1294 casus.
629 1266 836 1304 quousque
867 1253 1079 1293 timebitur
1105 1253 1291 1294 animus?
1341 1267 1449 1294 mors

67 1315 169 1354 mihi
193 1317 400 1366 praestare
425 1317 571 1366 potest,
602 1328 652 1354 ne
677 1314 943 1365 parricidium
974 1314 1134 1364 faciam,
1166 1327 1285 1365 mors,
1311 1316 1359 1354 ut
1390 1315 1449 1354 vi-

13 1389 50 1416 zo
69 1376 166 1415 dear
195 1388 268 1415 nec
299 1375 424 1415 fuisse
456 1376 649 1415 facturus.
714 1374 784 1414 sed
815 1389 878 1414 me
910 1375 1132 1426 infelicem,
1166 1388 1286 1426 quam
1319 1376 1452 1414 multa

68 1438 164 1476 sunt
200 1449 303 1487 quae
339 1437 483 1476 timere
521 1436 689 1475 debeam
726 1436 851 1475 etiam
888 1437 1029 1475 contra
1068 1437 1248 1475 animum
1289 1434 1451 1475 meum?

67 1496 174 1536 unde
205 1498 307 1547 scio,
346 1510 399 1536 an
431 1497 642 1547 expulsum
672 1509 736 1535 me
766 1498 931 1547 repente
965 1497 1146 1535 sensibus
1178 1497 1278 1536 meis
1311 1497 1450 1547 aliqua

68 1558 207 1610 magni
238 1557 480 1597 discriminis
518 1559 653 1609 imago
691 1558 860 1608 raptura
893 1555 976 1596 sit?
1037 1557 1233 1608 prosilibo
1265 1557 1450 1607 fortasse,

67 1619 281 1668 tamquam
307 1631 452 1668 sequar
477 1617 636 1657 classici
659 1617 842 1657 vocantis
867 1618 1116 1668 instinctum,
1148 1619 1362 1668 tamquam
1386 1630 1450 1656 me

15 1690 50 1718 25
69 1679 223 1718 ruentis
254 1678 412 1730 patriae
447 1678 587 1730 fragor
618 1679 658 1717 et
689 1678 926 1718 vociferatio
958 1680 1101 1729 captae
1134 1680 1313 1718 civitatis
1347 1680 1450 1718 exci-

70 1740 185 1778 verit.
237 1752 301 1778 me
332 1751 428 1778 sane
455 1739 656 1778 custodire
686 1751 862 1789 possum,
895 1739 964 1778 sed
994 1739 1102 1779 unde
1128 1741 1223 1789 scio,
1256 1739 1354 1789 quid
1381 1739 1450 1778 ad-

70 1800 177 1839 ferat
206 1812 302 1850 nox,
336 1812 470 1849 casus,
505 1798 644 1838 error?
705 1799 1014 1839 mathematicus
1047 1800 1123 1839 hoc
1154 1813 1234 1839 non
1267 1801 1451 1839 futurum

72 1860 187 1910 dixit,
217 1863 264 1899 ut
294 1860 452 1910 vellem,
485 1860 555 1899 sed
586 1861 635 1899 ut
666 1860 899 1899 occiderem.

160 1921 222 1959 Tu
261 1933 440 1971 quoque,
476 1922 605 1971 pater,
644 1922 796 1971 quanto
838 1922 1044 1972 graviores
1084 1934 1276 1972 passurus
1318 1933 1359 1960 es
1403 1929 1520 1980 exg20

165 2100 188 2131 4
220 2095 551 2131 mathematicum:
590 2094 707 2132 math'
743 2103 780 2131 P
900 2100 921 2132 5
956 2096 1177 2132 mentitum:
1220 2097 1366 2133 mentiti
1400 2103 1449 2141 P;

68 2144 276 2180 menticum
301 2150 328 2179 S
402 2144 494 2180 ista:
521 2144 618 2180 istae
645 2144 672 2191 (i
697 2146 740 2180 in
765 2145 853 2190 ras.)
879 2151 917 2179 B
996 2149 1016 2180 6
1042 2146 1154 2191 pater
1178 2157 1254 2180 non
1278 2146 1406 2191 potest
1432 2154 1451 2187 β

72 2195 91 2227 ’1
118 2191 222 2228 salvo
248 2201 268 2235 β
390 2193 555 2229 excedit:
590 2193 747 2239 expedit
770 2199 841 2228 BV
961 2197 1005 2228 10
1031 2193 1318 2239 parricidalem:
1346 2193 1383 2228 al
1410 2194 1451 2228 in

68 2252 142 2277 ras.
162 2247 200 2276 B
272 2240 502 2288 cogitionem
528 2247 556 2275 V
627 2245 671 2276 15
700 2243 900 2289 expegtere
920 2244 955 2288 (0
974 2243 1038 2288 er.)
1060 2248 1102 2277 M
1172 2242 1404 2288 prorexerim
1430 2247 1457 2276 V

72 2315 116 2349 18
142 2299 264 2359 quoii}
290 2319 327 2348 Β
411 2317 456 2349 22
484 2313 681 2360 expulsam
706 2320 743 2349 Ρ
825 2317 869 2349 25
898 2313 1119 2349 excitaverit
1150 2320 1218 2349 VM
1301 2317 1345 2349 27
1372 2313 1450 2348 fac-

69 2362 197 2396 turum
221 2367 292 2396 BV
395 2365 440 2397 28
466 2364 511 2398 ut
537 2374 605 2398 om.
627 2371 647 2404 β
750 2362 889 2398 vallem
916 2368 965 2404 M,
993 2373 1084 2398 corr.
1105 2377 1147 2397 m
1259 2365 1304 2397 29
1331 2373 1450 2407 quan-

69 2410 129 2445 tos
154 2415 224 2444 BV
310 2415 397 2456 post
422 2421 460 2446 es
490 2410 576 2447 add.
598 2417 634 2445 Ρ
662 2410 792 2456 palam
825 2410 1186 2455 dissimulationem,
1219 2410 1286 2446 del.
1307 2422 1406 2446 man.
1427 2412 1450 2445 3
