1638 2560
482 111 897 149 DECLAMATIONES
922 111 966 146 x.
993 88 1060 147 xi
1366 111 1454 154 409

78 241 160 268 non
199 228 279 268 erit
319 227 458 267 eadem
494 227 558 266 lex
600 227 725 267 errori
771 228 812 266 et
852 227 942 266 arti.
1005 226 1050 264 P.
1083 225 1186 265 nihil
1226 225 1340 265 aliud
1377 226 1457 265 nisi

78 289 250 328 mortem
287 289 406 328 tuam
446 288 671 328 articulavi.
736 287 790 326 D.
816 287 942 326 vultis
974 287 1092 336 scire,
1133 286 1304 326 iudices:
1342 299 1455 326 accu-

79 350 188 389 savit
214 362 280 389 me
312 361 359 388 eo
395 350 576 400 tempore
618 361 697 399 quo
735 361 816 387 non
855 349 1039 398 poteram
1072 347 1287 386 damnatus
1319 347 1457 386 occidi.

79 410 124 449 Ρ.
150 410 282 462 legem
315 421 431 448 suam
471 409 615 448 civitas
657 409 707 448 ob
749 409 887 448 divitis
928 408 1228 459 impatientiam
1269 406 1460 447 excedet?

46 485 62 510 5
80 470 134 510 D.
161 470 364 522 explicata
394 471 456 510 est
493 470 594 522 legis
625 469 800 518 invidia,
830 463 930 522 [cum
962 469 1051 519 quis
1091 469 1249 519 patitur
1281 468 1388 519 quod
1419 470 1461 508 et

82 531 190 571 fecit.
257 530 302 569 P.
335 531 401 570 cui
439 543 620 580 unquam
666 531 775 582 patri
815 529 1063 581 prohibitum
1104 531 1165 569 est
1207 542 1280 579 pro
1321 529 1459 569 liberis

80 590 212 630 mori?
264 591 319 630 D.
345 593 390 630 at
426 593 473 630 tu
509 591 611 630 mihi
641 591 749 630 idem
786 590 1039 642 prohibuisti.
1096 590 1140 628 P.
1173 590 1308 628 nullus
1346 590 1461 629 dolor

81 653 210 692 morte
240 652 371 691 maior
401 653 473 691 est.
530 652 634 691 hanc
665 652 797 691 offero.
854 652 907 691 D.
933 664 1078 702 parum
1109 651 1220 690 dolet
1251 652 1321 701 qui
1354 651 1462 701 quod

81 713 250 763 patitur,
280 713 464 764 ignoscit.
521 712 753 751 innocentia
790 725 890 763 opus
923 713 1001 761 est,
1042 713 1088 750 ut
1118 713 1310 750 miserum
1347 711 1461 750 dolor

27 788 63 814 ιο
81 774 219 814 faciat.
275 773 320 812 Ρ.
341 773 377 813 si
401 773 509 824 leges
535 773 848 812 contemnendae
875 775 980 821 sunt,
1006 785 1095 811 eam
1120 773 1240 812 simul
1266 772 1460 811 auferatis

83 847 187 884 quae
211 834 317 872 male
336 833 491 873 meritis
511 846 682 884 poenam
710 836 839 884 parat.
896 833 949 871 D.
971 833 1072 884 proh
1091 833 1237 883 pudor!
1269 834 1304 872 is
1330 833 1461 884 legem

82 895 267 934 nominat
299 894 369 944 qui
398 894 653 933 immanitate
689 895 848 933 sceleris
886 894 1018 947 legem
1049 894 1268 932 damnavit.
1326 894 1369 932 Ρ.
1398 895 1460 932 sin

0 1008 4 1010 .
83 957 219 994 autem
259 954 496 1005 servandae,
538 968 586 994 ea
626 957 824 1004 servetur,
868 957 914 994 ut
954 967 1099 994 nocens
1140 956 1343 1005 puniatur.
1406 954 1459 992 D.

82 1016 196 1055 nulla
238 1028 369 1067 poena
409 1017 470 1055 est
515 1016 594 1055 nisi
636 1017 777 1055 invito.
841 1015 1043 1054 infinitam
1090 1015 1197 1055 datis
1245 1015 1460 1055 sceleribus

29 1091 63 1117 15
83 1076 305 1126 audaciam,
337 1077 374 1116 si
403 1077 564 1115 nocenti
587 1089 740 1126 poenae
772 1077 988 1127 praestatis
1021 1076 1245 1115 arbitrium.
1302 1076 1347 1114 P.
1374 1075 1460 1115 nihl

81 1136 246 1176 inimico
277 1137 458 1176 acerbius
497 1137 597 1177 velis
635 1150 758 1187 quam
797 1137 904 1187 quod
940 1137 1027 1188 ipse
1068 1137 1171 1176 ferre
1208 1150 1288 1176 non
1319 1137 1459 1187 possis.

80 1198 133 1237 D.
160 1198 276 1248 atqui
301 1210 388 1250 ego,
419 1197 660 1247 saevissime,
691 1199 862 1237 mortem
894 1200 1001 1248 opto.
1058 1198 1194 1237 liberis
1221 1210 1356 1237 carere
1380 1210 1461 1236 non

81 1270 257 1309 possum.
313 1259 358 1296 P.
385 1271 510 1310 egone
542 1260 633 1297 tuos
675 1257 851 1297 abstuli?
906 1259 959 1298 D.
988 1258 1104 1308 audi,
1145 1259 1307 1307 civitas,
1344 1260 1388 1297 in
1419 1260 1460 1297 te

81 1320 232 1358 crimen
262 1319 465 1358 transfert.
523 1320 600 1358 scis
627 1319 726 1369 quid
751 1317 862 1370 egit?
893 1319 1041 1358 liberos
1071 1319 1123 1358 ad
1147 1322 1331 1368 mortem,
1363 1319 1461 1357 civi-

27 1394 64 1420 20
82 1382 210 1418 tatem
241 1379 293 1418 ad
324 1378 552 1430 perfidiam,
582 1393 647 1418 me
679 1379 731 1418 ad
762 1379 1032 1430 proditionem
1065 1380 1207 1432 coegit.
1264 1392 1371 1419 nunc
1400 1392 1461 1417 re·

83 1439 270 1491 spondeo.
327 1440 485 1478 nullum
505 1440 660 1479 facinus
681 1440 887 1491 publicum
914 1453 998 1480 esse
1017 1442 1162 1491 potest.
1215 1453 1330 1479 omne
1356 1453 1460 1480 com-

82 1513 203 1539 mune
235 1500 513 1551 persuadentis
547 1503 617 1540 est.
674 1501 719 1539 P.
746 1501 942 1551 numquid
980 1501 1171 1551 peribunt
1202 1499 1463 1540 innocentes?

82 1562 135 1600 D.
163 1560 261 1612 quid
286 1560 474 1610 haeretis,
503 1559 686 1600 iudices?
740 1561 936 1612 numquid
961 1574 1070 1601 meos
1099 1562 1163 1601 lex
1188 1562 1368 1612 repperit
1393 1574 1462 1600 no-

83 1620 246 1661 centes?
301 1621 346 1660 P.
371 1621 630 1671 miseremini,
660 1622 823 1672 iudices,
856 1623 1083 1672 quicunque
1114 1622 1262 1662 liberos
1292 1622 1463 1671 habetis,

29 1696 64 1723 25
84 1683 331 1722 miseremini
349 1681 568 1721 liberorum
587 1695 777 1722 meorum.
827 1683 881 1722 D.
895 1683 1052 1722 facinus
1073 1685 1145 1733 est,
1163 1683 1328 1732 iudices,
1348 1696 1461 1734 prae-

82 1744 296 1782 teritarum
337 1744 529 1782 mortium
568 1744 764 1782 minorem
806 1755 889 1783 esse
930 1744 1242 1783 miserationem.
1310 1744 1354 1782 P.
1382 1757 1462 1783 non

84 1803 201 1842 video
235 1803 434 1854 quomodo
467 1803 573 1843 obsit
602 1803 697 1844 filiis
729 1803 867 1844 odium
891 1804 1031 1855 patris.
1093 1805 1147 1843 D.
1173 1805 1303 1843 multo
1329 1805 1462 1843 minus

84 1863 201 1903 video
228 1863 324 1914 quid
356 1864 462 1903 obsit
492 1866 592 1904 meis
619 1877 731 1903 amor
755 1865 895 1916 patris.
947 1864 1096 1915 adeste,
1125 1865 1288 1915 iudices,
1321 1864 1462 1904 audita

86 1937 180 1964 nece
218 1924 437 1963 liberorum
475 1925 574 1975 quid
616 1924 723 1964 feci?
776 1926 922 1964 merito
964 1925 1255 1977 rempublicam
1291 1926 1461 1977 prodidi.

33 1999 68 2026 30
88 1985 243 2024 factum
270 1986 365 2024 esto.
422 1985 505 2024 iam
525 1986 595 2024 diu
621 1987 766 2025 civitas
792 1986 981 2026 defuncta
1008 1988 1078 2026 est.
1130 1986 1262 2026 adhuc
1287 1987 1463 2026 auctoris

88 2045 228 2084 domus
261 2045 382 2096 plena
413 2048 484 2085 est.
540 2047 584 2085 P.
615 2048 773 2098 resipio.
831 2048 1040 2086 inimicum
1073 2047 1309 2086 obtuleram.
1366 2048 1464 2086 mah·

185 2227 202 2258 1
226 2221 348 2258 aliud:
371 2221 533 2258 aliterP
596 2221 688 2258 nisi:
711 2232 825 2268 quam
845 2228 906 2256 ΥΒ
975 2226 998 2258 4
1018 2223 1179 2258 excedat
1193 2230 1229 2259 Β
1298 2227 1319 2258 8
1340 2223 1462 2258 maius

92 2277 153 2306 ΥΒ
248 2271 315 2317 qui
342 2270 459 2316 quod:
487 2270 647 2317 quisque
673 2277 734 2306 ΥΒ
831 2273 851 2305 9
878 2272 938 2307 ut:
965 2281 1012 2306 ne
1035 2277 1072 2306 Ρ
1168 2275 1213 2307 12
1241 2271 1272 2307 si
1298 2282 1388 2307 nam
1410 2278 1462 2314 Β;

87 2319 138 2355 sit
162 2320 291 2356 autem
322 2325 383 2354 ΥΒ
486 2322 529 2354 15
556 2319 650 2365 Ρτεῖῖ)
682 2326 721 2364 Υ;
747 2318 902 2365 parabis
928 2325 965 2354 Β
1067 2323 1113 2355 20
1139 2323 1225 2356 ante
1250 2331 1350 2355 nunc
1375 2319 1462 2355 add.

87 2378 234 2414 pauper
253 2374 290 2404 Β
377 2371 422 2404 22
447 2367 652 2413 prohibent
672 2374 709 2404 Β
802 2371 847 2403 23
873 2367 1034 2403 horretis
1060 2375 1098 2403 Β
1181 2369 1401 2404 innocentes
1428 2374 1464 2403 Β

90 2419 134 2452 25
159 2415 363 2452 liberorum
391 2428 457 2453 om.
487 2419 591 2452 ΒΥΒ
696 2420 740 2451 28
767 2416 869 2462 quod
895 2422 963 2451 ΡΥ
1056 2416 1186 2452 audite
1213 2427 1343 2452 necem
1372 2422 1407 2451 Β
