1638 2560
199 104 289 146 414
583 110 585 112 ’
621 101 879 138 EXCERPTA
905 102 1148 140 PARISINA.
1194 111 1195 114 ’

198 218 382 264 iniuriosi
407 219 461 258 sit
480 218 595 257 actio.
641 218 698 256 'D.·
721 217 834 268 atqui
860 218 934 257 hoc
954 217 1146 258 damnum
1168 218 1367 271 dignitate
1391 220 1572 262 iudicum

197 281 328 318 minus
361 280 430 318 est.
486 279 532 318 P.
559 291 675 318 omne
716 277 895 317 ablatum
935 291 1129 329 magnum
1169 281 1231 319 est
1268 293 1347 331 quo
1384 281 1572 322 relictum

197 339 327 378 minus
360 340 429 378 est.
479 338 530 377 D.
559 338 762 378 vindicare
798 338 914 378 flores
946 352 1056 378 meos
1097 352 1179 379 non
1209 339 1354 380 licuit?
1407 342 1454 381 P.
1481 344 1571 393 quis

196 402 314 451 neget
352 412 445 450 apes
478 399 740 438 vindicandas
772 399 878 451 lege,
919 399 952 438 si
988 399 1104 440 flores
1144 400 1327 440 veneno?
1378 401 1433 441 D.
1460 402 1570 444 dam÷

195 473 291 497 num
332 462 447 498 tuum
489 461 666 510 opponis.
724 472 858 498 meum
899 460 1037 499 audire
1077 473 1157 500 non
1198 462 1270 502 vis.
1327 461 1444 502 fiores
1485 477 1568 505 cora
1607 479 1624 506 5

196 520 446 571 rumpebant.
498 521 542 559 P.
571 521 686 570 quasi
711 522 756 558 tu
782 520 874 559 illos
900 520 952 559 ad
978 522 1223 561 vetustatem
1249 534 1438 563 servares.
1488 537 1568 565 non

194 582 327 630 potest
365 593 448 620 esse
488 580 560 620 flos
602 582 642 619 et
682 594 761 619 non
800 594 938 620 novus.
994 581 1048 620 D.
1075 594 1234 622 servare
1273 596 1354 624 non
1393 597 1568 635 possum,

194 642 394 691 corrumpi
434 641 536 680 nolo.
599 642 643 680 P.
672 655 752 691 qua
793 642 1022 692 corruptela
1064 642 1311 694 impatiens?
1372 646 1568 696 numquid

192 701 281 739 ideo
314 698 434 740 citius
461 703 616 750 arescit,
648 702 766 741 citius
793 701 968 742 decidit?
1024 715 1155 742 nonne
1182 717 1255 756 ego
1280 704 1358 744 tibi
1383 706 1567 746 favorum

192 762 391 811 primitias
433 761 673 800 offerebam?
728 763 780 801 D.
807 764 930 802 immo
972 765 1017 802 tu
1050 764 1157 814 quod
1197 764 1437 816 abstuleras,
1477 766 1565 807 red·
1586 782 1621 808 ιο

191 821 330 871 debas,
362 835 434 874 ego
467 822 573 873 quod
605 823 834 873 amiseram,
866 824 1119 874 recipiebam.
1177 825 1270 865 nolo
1302 826 1488 878 amplius,
1519 829 1567 867 ut

190 883 399 933 recipiam,
441 884 644 933 amittere,
685 884 793 923 malo
828 883 1043 924 vindicare.
1110 885 1154 924 P.
1185 885 1336 926 adeone
1369 887 1565 939 abrupte?

190 955 320 981 nonne
351 943 463 993 prius
490 943 766 994 demonstrari,
800 945 1038 984 calumniari
1064 945 1230 986 debuit?
1285 948 1339 987 D.
1365 949 1412 988 ut
1436 949 1565 989 trans-

190 1003 325 1053 ferres,
351 1003 595 1044 denuntiavi.
646 1005 690 1043 P.
717 1018 798 1044 non
824 1019 909 1058 ego,
935 1005 978 1044 P.
1001 1004 1054 1056 C.,
1076 1006 1127 1045 ad
1152 1006 1331 1059 divitem,
1357 1008 1425 1048 sed
1452 1008 1563 1049 dives

190 1062 240 1101 ad
267 1076 360 1114 apes
386 1077 494 1104 meas
521 1067 697 1104 accessit.
756 1079 834 1116 quo
860 1069 997 1106 tamen
1022 1067 1312 1108 transferrem?
1360 1070 1407 1108 tu
1433 1071 1562 1109 totam
1583 1084 1617 1111 ιε

190 1124 393 1174 occupasti
423 1125 623 1164 viciniam.
686 1127 842 1165 nullum
872 1128 1009 1166 inveni
1041 1127 1236 1180 agellum,
1277 1130 1320 1167 in
1353 1143 1431 1180 quo
1462 1131 1562 1170 mihi

189 1184 298 1223 dives
339 1186 493 1225 vicinus
525 1198 604 1224 non
646 1188 758 1226 esset.
814 1201 886 1227 nec
923 1190 1060 1227 tamen
1102 1189 1171 1228 diu
1213 1203 1402 1240 quaerere
1434 1191 1560 1231 licuit.

188 1246 370 1294 sequenti
402 1245 464 1283 die
504 1246 693 1285 damnum
731 1247 881 1287 intulit.
938 1250 990 1288 D.
1018 1263 1089 1289 cur
1119 1263 1200 1289 non
1232 1263 1342 1300 oves,
1380 1256 1460 1291 cur'
1481 1264 1560 1291 non
1607 1279 1609 1281 -

186 1305 357 1354 pecudes
389 1308 598 1357 ceteraque
624 1308 797 1347 innocua
822 1308 1057 1349 nutriebas?
1110 1311 1155 1351 P.
1181 1311 1250 1354 vix
1273 1311 1373 1350 mihi
1397 1313 1559 1352 tenuem

188 1366 424 1405 ascendendi
444 1368 627 1406 semitam
639 1369 852 1419 reliquisti.
899 1369 1068 1409 arduum
1089 1373 1149 1410 est
1167 1371 1386 1423 gressibile.
1439 1386 1559 1423 quae—7
1578 1386 1614 1414 20

186 1426 261 1464 sivi
294 1427 471 1466 volatile.
527 1429 580 1466 D.
608 1442 701 1481 ergo
727 1429 897 1469 liberum
930 1431 1064 1481 sicque
1096 1445 1177 1471 non
1208 1433 1334 1471 tuum.
1390 1433 1435 1472 P.
1463 1446 1558 1474 sane

186 1486 279 1524 dum
311 1487 462 1526 volant.
518 1490 634 1538 atqui
671 1490 765 1528 dum
797 1491 997 1541 concludi,
1035 1492 1194 1542 donari,
1225 1493 1346 1532 vendi
1377 1497 1557 1545 possunt.

184 1546 235 1583 D.
263 1550 537 1587 verumtamen
575 1552 689 1589 extra
728 1552 942 1601 imperium
986 1555 1118 1602 tuum,
1156 1565 1227 1592 nec
1273 1554 1380 1593 enim
1419 1567 1558 1607 regere

184 1619 255 1645 nec
282 1607 463 1647 cohibere
495 1611 618 1660 potes.
677 1611 719 1648 P.
746 1611 904 1651 miraris
938 1612 1043 1663 quod
1069 1626 1269 1653 sermones
1294 1627 1374 1653 non
1398 1615 1556 1655 intelle·

185 1669 294 1717 gunt.
350 1669 604 1709 irrationales
636 1673 739 1710 sunt.
797 1675 914 1711 erunt
944 1674 1099 1724 peiores
1132 1674 1238 1724 quod
1270 1676 1354 1714 sine
1385 1676 1555 1727 imperio
1575 1689 1610 1716 25
1636 1678 1638 1681 ’

185 1728 319 1765 omnia
349 1728 529 1768 faciunt9
585 1731 637 1769 D.
666 1732 772 1782 quod
803 1734 979 1773 universi
1010 1737 1196 1785 pascunt,
1236 1747 1444 1775 commune
1476 1749 1556 1777 non

184 1786 289 1826 erit?
342 1789 386 1827 P.
409 1790 605 1839 quomodo
627 1792 734 1842 quod
759 1795 949 1844 nascitur,
974 1808 1108 1834 meum
1134 1795 1222 1845 erit,
1249 1796 1356 1846 quod
1377 1799 1555 1849 generat,

183 1847 386 1889 alienum?
441 1851 493 1888 D.
521 1851 623 1890 nihil
662 1854 833 1893 amisisti
871 1855 978 1904 quod
1015 1855 1191 1895 haberes.
1248 1856 1406 1896 nullum
1443 1857 1553 1897 dam-

182 1921 278 1946 num
298 1921 437 1958 passus
458 1923 508 1949 es
560 1912 603 1950 P.
624 1913 734 1951 itane
760 1927 839 1952 non
859 1914 1011 1954 habui?
1060 1916 1145 1955 noli
1163 1917 1361 1968 inpedire:
1387 1917 1552 1968 videbis,

183 1968 233 2006 ad
265 1982 381 2018 quem
401 1971 572 2009 venient
630 1973 768 2012 licebit
788 1975 964 2014 occidere
986 1976 1092 2026 quod
1111 1990 1192 2016 non
1210 1977 1307 2017 licet
1325 1977 1553 2029 surripere?
1571 1992 1608 2019 ee
1637 1995 1638 1999 ¹

180 2028 289 2066 itane
321 2042 400 2068 non
433 2033 493 2069 est
524 2031 731 2083 damnum,
764 2035 928 2085 perdere
961 2037 1081 2087 quod,
1113 2039 1159 2076 ut
1189 2037 1355 2088 habeas,
1393 2041 1553 2089 oportet

279 2161 295 2190 1
323 2156 507 2192 iudicium
538 2165 598 2193 VB
704 2165 724 2195 ὅ
752 2163 911 2207 apponis
937 2169 997 2198 VB
1102 2168 1124 2199 8
1150 2176 1284 2211 corrup
1286 2165 1391 2201 tione
1421 2171 1482 2201 VB
1628 2093 1638 2187 i

178 2203 415 2250 impatientis
442 2208 499 2241 est
518 2213 556 2242 R
648 2211 691 2243 10
719 2208 922 2245 afferebam
947 2217 1008 2246 VB
1091 2216 1134 2248 12
1161 2177 1284 2249 adeop
1281 2225 1358 2249 non
1376 2213 1429 2259 V3
1454 2214 1551 2251 adeo

179 2263 245 2287 cur
270 2253 374 2289 Dess.
476 2258 520 2289 13
547 2255 805 2293 demonstrare
833 2264 894 2293 VB
990 2260 1245 2297 demonstrari
1269 2273 1384 2307 quam
1409 2262 1551 2298 calum·
1624 2179 1638 2319 i

562 2305 587 2349 ΧΧΧΧΧΧ

176 2348 275 2384 niari
301 2355 338 2385 R
455 2354 501 2386 20
518 2354 666 2387 atttum
700 2359 749 2398 1³3
782 2355 946 2390 accitum
973 2362 1026 2401 R·
1059 2357 1192 2393 ardum
1231 2364 1259 2392 V
1361 2362 1403 2394 21
1431 2358 1550 2395 viola·-
1623 2347 1625 2349 Ι

175 2396 254 2432 bile
279 2403 349 2432 BV
442 2402 485 2433 27
513 2400 614 2444 quod
641 2401 797 2437 alterum
822 2414 888 2438 om.
912 2410 948 2438 P
1043 2408 1088 2440 28
1114 2405 1231 2442 habes
1259 2413 1320 2442 VB
