1638 2560
432 91 752 130 DECLAMATIO
777 91 865 128 XVI
885 95 1026 128 10-11
1053 91 1159 128 XVII
1180 96 1211 128 1.
1427 92 1514 135 301

752 350 903 401 XVII.

485 460 816 511 VENENVM
854 461 978 509 EFF
985 460 1171 510 VSVM.

136 598 287 639 Filium
318 599 381 638 ter
412 597 599 637 abdicare
631 597 763 636 voluit
792 599 923 647 pater,
954 598 1097 635 victus.
1154 595 1310 635 invenit
1342 595 1519 646 quodam

184 660 378 711 ¹tempore
414 660 458 698 in
497 660 650 698 secreta
682 658 823 697 domus
860 659 977 708 parte
1015 657 1354 697 medicamentum
1386 658 1518 696 teren-

101 732 118 759 5
198 722 294 760 tem.
355 718 625 770 interrogavit
656 718 755 769 quid
792 720 913 767 esset,
951 719 1016 758 cui
1053 720 1248 768 parasset.
1310 718 1381 756 ille
1416 717 1519 756 dixit

198 794 408 830 venenum,
439 782 481 819 et
511 792 553 819 se
585 780 699 818 mori.
751 779 870 819 iussit
900 780 1019 830 pater
1047 779 1195 818 bibere.
1246 778 1315 817 ille
1348 778 1520 817 effundit

199 841 546 881 medicamentum.
610 842 823 880 accusatur
854 853 878 879 a
908 841 1025 890 patre
1055 839 1276 891 parricidii.
1522 835 1524 837 ’

228 975 467 1014 Delassatus
496 987 569 1025 per
593 973 771 1014 diversos
802 975 972 1013 miserae
1002 973 1150 1012 mentis
1182 975 1316 1012 aestus
1349 975 1390 1012 et
1422 986 1517 1012 eun·
1544 973 1567 1009 1

139 1036 230 1076 dem
266 1035 463 1085 dolorem,
502 1035 598 1074 dum
633 1048 698 1074 me
731 1034 781 1074 ab
819 1036 991 1085 utroque
1023 1034 1149 1072 animi
1186 1046 1330 1086 genere
1363 1047 1520 1084 semper

85 1111 120 1138 ιο
139 1096 484 1148 quodinpulerit,
516 1095 703 1145 abducat,
734 1096 776 1134 et
806 1096 850 1133 in
879 1094 1147 1146 pertinaciam
1178 1094 1520 1146 desperationem-

139 1170 217 1208 que
247 1158 435 1196 neutram
465 1156 567 1195 mihi
595 1157 692 1195 lieet
726 1157 904 1206 perferre
935 1156 1195 1207 patientiam,
1232 1156 1306 1195 hoc
1344 1157 1520 1207 primum

139 1231 164 1257 a
187 1217 401 1257 notissima
426 1217 639 1256 elementia
663 1218 801 1256 vestra
830 1219 938 1267 peto,
969 1229 1019 1255 ne
1044 1217 1248 1258 miremini
1279 1216 1389 1266 quod
1414 1218 1522 1255 inter

138 1280 226 1318 tam
262 1279 378 1318 varia
414 1278 727 1328 tristissimaque
764 1278 853 1316 fata
890 1277 1057 1316 consilio
1096 1276 1283 1316 diductus
1322 1290 1411 1316 sum
1447 1289 1521 1316 nec

73 1385 76 1389 ⁴
138 1351 213 1390 pro
244 1339 363 1378 malis
393 1338 493 1378 meis
525 1339 743 1389 quicquam
779 1338 925 1377 melius
956 1337 1136 1376 invenire
1170 1338 1288 1388 potui
1320 1350 1443 1388 quam
1475 1340 1520 1376 ut

86 1414 121 1441 15
140 1412 329 1450 morerer,
347 1412 419 1439 nee
438 1413 512 1450 pro
537 1399 780 1448 innocentia,
807 1412 930 1448 quam
948 1400 994 1436 ut
1013 1400 1202 1438 viverem.
1252 1410 1356 1437 novo
1381 1398 1520 1449 igitur,

139 1460 304 1511 iudices,
328 1460 592 1510 inauditoque
617 1472 761 1511 genere
781 1458 1024 1498 discriminis
1050 1460 1259 1509 utriusque
1280 1460 1406 1498 animi
1430 1470 1521 1498 reus

141 1533 224 1572 qua
254 1521 354 1560 satis
386 1521 638 1560 calamitates
669 1532 781 1558 meas
812 1519 1126 1570 comparatione,
1159 1532 1237 1570 quo
1270 1519 1423 1559 deflebo
1453 1532 1522 1571 ge-

141 1580 275 1621 mitu?
336 1581 465 1620 filium
508 1582 612 1620 mori
653 1581 856 1620 volentem
898 1593 1025 1631 paene
1071 1580 1216 1619 occidit
1253 1579 1360 1631 quod
1397 1580 1520 1619 inter-

241 1700 334 1732 2-3
344 1707 530 1732 venenum
543 1695 714 1731 effusum.
729 1696 1016 1742 Argumentum.
1028 1695 1204 1730 11Ιί11111-
1211 1694 1356 1731 invenit
1370 1708 1393 1732 α
1405 1707 1522 1731 manu

142 1745 283 1782 saeculi
307 1745 414 1781 XIX
440 1745 610 1790 suppleta
633 1750 672 1779 Β
785 1744 918 1780 titulus
942 1744 1038 1781 deest
1063 1745 1106 1780 in
1131 1751 1164 1788 Γ
1197 1756 1296 1779 man.
1323 1756 1414 1781 saec
1443 1742 1527 1780 XV

143 1795 186 1830 in
210 1805 327 1840 mara.
352 1795 541 1840 superiore
565 1791 723 1828 Venenu
750 1792 871 1828 effusu
994 1797 1015 1828 3
1047 1792 1202 1828 unicum
1227 1792 1349 1828 filium
1377 1793 1523 1828 invenit

141 1853 258 1879 senex
282 1843 393 1888 pater
418 1842 586 1887 quodam
610 1845 671 1877 eet.
694 1847 737 1876 ,η
831 1840 941 1876 11111111
967 1841 1000 1887 (f
1023 1842 1066 1877 in
1092 1842 1230 1878 lacuna
1254 1843 1338 1887 om.)
1353 1841 1522 1877 -abdi-

144 1901 232 1927 care
257 1891 389 1927 litteris
412 1890 617 1926 maioribus
641 1896 670 1924 t
761 1889 907 1925 invenit
932 1900 1018 1925 eum
1042 1896 1071 1924 1·
1177 1894 1199 1925 4
1224 1891 1418 1926 tenentem
1444 1897 1521 1933 “15³3

143 1940 335 1975 texentem
360 1945 387 1974 S
486 1942 506 1974 6
533 1939 573 1974 et
596 1940 639 1974 in
662 1950 736 1975 ras.
759 1944 802 1973 M
880 1938 976 1974 mori
1001 1938 1099 1974 velle
1125 1946 1148 1973 ς’
1220 1937 1357 1974 effudit
1380 1945 1454 1982 Γβσ

144 1998 368 2035 EXPLICIT
402 1998 727 2035 ARGVMENTV
759 1998 900 2034 INCIP
926 1988 1136 2035 VENEW
1164 2010 1187 2035 a
1221 1999 1319 2035 Filio
1350 1998 1521 2035 effusum

144 2048 188 2084 in
210 2060 327 2095 mary.
355 2047 477 2084 Causa
501 2047 623 2083 XVIII
649 2049 774 2084 omnia
798 2048 916 2084 minio
934 2049 1041 2094 picta
1067 2054 1117 2083 Μ.

243 2099 264 2132 8
291 2096 504 2132 delassatus
525 2104 561 2131 c:
588 2107 656 2132 om.
676 2102 771 2140 ΒΜς
795 2095 1038 2142 lassatusque
1057 2097 1192 2132 omissa
1212 2097 1345 2132 litteris
1362 2096 1524 2132 mitiali-

145 2146 214 2181 bus
231 2151 272 2190 1⁷3
297 2156 357 2181 me
382 2144 547 2180 lassatus
562 2151 611 2188 1³3
638 2144 835 2180 Elassatus
855 2145 923 2181 litt.
938 2146 1020 2181 init.
1036 2156 1103 2181 om.
1120 2151 1166 2189 ες
1186 2144 1351 2180 lassatus
1372 2153 1412 2188 σς
1432 2144 1524 2179 licet

145 2193 290 2229 iudices
310 2194 499 2228 inveniam
524 2203 593 2239 per
612 2193 778 2229 diversos
804 2198 865 2229 eet.
888 2199 930 2228 M
1001 2197 1022 2228 9
1048 2195 1231 2239 uteroque
1251 2199 1289 2228 Β
1362 2197 1404 2228 11
1432 2204 1523 2228 neu-

146 2243 247 2277 trum
272 2242 400 2278 Lucas
484 2241 600 2277 liceat
624 2248 662 2276 Β
750 2242 978 2288 patientiam
1003 2248 1043 2286 Γς
1071 2241 1124 2277 -ia
1149 2243 1286 2287 reliqui
1384 2245 1427 2276 12
1454 2241 1524 2276 mi-

146 2290 283 2325 remini
308 2302 354 2327 eae
378 2289 504 2325 -imini
529 2295 567 2325 Β
663 2294 707 2325 13
733 2292 793 2326 tot
818 2290 923 2326 varia
948 2297 977 2324 Γ
1093 2290 1176 2326 fata
1203 2298 1241 2334 ςς
1266 2289 1371 2326 facta
1397 2304 1426 2324 ω

147 2349 334 2386 deductus
361 2357 420 2393 Μβ
499 2361 575 2385 11011
599 2356 678 2386 ΒΜ
775 2354 819 2386 15
845 2351 1065 2387 innocentia
1089 2357 1126 2386 Β
1218 2354 1262 2386 16
1290 2361 1362 2395 que
1389 2361 1456 2385 om.
1479 2356 1523 2390 Ρ,

145 2410 249 2445 supr.
267 2414 295 2440 p
393 2399 517 2434 anime
543 2405 589 2444 Β,
614 2411 707 2436 οων.
728 2406 752 2434 b
852 2403 896 2434 17
923 2398 1220 2445 comploratione
1246 2413 1268 2440 γ
