1638 2560
443 115 859 155 DECLAMATIONES
884 115 947 152 VI.
974 115 1052 151 VII.
1353 111 1441 155 399

61 237 106 277 Ρ.
133 235 170 277 si
200 247 327 285 amas,
358 246 430 274 cur
459 246 541 273 non
565 231 740 284 recipis?
771 232 835 271 sin
867 233 1015 281 autem,
1048 243 1119 270 cur
1143 227 1326 269 detines?
1383 229 1444 267 M

62 296 265 338 malebam
305 297 523 345 utrumque
571 307 694 345 quam
741 292 927 332 alterum.
993 291 1037 330 P.
1079 291 1203 330 immo
1243 291 1445 328 neutrum.

63 370 138 398 neo
174 369 296 409 passa
343 368 384 395 es
430 356 623 394 maritum
669 353 815 393 redimi
864 365 937 392 nec
977 351 1107 390 filium
1147 350 1320 402 sepeliri.
1384 350 1445 389 Μ.

62 418 218 471 patior,
255 417 291 457 si
318 418 433 468 prius
464 416 530 455 lex
559 428 680 466 passa
710 414 836 453 fuerit
867 426 969 464 quae
1001 413 1050 452 de
1083 411 1315 452 calamitate
1348 410 1446 463 agit.

29 493 45 520 5
64 479 109 519 P.
149 481 246 519 esto.
310 490 442 517 nonne
483 476 645 528 parenti
688 472 914 515 succurrit?
975 474 1137 524 utrique
1178 485 1259 512 non
1299 471 1445 523 potuit.

63 540 181 580 item:
208 538 492 590 insepultus
518 537 786 586 abiciatur,
812 548 893 575 non
921 536 1046 586 negat
1063 535 1157 585 post
1182 533 1448 573 abiectionem

65 600 238 652 sepeliri.
288 599 349 638 M.
377 598 477 649 quid
503 599 576 647 est,
601 597 646 636 P.
667 596 721 647 G„
747 596 872 646 aliud,
897 597 1070 635 matrem
1095 595 1300 634 dimittere
1326 606 1448 644 quam

65 674 147 701 non
175 660 308 700 filium
338 658 452 699 esse?
506 671 624 698 nemo
655 659 790 710 potest
821 659 863 696 et
894 656 1102 696 dimittens
1140 657 1181 694 et
1211 654 1319 694 filius
1351 666 1448 693 esse.

65 722 111 762 P.
143 733 257 771 sane,
298 721 334 760 si
372 720 527 759 alienus
559 721 638 769 est,
676 718 840 769 sepeliri
879 717 1008 757 debet.
1065 718 1125 756 Μ.
1159 716 1274 767 atqui
1305 727 1449 754 manus

13 797 50 824 10
67 796 149 823 non
181 781 338 821 addam.
395 781 440 820 P.
472 780 543 820 sed
567 792 640 820 nec
671 780 830 819 nostras
855 777 1097 829 prohibebis.
1154 778 1215 816 M.
1248 776 1346 827 quid
1376 788 1450 814 nu-

66 843 179 893 113113,
203 840 383 882 iudices?
432 837 609 881 filiorum
632 839 803 880 novistis
829 840 1058 889 levitatem3
1082 838 1163 878 nisi
1181 837 1293 877 istud
1318 835 1450 875 vindi-

68 906 206 945 catum
230 903 296 953 sit,
321 902 595 942 maternitatis
619 900 770 952 peribit
797 901 986 951 pretium.
1042 900 1088 938 P.
1114 911 1259 948 nonne,
1283 897 1450 946 iudices,

68 976 205 1004 omnes
237 963 334 1003 estis
364 961 529 1014 patres?
586 974 723 1001 omnes
760 960 971 1012 piraticari
1000 960 1183 1011 potestis.
1240 958 1319 997 11131
1349 958 1451 996 haec

67 1025 292 1076 redemptio
316 1026 428 1063 recta
452 1024 517 1074 sit,
542 1024 696 1062 frustra
721 1022 937 1075 generatis,
966 1021 1119 1060 frustra
1149 1019 1255 1059 fflios
1281 1018 1449 1058 habetis.

16 1100 49 1127 15
68 1085 219 1137 peribit
247 1086 376 1125 totius
407 1086 518 1124 vitae
542 1084 659 1123 ratio.

460 1242 549 1281 VH.
583 1242 817 1281 TORMENTA
848 1251 1060 1281 PAVPERIS.

161 1327 452 1379 Arywmentum
482 1340 518 1366 v.
537 1340 582 1376 p.
611 1328 710 1372 133,
739 1328 807 1365 13.

161 1390 334 1438 Pauper.
391 1388 534 1437 sentio,
564 1387 730 1436 iudices,
762 1386 919 1426 casibus
945 1386 1044 1424 meis
1069 1384 1113 1423 id
1146 1384 1376 1431 accrevisse,
1408 1383 1455 1421 ut

71 1462 144 1490 1130
175 1449 374 1489 vindicari
406 1448 521 1487 dolor
552 1449 692 1499 queat,
724 1447 803 1486 nisi
836 1459 980 1486 saevus
1012 1445 1170 1495 videar,
1202 1446 1260 1494 et,
1292 1444 1327 1483 si
1358 1443 1454 1482 talis

17 1525 54 1551 20
72 1511 200 1560 fuero,
231 1510 452 1562 plurimum
484 1507 787 1548 calamitatibus
823 1508 924 1547 meis
958 1506 1230 1546 miserationis
1262 1504 1453 1555 deperire.

71 1583 144 1611 vos
185 1572 323 1610 autem
364 1569 479 1620 quid,
519 1582 600 1608 non
643 1581 722 1620 quo
762 1569 915 1607 talione
957 1579 1144 1619 arguam,
1192 1565 1453 1605 considerate.

72 1644 348 1684 percussorem
379 1630 455 1669 filii
485 1631 567 1669 11131
598 1629 726 1669 video.
784 1629 941 1668 facinus
967 1629 1148 1668 vestrum
1180 1628 1251 1677 est,
1282 1638 1363 1665 non
1395 1638 1454 1665 re-

72 1692 336 1743 prehendere,
369 1692 403 1730 si
434 1690 583 1730 falsum
615 1692 693 1740 est,
723 1689 880 1729 facinus
911 1702 1063 1738 meum,
1095 1701 1175 1727 non
1207 1686 1389 1738 probare,
1421 1687 1457 1725 si

73 1765 226 1793 verum.
284 1752 418 1791 Dives.
475 1752 605 1791 levius
636 1751 843 1790 fallaciam
881 1763 964 1789 esse
998 1762 1120 1800 quam
1154 1748 1328 1797 facinus,
1364 1760 1455 1798 pro-

19 1828 55 1854 25
74 1814 164 1854 bari
193 1814 338 1864 potest.
394 1813 439 1850 P.
466 1814 603 1851 utrum
634 1812 700 1861 sit,
732 1811 1033 1862 quaestionibus
1064 1808 1352 1848 inveniendum
1383 1809 1456 1847 est.

76 1875 129 1914 D.
163 1873 366 1925 quomodo
399 1873 499 1912 scire
534 1871 696 1923 potest?
753 1871 921 1911 obscura
958 1884 1037 1910 nox
1067 1870 1313 1921 percussoris
1351 1869 1456 1907 noti-

76 1937 179 1975 tiam
205 1933 385 1974 abstulit.
442 1934 486 1972 P.
513 1933 589 1972 tibi
614 1946 709 1972 vero
734 1933 904 1972 iunioris
931 1931 1167 1971 electionem
1193 1930 1351 1969 auferre
1377 1942 1459 1968 non

76 1996 224 2047 potuit.
283 1995 334 2033 D.
367 1994 575 2033 inimicum
613 2007 676 2032 me
713 1993 855 2043 habes,
895 1992 989 2032 inde
1027 2004 1202 2031 accusas.
1264 1991 1309 2029 P.
1343 1989 1459 2040 atqui

79 2058 120 2095 et
143 2059 190 2095 tu
215 2055 316 2094 mihi
338 2055 529 2094 solatium
554 2066 635 2093 11011
660 2054 864 2105 implores,
890 2056 932 2092 et
956 2053 1025 2092 ille
1043 2052 1208 2092 interim
1235 2051 1457 2102 aufugeret.

177 2188 198 2219 3
226 2183 378 2230 sepeliri
391 2204 438 2209 —-
452 2181 705 2218 abiectionem
726 2183 747 2217 l.
771 2185 794 2218 6
813 2193 882 2217 om.
904 2187 941 2217 R
1010 2185 1030 2216 6
1051 2181 1105 2217 ite
1126 2186 1231 2216 RVB
1298 2182 1340 2214 11
1362 2177 1459 2212 illud

83 2239 136 2277 123
161 2233 278 2268 istum
308 2237 370 2267 VB

181 2284 224 2317 16
250 2281 441 2316 tormenta
438 2279 645 2374 ppauperis
669 2278 804 2325 quinta,
828 2278 891 2314 lex
910 2284 947 2313 Ρ
1041 2281 1088 2313 24
1114 2281 1200 2313 ante
1224 2275 1344 2312 levius
1370 2274 1457 2310 add.

83 2335 137 2366 Β·
163 2341 240 2366 non
266 2328 412 2372 dubito,
468 2339 538 2372 ..‚c
566 2327 781 2363 accusantis
806 2327 913 2362 fucos
932 2326 1176 2373 prudentiam
1196 2326 1359 2361 vestram
1385 2333 1459 2358 non

82 2377 212 2422 latere,
239 2340 463 2413 saevitiamp
465 2357 705 2412 dissimulare
725 2387 800 2412 non
826 2376 962 2422 potest.
1007 2374 1128 2411 lenire
1147 2373 1315 2409 interdit
1367 2370 1459 2406 mihi

82 2437 171 2462 vero
269 2429 314 2461 29
340 2425 518 2471 impleres
545 2430 650 2461 RVB
