<?xml version="1.0" encoding="UTF-8"?>
<!DOCTYPE html PUBLIC "-//W3C//DTD XHTML 1.0 Transitional//EN"
    "http://www.w3.org/TR/xhtml1/DTD/xhtml1-transitional.dtd">
<html xmlns="http://www.w3.org/1999/xhtml" xml:lang="en" lang="en">
 <head>
  <title>
</title>
<meta http-equiv="Content-Type" content="text/html;charset=utf-8" />
  <meta name='ocr-system' content='tesseract 3.04.00' />
  <meta name='ocr-capabilities' content='ocr_page ocr_carea ocr_par ocr_line ocrx_word'/>
</head>
<body>
  <div class='ocr_page' id='page_1' title='image "./quintilianiquaef00lehnuoft_0184.png"; bbox 0 0 1638 2560; ppageno 0'>
   <div class='ocr_carea' id='block_1_1' title="bbox 189 99 1135 153">
    <p class='ocr_par' dir='ltr' id='par_1_1' title="bbox 189 99 1135 153">
     <span class='ocr_line' id='line_1_1' title="bbox 189 99 1135 153; baseline -0.02 1"><span class='ocrx_word' id='word_1_1' title='bbox 189 110 273 153; x_wconf 85' lang='lat'>148</span> <span class='ocrx_word' id='word_1_2' title='bbox 606 103 782 141; x_wconf 84' lang='lat' dir='ltr'>GEMINI</span> <span class='ocrx_word' id='word_1_3' title='bbox 806 99 1135 138; x_wconf 82' lang='lat' dir='ltr'>LANGVENTES</span> 
     </span>
    </p>
   </div>
   <div class='ocr_carea' id='block_1_2' title="bbox 150 213 1632 1783">
    <p class='ocr_par' dir='ltr' id='par_1_2' title="bbox 188 213 1625 1240">
     <span class='ocr_line' id='line_1_2' title="bbox 277 213 1558 270; baseline -0.009 -7"><span class='ocrx_word' id='word_1_4' title='bbox 277 224 392 262; x_wconf 84' lang='lat' dir='ltr'>Passi</span> <span class='ocrx_word' id='word_1_5' title='bbox 430 223 523 262; x_wconf 86' lang='lat' dir='ltr'>sunt</span> <span class='ocrx_word' id='word_1_6' title='bbox 561 222 666 259; x_wconf 83' lang='lat' dir='ltr'>enim</span> <span class='ocrx_word' id='word_1_7' title='bbox 709 220 945 270; x_wconf 80' lang='lat' dir='ltr'>languorem</span> <span class='ocrx_word' id='word_1_8' title='bbox 989 215 1204 255; x_wconf 78' lang='lat' dir='ltr'>miserrimi</span> <span class='ocrx_word' id='word_1_9' title='bbox 1245 214 1429 262; x_wconf 83' lang='lat' dir='ltr'>iuvenes,</span> <span class='ocrx_word' id='word_1_10' title='bbox 1473 213 1558 253; x_wconf 86' lang='lat' dir='ltr'>sine</span> 
     </span>
     <span class='ocr_line' id='line_1_3' title="bbox 188 275 1559 334; baseline -0.009 -10"><span class='ocrx_word' id='word_1_11' title='bbox 188 285 309 324; x_wconf 90' lang='lat' dir='ltr'>dubio</span> <span class='ocrx_word' id='word_1_12' title='bbox 346 284 498 334; x_wconf 84' lang='lat' dir='ltr'>pariter</span> <span class='ocrx_word' id='word_1_13' title='bbox 530 293 705 331; x_wconf 88' lang='lat' dir='ltr'>unaque,</span> <span class='ocrx_word' id='word_1_14' title='bbox 743 292 822 318; x_wconf 87' lang='lat' dir='ltr'>non</span> <span class='ocrx_word' id='word_1_15' title='bbox 854 277 1127 325; x_wconf 72' lang='lat' dir='ltr'><strong>fraternitate,</strong></span> <span class='ocrx_word' id='word_1_16' title='bbox 1165 287 1247 314; x_wconf 88' lang='lat' dir='ltr'>non</span> <span class='ocrx_word' id='word_1_17' title='bbox 1279 275 1436 315; x_wconf 74' lang='lat' dir='ltr'>animae</span> <span class='ocrx_word' id='word_1_18' title='bbox 1475 285 1559 313; x_wconf 83' lang='lat' dir='ltr'>cor-</span> 
     </span>
     <span class='ocr_line' id='line_1_4' title="bbox 188 334 1560 397; baseline -0.008 -13"><span class='ocrx_word' id='word_1_19' title='bbox 188 357 409 397; x_wconf 86' lang='lat' dir='ltr'>porumque</span> <span class='ocrx_word' id='word_1_20' title='bbox 448 343 663 390; x_wconf 88' lang='lat' dir='ltr'>consortio,</span> <span class='ocrx_word' id='word_1_21' title='bbox 703 339 771 379; x_wconf 87' lang='lat' dir='ltr'>sed</span> <span class='ocrx_word' id='word_1_22' title='bbox 815 338 1045 378; x_wconf 89' lang='lat' dir='ltr'>condicione</span> <span class='ocrx_word' id='word_1_23' title='bbox 1082 336 1321 388; x_wconf 81' lang='lat' dir='ltr'>fragilitatis</span> <span class='ocrx_word' id='word_1_24' title='bbox 1358 334 1560 375; x_wconf 74' lang='lat' dir='ltr'>humanae</span> 
     </span>
     <span class='ocr_line' id='line_1_5' title="bbox 190 395 1562 456; baseline -0.008 -12"><span class='ocrx_word' id='word_1_25' title='bbox 190 419 269 456; x_wconf 88' lang='lat' dir='ltr'>qua</span> <span class='ocrx_word' id='word_1_26' title='bbox 313 406 368 443; x_wconf 87' lang='lat' dir='ltr'>sic</span> <span class='ocrx_word' id='word_1_27' title='bbox 409 403 587 442; x_wconf 86' lang='lat' dir='ltr'>extranei</span> <span class='ocrx_word' id='word_1_28' title='bbox 627 413 784 451; x_wconf 90' lang='lat' dir='ltr'>quoque</span> <span class='ocrx_word' id='word_1_29' title='bbox 823 399 901 438; x_wconf 87' lang='lat' dir='ltr'>duo</span> <span class='ocrx_word' id='word_1_30' title='bbox 946 399 1136 450; x_wconf 83' lang='lat' dir='ltr'>languere</span> <span class='ocrx_word' id='word_1_31' title='bbox 1180 395 1416 447; x_wconf 82' lang='lat' dir='ltr'>potuissent.</span> <span class='ocrx_word' id='word_1_32' title='bbox 1480 407 1562 434; x_wconf 87' lang='lat' dir='ltr'>non</span> 
     </span>
     <span class='ocr_line' id='line_1_6' title="bbox 189 456 1616 518; baseline -0.008 -13"><span class='ocrx_word' id='word_1_33' title='bbox 189 466 419 518; x_wconf 85' lang='lat' dir='ltr'>negaverim</span> <span class='ocrx_word' id='word_1_34' title='bbox 456 463 694 510; x_wconf 72' lang='lat' dir='ltr'>terribilem,</span> <span class='ocrx_word' id='word_1_35' title='bbox 736 473 900 512; x_wconf 83' lang='lat' dir='ltr'>gravem</span> <span class='ocrx_word' id='word_1_36' title='bbox 941 461 982 498; x_wconf 91' lang='lat' dir='ltr'>et</span> <span class='ocrx_word' id='word_1_37' title='bbox 1021 456 1258 509; x_wconf 84' lang='lat' dir='ltr'>parentibus</span> <span class='ocrx_word' id='word_1_38' title='bbox 1298 457 1440 507; x_wconf 89' lang='lat' dir='ltr'>utique</span> <span class='ocrx_word' id='word_1_39' title='bbox 1480 468 1560 495; x_wconf 91' lang='lat' dir='ltr'>me·</span> <span class='ocrx_word' id='word_1_40' title='bbox 1601 468 1616 495; x_wconf 82' lang='lat'><strong>5</strong></span> 
     </span>
     <span class='ocr_line' id='line_1_7' title="bbox 189 516 1563 573; baseline -0.007 -8"><span class='ocrx_word' id='word_1_41' title='bbox 189 525 399 573; x_wconf 88' lang='lat' dir='ltr'>tuendum,</span> <span class='ocrx_word' id='word_1_42' title='bbox 437 524 484 563; x_wconf 91' lang='lat' dir='ltr'>de</span> <span class='ocrx_word' id='word_1_43' title='bbox 523 524 634 562; x_wconf 85' lang='lat' dir='ltr'>cuius</span> <span class='ocrx_word' id='word_1_44' title='bbox 672 523 808 560; x_wconf 87' lang='lat' dir='ltr'>tamen</span> <span class='ocrx_word' id='word_1_45' title='bbox 847 520 996 568; x_wconf 82' lang='lat' dir='ltr'>adhue,</span> <span class='ocrx_word' id='word_1_46' title='bbox 1034 520 1080 557; x_wconf 91' lang='lat' dir='ltr'>ut</span> <span class='ocrx_word' id='word_1_47' title='bbox 1110 518 1345 568; x_wconf 75' lang='lat' dir='ltr'>parcissime</span> <span class='ocrx_word' id='word_1_48' title='bbox 1382 516 1563 565; x_wconf 80' lang='lat' dir='ltr'>dixerim,</span> 
     </span>
     <span class='ocr_line' id='line_1_8' title="bbox 189 577 1564 634; baseline -0.007 -9"><span class='ocrx_word' id='word_1_49' title='bbox 189 585 363 626; x_wconf 88' lang='lat' dir='ltr'>remedio</span> <span class='ocrx_word' id='word_1_50' title='bbox 404 584 671 634; x_wconf 88' lang='lat' dir='ltr'>quaereretur.</span> <span class='ocrx_word' id='word_1_51' title='bbox 736 581 832 632; x_wconf 91' lang='lat' dir='ltr'>quid</span> <span class='ocrx_word' id='word_1_52' title='bbox 863 581 987 620; x_wconf 85' lang='lat' dir='ltr'>refert</span> <span class='ocrx_word' id='word_1_53' title='bbox 1025 593 1077 618; x_wconf 88' lang='lat' dir='ltr'>an</span> <span class='ocrx_word' id='word_1_54' title='bbox 1108 578 1254 618; x_wconf 87' lang='lat' dir='ltr'>medici</span> <span class='ocrx_word' id='word_1_55' title='bbox 1291 577 1564 617; x_wconf 83' lang='lat' dir='ltr'>consenserint</span> 
     </span>
     <span class='ocr_line' id='line_1_9' title="bbox 190 635 1564 695; baseline -0.007 -10"><span class='ocrx_word' id='word_1_56' title='bbox 190 649 404 695; x_wconf 89' lang='lat' dir='ltr'>utrumque</span> <span class='ocrx_word' id='word_1_57' title='bbox 424 645 660 694; x_wconf 87' lang='lat' dir='ltr'>periturum,</span> <span class='ocrx_word' id='word_1_58' title='bbox 681 655 770 681; x_wconf 91' lang='lat' dir='ltr'>cum</span> <span class='ocrx_word' id='word_1_59' title='bbox 798 641 967 681; x_wconf 89' lang='lat' dir='ltr'>eundem</span> <span class='ocrx_word' id='word_1_60' title='bbox 993 640 1168 679; x_wconf 74' lang='lat' dir='ltr'>dixerint</span> <span class='ocrx_word' id='word_1_61' title='bbox 1190 652 1275 679; x_wconf 89' lang='lat' dir='ltr'>esse</span> <span class='ocrx_word' id='word_1_62' title='bbox 1299 635 1564 690; x_wconf 75' lang='lat' dir='ltr'>languorem?</span> 
     </span>
     <span class='ocr_line' id='line_1_10' title="bbox 190 697 1565 753; baseline -0.007 -7"><span class='ocrx_word' id='word_1_63' title='bbox 190 707 450 746; x_wconf 85' lang='lat' dir='ltr'>manifestum</span> <span class='ocrx_word' id='word_1_64' title='bbox 487 706 563 753; x_wconf 87' lang='lat' dir='ltr'>est,</span> <span class='ocrx_word' id='word_1_65' title='bbox 602 704 650 742; x_wconf 90' lang='lat' dir='ltr'>de</span> <span class='ocrx_word' id='word_1_66' title='bbox 689 703 842 742; x_wconf 91' lang='lat' dir='ltr'>duobus</span> <span class='ocrx_word' id='word_1_67' title='bbox 882 715 962 740; x_wconf 90' lang='lat' dir='ltr'>non</span> <span class='ocrx_word' id='word_1_68' title='bbox 1000 701 1146 740; x_wconf 75' lang='lat' dir='ltr'>dixisse</span> <span class='ocrx_word' id='word_1_69' title='bbox 1184 713 1342 749; x_wconf 79' lang='lat' dir='ltr'>verum,</span> <span class='ocrx_word' id='word_1_70' title='bbox 1378 711 1478 750; x_wconf 84' lang='lat' dir='ltr'>quos</span> <span class='ocrx_word' id='word_1_71' title='bbox 1517 697 1565 737; x_wconf 88' lang='lat' dir='ltr'>de</span> 
     </span>
     <span class='ocr_line' id='line_1_11' title="bbox 192 759 1622 811; baseline -0.005 -5"><span class='ocrx_word' id='word_1_72' title='bbox 192 768 319 807; x_wconf 91' lang='lat' dir='ltr'>altero</span> <span class='ocrx_word' id='word_1_73' title='bbox 351 766 509 805; x_wconf 87' lang='lat' dir='ltr'>constat</span> <span class='ocrx_word' id='word_1_74' title='bbox 541 777 624 803; x_wconf 88' lang='lat' dir='ltr'>esse</span> <span class='ocrx_word' id='word_1_75' title='bbox 656 764 858 802; x_wconf 88' lang='lat' dir='ltr'>mentitos.</span> <span class='ocrx_word' id='word_1_76' title='bbox 909 763 992 801; x_wconf 89' lang='lat' dir='ltr'>iam</span> <span class='ocrx_word' id='word_1_77' title='bbox 1023 763 1171 811; x_wconf 88' lang='lat' dir='ltr'>tamen,</span> <span class='ocrx_word' id='word_1_78' title='bbox 1203 760 1370 809; x_wconf 74' lang='lat' dir='ltr'>iudices,</span> <span class='ocrx_word' id='word_1_79' title='bbox 1400 759 1448 799; x_wconf 89' lang='lat' dir='ltr'>de</span> <span class='ocrx_word' id='word_1_80' title='bbox 1479 759 1567 799; x_wconf 81' lang='lat' dir='ltr'>tam</span> <span class='ocrx_word' id='word_1_81' title='bbox 1586 772 1622 800; x_wconf 80' lang='grc' dir='ltr'>ιο</span> 
     </span>
     <span class='ocr_line' id='line_1_12' title="bbox 191 821 1566 879; baseline -0.005 -13"><span class='ocrx_word' id='word_1_82' title='bbox 191 826 350 879; x_wconf 89' lang='lat' dir='ltr'>perdita</span> <span class='ocrx_word' id='word_1_83' title='bbox 386 826 714 876; x_wconf 72' lang='lat' dir='ltr'>pronuntiatione</span> <span class='ocrx_word' id='word_1_84' title='bbox 752 837 832 863; x_wconf 87' lang='lat' dir='ltr'>non</span> <span class='ocrx_word' id='word_1_85' title='bbox 878 824 1085 873; x_wconf 86' lang='lat' dir='ltr'>querimur</span> <span class='ocrx_word' id='word_1_86' title='bbox 1128 821 1238 873; x_wconf 88' lang='lat' dir='ltr'>quod</span> <span class='ocrx_word' id='word_1_87' title='bbox 1280 832 1421 873; x_wconf 85' lang='lat' dir='ltr'>aegros</span> <span class='ocrx_word' id='word_1_88' title='bbox 1466 831 1566 871; x_wconf 78' lang='lat' dir='ltr'>quos</span> 
     </span>
     <span class='ocr_line' id='line_1_13' title="bbox 193 880 1567 936; baseline -0.007 -9"><span class='ocrx_word' id='word_1_89' title='bbox 193 888 269 927; x_wconf 89' lang='lat' dir='ltr'>sibi</span> <span class='ocrx_word' id='word_1_90' title='bbox 295 886 534 926; x_wconf 85' lang='lat' dir='ltr'>videbantur</span> <span class='ocrx_word' id='word_1_91' title='bbox 559 886 757 936; x_wconf 85' lang='lat' dir='ltr'>explicare</span> <span class='ocrx_word' id='word_1_92' title='bbox 784 897 864 923; x_wconf 90' lang='lat' dir='ltr'>non</span> <span class='ocrx_word' id='word_1_93' title='bbox 890 896 1019 934; x_wconf 89' lang='lat' dir='ltr'>posse,</span> <span class='ocrx_word' id='word_1_94' title='bbox 1043 881 1279 934; x_wconf 88' lang='lat' dir='ltr'>parentibus</span> <span class='ocrx_word' id='word_1_95' title='bbox 1300 880 1567 921; x_wconf 82' lang='lat' dir='ltr'>crediderunt.</span> 
     </span>
     <span class='ocr_line' id='line_1_14' title="bbox 194 942 1569 996; baseline -0.005 -9"><span class='ocrx_word' id='word_1_96' title='bbox 194 948 444 987; x_wconf 83' lang='lat' dir='ltr'>innocentior</span> <span class='ocrx_word' id='word_1_97' title='bbox 476 948 535 985; x_wconf 88' lang='lat' dir='ltr'>est</span> <span class='ocrx_word' id='word_1_98' title='bbox 573 946 811 996; x_wconf 88' lang='lat' dir='ltr'>simplicitas</span> <span class='ocrx_word' id='word_1_99' title='bbox 844 944 1072 994; x_wconf 87' lang='lat' dir='ltr'>desperare,</span> <span class='ocrx_word' id='word_1_100' title='bbox 1113 944 1147 982; x_wconf 91' lang='lat' dir='ltr'>si</span> <span class='ocrx_word' id='word_1_101' title='bbox 1178 942 1357 982; x_wconf 86' lang='lat' dir='ltr'>remedia</span> <span class='ocrx_word' id='word_1_102' title='bbox 1387 954 1469 981; x_wconf 89' lang='lat' dir='ltr'>non</span> <span class='ocrx_word' id='word_1_103' title='bbox 1499 953 1569 980; x_wconf 91' lang='lat' dir='ltr'>no-</span> 
     </span>
     <span class='ocr_line' id='line_1_15' title="bbox 194 1003 1570 1059; baseline -0.004 -12"><span class='ocrx_word' id='word_1_104' title='bbox 194 1008 310 1058; x_wconf 89' lang='lat' dir='ltr'>veris,</span> <span class='ocrx_word' id='word_1_105' title='bbox 343 1009 383 1046; x_wconf 90' lang='lat' dir='ltr'>et</span> <span class='ocrx_word' id='word_1_106' title='bbox 413 1008 515 1046; x_wconf 87' lang='lat' dir='ltr'>hanc</span> <span class='ocrx_word' id='word_1_107' title='bbox 546 1007 799 1059; x_wconf 80' lang='lat' dir='ltr'>ignorantiae</span> <span class='ocrx_word' id='word_1_108' title='bbox 825 1006 932 1044; x_wconf 89' lang='lat' dir='ltr'>malo</span> <span class='ocrx_word' id='word_1_109' title='bbox 965 1004 1222 1056; x_wconf 78' lang='lat' dir='ltr'>probitatem,</span> <span class='ocrx_word' id='word_1_110' title='bbox 1255 1004 1302 1042; x_wconf 89' lang='lat' dir='ltr'>ut</span> <span class='ocrx_word' id='word_1_111' title='bbox 1332 1003 1570 1055; x_wconf 79' lang='lat' dir='ltr'>languorem</span> 
     </span>
     <span class='ocr_line' id='line_1_16' title="bbox 195 1064 1625 1120; baseline -0.003 -13"><span class='ocrx_word' id='word_1_112' title='bbox 195 1082 314 1120; x_wconf 88' lang='lat' dir='ltr'>quem</span> <span class='ocrx_word' id='word_1_113' title='bbox 344 1069 508 1117; x_wconf 85' lang='lat' dir='ltr'>nescias,</span> <span class='ocrx_word' id='word_1_114' title='bbox 539 1068 701 1106; x_wconf 87' lang='lat' dir='ltr'>tantum</span> <span class='ocrx_word' id='word_1_115' title='bbox 731 1078 850 1118; x_wconf 85' lang='lat' dir='ltr'>neges</span> <span class='ocrx_word' id='word_1_116' title='bbox 882 1078 998 1116; x_wconf 88' lang='lat' dir='ltr'>posse</span> <span class='ocrx_word' id='word_1_117' title='bbox 1031 1065 1176 1105; x_wconf 86' lang='lat' dir='ltr'>sanari.</span> <span class='ocrx_word' id='word_1_118' title='bbox 1234 1064 1401 1103; x_wconf 85' lang='lat' dir='ltr'>maximi</span> <span class='ocrx_word' id='word_1_119' title='bbox 1431 1064 1570 1102; x_wconf 83' lang='lat' dir='ltr'>tamen</span> <span class='ocrx_word' id='word_1_120' title='bbox 1591 1074 1625 1103; x_wconf 84' lang='lat'>15</span> 
     </span>
     <span class='ocr_line' id='line_1_17' title="bbox 195 1123 1570 1178; baseline -0.004 -10"><span class='ocrx_word' id='word_1_121' title='bbox 195 1131 374 1168; x_wconf 87' lang='lat' dir='ltr'>virorum</span> <span class='ocrx_word' id='word_1_122' title='bbox 406 1130 446 1167; x_wconf 88' lang='lat' dir='ltr'>et</span> <span class='ocrx_word' id='word_1_123' title='bbox 478 1128 620 1178; x_wconf 90' lang='lat' dir='ltr'>quibus</span> <span class='ocrx_word' id='word_1_124' title='bbox 654 1128 751 1167; x_wconf 90' lang='lat' dir='ltr'>artis</span> <span class='ocrx_word' id='word_1_125' title='bbox 778 1139 871 1166; x_wconf 90' lang='lat' dir='ltr'>suae</span> <span class='ocrx_word' id='word_1_126' title='bbox 905 1126 1095 1166; x_wconf 84' lang='lat' dir='ltr'>solvendo</span> <span class='ocrx_word' id='word_1_127' title='bbox 1127 1137 1208 1164; x_wconf 91' lang='lat' dir='ltr'>non</span> <span class='ocrx_word' id='word_1_128' title='bbox 1240 1124 1294 1163; x_wconf 88' lang='lat' dir='ltr'>sit</span> <span class='ocrx_word' id='word_1_129' title='bbox 1325 1123 1570 1172; x_wconf 79' lang='lat' dir='ltr'>humanitas,</span> 
     </span>
     <span class='ocr_line' id='line_1_18' title="bbox 198 1184 1572 1240; baseline -0.004 -12"><span class='ocrx_word' id='word_1_130' title='bbox 198 1191 232 1228; x_wconf 90' lang='lat' dir='ltr'>si</span> <span class='ocrx_word' id='word_1_131' title='bbox 263 1189 440 1228; x_wconf 76' lang='lat' dir='ltr'>sciebant</span> <span class='ocrx_word' id='word_1_132' title='bbox 470 1189 544 1227; x_wconf 89' lang='lat' dir='ltr'>hoc</span> <span class='ocrx_word' id='word_1_133' title='bbox 576 1200 699 1240; x_wconf 85' lang='lat' dir='ltr'>genus</span> <span class='ocrx_word' id='word_1_134' title='bbox 731 1187 950 1227; x_wconf 78' lang='lat' dir='ltr'>curationis</span> <span class='ocrx_word' id='word_1_135' title='bbox 984 1188 1023 1226; x_wconf 90' lang='lat' dir='ltr'>et</span> <span class='ocrx_word' id='word_1_136' title='bbox 1054 1186 1157 1225; x_wconf 89' lang='lat' dir='ltr'>illud</span> <span class='ocrx_word' id='word_1_137' title='bbox 1185 1198 1267 1224; x_wconf 89' lang='lat' dir='ltr'>non</span> <span class='ocrx_word' id='word_1_138' title='bbox 1298 1184 1476 1224; x_wconf 86' lang='lat' dir='ltr'>indicare</span> <span class='ocrx_word' id='word_1_139' title='bbox 1501 1195 1572 1222; x_wconf 83' lang='lat' dir='ltr'>vo-</span> 
     </span>
    </p>

    <p class='ocr_par' dir='ltr' id='par_1_3' title="bbox 150 1244 1632 1783">
     <span class='ocr_line' id='line_1_19' title="bbox 150 1244 1573 1298; baseline -0.002 -12"><span class='ocrx_word' id='word_1_140' title='bbox 150 1250 175 1286; x_wconf 82' lang='lat'>4</span> <span class='ocrx_word' id='word_1_141' title='bbox 200 1251 370 1289; x_wconf 89' lang='lat' dir='ltr'>luerunt.</span> <span class='ocrx_word' id='word_1_142' title='bbox 416 1249 550 1298; x_wconf 83' lang='lat' dir='ltr'>vultis,</span> <span class='ocrx_word' id='word_1_143' title='bbox 570 1250 616 1287; x_wconf 89' lang='lat' dir='ltr'>ut</span> <span class='ocrx_word' id='word_1_144' title='bbox 634 1248 725 1287; x_wconf 78' lang='lat' dir='ltr'>illos</span> <span class='ocrx_word' id='word_1_145' title='bbox 745 1248 936 1287; x_wconf 88' lang='lat' dir='ltr'>mentitos</span> <span class='ocrx_word' id='word_1_146' title='bbox 956 1247 1131 1286; x_wconf 85' lang='lat' dir='ltr'>breviter</span> <span class='ocrx_word' id='word_1_147' title='bbox 1150 1244 1344 1297; x_wconf 74' lang='lat' dir='ltr'>probem?</span> <span class='ocrx_word' id='word_1_148' title='bbox 1388 1244 1573 1296; x_wconf 77' lang='lat' dir='ltr'>despera-</span> 
     </span>
     <span class='ocr_line' id='line_1_20' title="bbox 198 1304 1572 1361; baseline -0.003 -13"><span class='ocrx_word' id='word_1_149' title='bbox 198 1311 342 1349; x_wconf 81' lang='lat' dir='ltr'>verunt</span> <span class='ocrx_word' id='word_1_150' title='bbox 367 1309 414 1348; x_wconf 92' lang='lat' dir='ltr'>de</span> <span class='ocrx_word' id='word_1_151' title='bbox 440 1310 632 1361; x_wconf 86' lang='lat' dir='ltr'>languore</span> <span class='ocrx_word' id='word_1_152' title='bbox 658 1310 770 1348; x_wconf 90' lang='lat' dir='ltr'>cuius</span> <span class='ocrx_word' id='word_1_153' title='bbox 796 1308 1028 1358; x_wconf 86' lang='lat' dir='ltr'>remedium,</span> <span class='ocrx_word' id='word_1_154' title='bbox 1060 1309 1095 1347; x_wconf 91' lang='lat' dir='ltr'>si</span> <span class='ocrx_word' id='word_1_155' title='bbox 1125 1308 1235 1358; x_wconf 85' lang='lat' dir='ltr'>patri</span> <span class='ocrx_word' id='word_1_156' title='bbox 1260 1305 1436 1356; x_wconf 79' lang='lat' dir='ltr'>creditis,</span> <span class='ocrx_word' id='word_1_157' title='bbox 1469 1304 1572 1344; x_wconf 73' lang='lat' dir='ltr'>alius</span> 
     </span>
     <span class='ocr_line' id='line_1_21' title="bbox 198 1365 1630 1419; baseline -0.002 -10"><span class='ocrx_word' id='word_1_158' title='bbox 198 1371 364 1409; x_wconf 85' lang='lat' dir='ltr'>invenit.</span> <span class='ocrx_word' id='word_1_159' title='bbox 426 1371 508 1409; x_wconf 88' lang='lat' dir='ltr'>sive</span> <span class='ocrx_word' id='word_1_160' title='bbox 542 1369 666 1419; x_wconf 90' lang='lat' dir='ltr'>enim,</span> <span class='ocrx_word' id='word_1_161' title='bbox 697 1369 868 1418; x_wconf 88' lang='lat' dir='ltr'>iudices,</span> <span class='ocrx_word' id='word_1_162' title='bbox 899 1369 1141 1408; x_wconf 85' lang='lat' dir='ltr'>vanissimus</span> <span class='ocrx_word' id='word_1_163' title='bbox 1174 1368 1440 1407; x_wconf 86' lang='lat' dir='ltr'>nescientium</span> <span class='ocrx_word' id='word_1_164' title='bbox 1469 1365 1575 1406; x_wconf 82' lang='lat' dir='ltr'>vidit</span> <span class='ocrx_word' id='word_1_165' title='bbox 1595 1379 1630 1406; x_wconf 75' lang='lat'>20</span> 
     </span>
     <span class='ocr_line' id='line_1_22' title="bbox 198 1428 1574 1481; baseline -0.002 -12"><span class='ocrx_word' id='word_1_166' title='bbox 198 1433 301 1470; x_wconf 88' lang='lat' dir='ltr'>hanc</span> <span class='ocrx_word' id='word_1_167' title='bbox 332 1431 460 1481; x_wconf 90' lang='lat' dir='ltr'>patris</span> <span class='ocrx_word' id='word_1_168' title='bbox 491 1431 534 1468; x_wconf 90' lang='lat' dir='ltr'>in</span> <span class='ocrx_word' id='word_1_169' title='bbox 564 1429 741 1480; x_wconf 86' lang='lat' dir='ltr'>periculo</span> <span class='ocrx_word' id='word_1_170' title='bbox 774 1430 992 1469; x_wconf 89' lang='lat' dir='ltr'>liberorum</span> <span class='ocrx_word' id='word_1_171' title='bbox 1017 1429 1193 1481; x_wconf 84' lang='lat' dir='ltr'>rigidam</span> <span class='ocrx_word' id='word_1_172' title='bbox 1223 1428 1472 1477; x_wconf 82' lang='lat' dir='ltr'>nimiamque</span> <span class='ocrx_word' id='word_1_173' title='bbox 1502 1439 1574 1477; x_wconf 80' lang='lat' dir='ltr'>pa-</span> 
     </span>
     <span class='ocr_line' id='line_1_23' title="bbox 199 1486 1574 1542; baseline -0.002 -13"><span class='ocrx_word' id='word_1_174' title='bbox 199 1491 384 1530; x_wconf 87' lang='lat' dir='ltr'>tientiam</span> <span class='ocrx_word' id='word_1_175' title='bbox 422 1492 462 1530; x_wconf 88' lang='lat' dir='ltr'>et</span> <span class='ocrx_word' id='word_1_176' title='bbox 497 1491 699 1529; x_wconf 88' lang='lat' dir='ltr'>hominem</span> <span class='ocrx_word' id='word_1_177' title='bbox 738 1491 779 1529; x_wconf 87' lang='lat' dir='ltr'>in</span> <span class='ocrx_word' id='word_1_178' title='bbox 818 1490 992 1529; x_wconf 87' lang='lat' dir='ltr'>filiorum</span> <span class='ocrx_word' id='word_1_179' title='bbox 1035 1491 1230 1542; x_wconf 87' lang='lat' dir='ltr'>languore</span> <span class='ocrx_word' id='word_1_180' title='bbox 1269 1488 1489 1528; x_wconf 85' lang='lat' dir='ltr'>sollicitum</span> <span class='ocrx_word' id='word_1_181' title='bbox 1526 1486 1574 1526; x_wconf 86' lang='lat' dir='ltr'>de</span> 
     </span>
     <span class='ocr_line' id='line_1_24' title="bbox 201 1549 1575 1603; baseline -0.002 -13"><span class='ocrx_word' id='word_1_182' title='bbox 201 1551 375 1590; x_wconf 87' lang='lat' dir='ltr'>remedio</span> <span class='ocrx_word' id='word_1_183' title='bbox 402 1551 556 1603; x_wconf 86' lang='lat' dir='ltr'>generis</span> <span class='ocrx_word' id='word_1_184' title='bbox 588 1551 766 1600; x_wconf 87' lang='lat' dir='ltr'>humani,</span> <span class='ocrx_word' id='word_1_185' title='bbox 798 1553 882 1590; x_wconf 87' lang='lat' dir='ltr'>sive</span> <span class='ocrx_word' id='word_1_186' title='bbox 908 1551 1090 1601; x_wconf 85' lang='lat' dir='ltr'>captavit</span> <span class='ocrx_word' id='word_1_187' title='bbox 1122 1563 1169 1588; x_wconf 84' lang='lat' dir='ltr'>ex</span> <span class='ocrx_word' id='word_1_188' title='bbox 1199 1550 1275 1589; x_wconf 87' lang='lat' dir='ltr'>hoc</span> <span class='ocrx_word' id='word_1_189' title='bbox 1300 1549 1418 1588; x_wconf 84' lang='lat' dir='ltr'>vultu</span> <span class='ocrx_word' id='word_1_190' title='bbox 1450 1561 1575 1599; x_wconf 83' lang='lat' dir='ltr'>quan-</span> 
     </span>
     <span class='ocr_line' id='line_1_25' title="bbox 202 1609 1577 1662; baseline -0.003 -12"><span class='ocrx_word' id='word_1_191' title='bbox 202 1612 295 1650; x_wconf 87' lang='lat' dir='ltr'>dam</span> <span class='ocrx_word' id='word_1_192' title='bbox 328 1612 424 1650; x_wconf 88' lang='lat' dir='ltr'>artis</span> <span class='ocrx_word' id='word_1_193' title='bbox 456 1612 674 1662; x_wconf 85' lang='lat' dir='ltr'>imaginem</span> <span class='ocrx_word' id='word_1_194' title='bbox 706 1612 877 1661; x_wconf 89' lang='lat' dir='ltr'>imitari,</span> <span class='ocrx_word' id='word_1_195' title='bbox 918 1611 1024 1662; x_wconf 89' lang='lat' dir='ltr'>quod</span> <span class='ocrx_word' id='word_1_196' title='bbox 1056 1623 1198 1650; x_wconf 89' lang='lat' dir='ltr'>sanare</span> <span class='ocrx_word' id='word_1_197' title='bbox 1230 1623 1311 1650; x_wconf 87' lang='lat' dir='ltr'>non</span> <span class='ocrx_word' id='word_1_198' title='bbox 1342 1609 1505 1660; x_wconf 84' lang='lat' dir='ltr'>poterat</span> <span class='ocrx_word' id='word_1_199' title='bbox 1537 1609 1577 1647; x_wconf 91' lang='lat' dir='ltr'>et</span> 
     </span>
     <span class='ocr_line' id='line_1_26' title="bbox 202 1668 1632 1723; baseline 0.001 -14"><span class='ocrx_word' id='word_1_200' title='bbox 202 1673 454 1723; x_wconf 85' lang='lat' dir='ltr'>ignorantiae</span> <span class='ocrx_word' id='word_1_201' title='bbox 485 1672 680 1722; x_wconf 85' lang='lat' dir='ltr'>pudorem</span> <span class='ocrx_word' id='word_1_202' title='bbox 704 1673 839 1723; x_wconf 88' lang='lat' dir='ltr'>tegere</span> <span class='ocrx_word' id='word_1_203' title='bbox 864 1685 1011 1723; x_wconf 88' lang='lat' dir='ltr'>magno</span> <span class='ocrx_word' id='word_1_204' title='bbox 1036 1672 1256 1722; x_wconf 86' lang='lat' dir='ltr'>temptavit</span> <span class='ocrx_word' id='word_1_205' title='bbox 1280 1670 1447 1719; x_wconf 85' lang='lat' dir='ltr'>incerto,</span> <span class='ocrx_word' id='word_1_206' title='bbox 1479 1668 1577 1718; x_wconf 80' lang='lat' dir='ltr'>sive,</span> <span class='ocrx_word' id='word_1_207' title='bbox 1597 1683 1632 1710; x_wconf 70' lang='lat'>25</span> 
     </span>
     <span class='ocr_line' id='line_1_27' title="bbox 205 1729 1577 1783; baseline -0.001 -13"><span class='ocrx_word' id='word_1_208' title='bbox 205 1734 250 1770; x_wconf 92' lang='lat' dir='ltr'>ut</span> <span class='ocrx_word' id='word_1_209' title='bbox 276 1732 386 1770; x_wconf 83' lang='lat' dir='ltr'>aliud</span> <span class='ocrx_word' id='word_1_210' title='bbox 410 1731 614 1771; x_wconf 82' lang='lat' dir='ltr'>videretur</span> <span class='ocrx_word' id='word_1_211' title='bbox 639 1732 784 1771; x_wconf 86' lang='lat' dir='ltr'>dixisse</span> <span class='ocrx_word' id='word_1_212' title='bbox 809 1745 930 1782; x_wconf 89' lang='lat' dir='ltr'>quam</span> <span class='ocrx_word' id='word_1_213' title='bbox 955 1733 1114 1783; x_wconf 84' lang='lat' dir='ltr'>reliqui,</span> <span class='ocrx_word' id='word_1_214' title='bbox 1139 1731 1263 1771; x_wconf 86' lang='lat' dir='ltr'>verba</span> <span class='ocrx_word' id='word_1_215' title='bbox 1287 1729 1577 1781; x_wconf 84' lang='lat' dir='ltr'>desperationis</span> 
     </span>
    </p>
   </div>
   <div class='ocr_carea' id='block_1_3' title="bbox 207 1801 414 1807">
    <p class='ocr_par' dir='ltr' id='par_1_4' title="bbox 207 1801 414 1807">
     <span class='ocr_line' id='line_1_28' title="bbox 207 1801 414 1807; baseline 0 0"><span class='ocrx_word' id='word_1_216' title='bbox 207 1801 414 1807; x_wconf 95' lang='lat' dir='ltr'> </span> 
     </span>
    </p>
   </div>
   <div class='ocr_carea' id='block_1_4' title="bbox 208 1835 1581 1977">
    <p class='ocr_par' dir='ltr' id='par_1_5' title="bbox 208 1835 1581 1977">
     <span class='ocr_line' id='line_1_29' title="bbox 305 1835 1507 1879; baseline -0.002 -9"><span class='ocrx_word' id='word_1_217' title='bbox 305 1840 321 1870; x_wconf 92' lang='lat'>1</span> <span class='ocrx_word' id='word_1_218' title='bbox 348 1835 475 1870; x_wconf 86' lang='lat' dir='ltr'>miseri</span> <span class='ocrx_word' id='word_1_219' title='bbox 501 1845 520 1877; x_wconf 70' lang='grc' dir='ltr'><strong><em>β</em></strong></span> <span class='ocrx_word' id='word_1_220' title='bbox 594 1839 613 1870; x_wconf 84' lang='grc'>2</span> <span class='ocrx_word' id='word_1_221' title='bbox 644 1847 719 1870; x_wconf 91' lang='lat' dir='ltr'>non</span> <span class='ocrx_word' id='word_1_222' title='bbox 744 1835 1000 1871; x_wconf 84' lang='lat' dir='ltr'>fraternitate:</span> <span class='ocrx_word' id='word_1_223' title='bbox 1027 1835 1249 1871; x_wconf 87' lang='lat' dir='ltr'>infirmitate</span> <span class='ocrx_word' id='word_1_224' title='bbox 1275 1840 1326 1879; x_wconf 80' lang='grc' dir='ltr'>Μ,</span> <span class='ocrx_word' id='word_1_225' title='bbox 1352 1844 1444 1871; x_wconf 76' lang='lat' dir='ltr'>corr.</span> <span class='ocrx_word' id='word_1_226' title='bbox 1464 1847 1507 1868; x_wconf 75' lang='lat' dir='ltr'>m</span> 
     </span>
     <span class='ocr_line' id='line_1_30' title="bbox 208 1883 1511 1930; baseline -0.003 -10"><span class='ocrx_word' id='word_1_227' title='bbox 208 1888 230 1920; x_wconf 87' lang='lat'>4</span> <span class='ocrx_word' id='word_1_228' title='bbox 257 1894 331 1929; x_wconf 88' lang='lat' dir='ltr'>qua</span> <span class='ocrx_word' id='word_1_229' title='bbox 358 1883 427 1919; x_wconf 87' lang='lat' dir='ltr'>sic:</span> <span class='ocrx_word' id='word_1_230' title='bbox 455 1883 563 1928; x_wconf 81' lang='lat' dir='ltr'>quasi</span> <span class='ocrx_word' id='word_1_231' title='bbox 589 1890 626 1918; x_wconf 81' lang='grc' dir='ltr'><strong><em>Β</em></strong></span> <span class='ocrx_word' id='word_1_232' title='bbox 717 1887 736 1918; x_wconf 83' lang='grc'>5</span> <span class='ocrx_word' id='word_1_233' title='bbox 764 1895 987 1930; x_wconf 85' lang='lat' dir='ltr'>negaverem</span> <span class='ocrx_word' id='word_1_234' title='bbox 1014 1890 1050 1918; x_wconf 87' lang='grc' dir='ltr'><strong>Ρ</strong></span> <span class='ocrx_word' id='word_1_235' title='bbox 1145 1888 1165 1918; x_wconf 91' lang='grc'>6</span> <span class='ocrx_word' id='word_1_236' title='bbox 1193 1886 1338 1919; x_wconf 84' lang='lat' dir='ltr'>tamen:</span> <span class='ocrx_word' id='word_1_237' title='bbox 1365 1884 1448 1918; x_wconf 87' lang='lat' dir='ltr'>tum</span> <span class='ocrx_word' id='word_1_238' title='bbox 1474 1887 1511 1916; x_wconf 82' lang='grc' dir='ltr'><strong>Ρ</strong></span> 
     </span>
     <span class='ocr_line' id='line_1_31' title="bbox 208 1928 1581 1977; baseline -0.002 -10"><span class='ocrx_word' id='word_1_239' title='bbox 208 1935 252 1967; x_wconf 88' lang='grc'>10</span> <span class='ocrx_word' id='word_1_240' title='bbox 288 1931 456 1966; x_wconf 80' lang='lat' dir='ltr'>mentitis</span> <span class='ocrx_word' id='word_1_241' title='bbox 492 1938 535 1975; x_wconf 82' lang='lat' dir='ltr'>P,</span> <span class='ocrx_word' id='word_1_242' title='bbox 571 1944 662 1968; x_wconf 81' lang='lat' dir='ltr'>corr.</span> <span class='ocrx_word' id='word_1_243' title='bbox 692 1946 719 1972; x_wconf 79' lang='lat' dir='ltr'>p</span> <span class='ocrx_word' id='word_1_244' title='bbox 753 1933 808 1967; x_wconf 79' lang='lat' dir='ltr'>vel</span> <span class='ocrx_word' id='word_1_245' title='bbox 843 1944 942 1968; x_wconf 79' lang='lat' dir='ltr'>mom.</span> <span class='ocrx_word' id='word_1_246' title='bbox 973 1935 995 1968; x_wconf 88' lang='lat'><em>3</em></span> <span class='ocrx_word' id='word_1_247' title='bbox 1121 1936 1163 1967; x_wconf 92' lang='lat'>11</span> <span class='ocrx_word' id='word_1_248' title='bbox 1201 1931 1393 1977; x_wconf 84' lang='lat' dir='ltr'>querimus</span> <span class='ocrx_word' id='word_1_249' title='bbox 1429 1936 1485 1975; x_wconf 75' lang='grc' dir='ltr'>Μ,</span> <span class='ocrx_word' id='word_1_250' title='bbox 1519 1928 1581 1965; x_wconf 78' lang='lat' dir='ltr'>vel</span> 
     </span>
    </p>
   </div>
   <div class='ocr_carea' id='block_1_5' title="bbox 207 1984 1583 2086">
    <p class='ocr_par' dir='ltr' id='par_1_6' title="bbox 207 1984 1583 2086">
     <span class='ocr_line' id='line_1_32' title="bbox 207 1984 1582 2038; baseline -0.001 -11"><span class='ocrx_word' id='word_1_251' title='bbox 207 1992 399 2038; x_wconf 88' lang='lat' dir='ltr'>querimur</span> <span class='ocrx_word' id='word_1_252' title='bbox 423 2003 521 2037; x_wconf 76' lang='lat' dir='ltr'>supr.</span> <span class='ocrx_word' id='word_1_253' title='bbox 542 2006 584 2026; x_wconf 86' lang='lat' dir='ltr'>m</span> <span class='ocrx_word' id='word_1_254' title='bbox 701 1993 819 2037; x_wconf 85' lang='lat' dir='ltr'>quod:</span> <span class='ocrx_word' id='word_1_255' title='bbox 848 1984 929 2037; x_wconf 57' lang='grc' dir='ltr'>(ἶΡ</span> <span class='ocrx_word' id='word_1_256' title='bbox 1043 1997 1087 2028; x_wconf 85' lang='grc'>14</span> <span class='ocrx_word' id='word_1_257' title='bbox 1113 1992 1347 2038; x_wconf 88' lang='lat' dir='ltr'>probitatem</span> <span class='ocrx_word' id='word_1_258' title='bbox 1371 1990 1491 2036; x_wconf 86' lang='lat' dir='ltr'>malo,</span> <span class='ocrx_word' id='word_1_259' title='bbox 1519 1990 1582 2026; x_wconf 80' lang='lat' dir='ltr'>sed</span> 
     </span>
     <span class='ocr_line' id='line_1_33' title="bbox 210 2038 1583 2086; baseline -0.001 -10"><span class='ocrx_word' id='word_1_260' title='bbox 210 2045 350 2086; x_wconf 73' lang='lat' dir='ltr'>transp.</span> <span class='ocrx_word' id='word_1_261' title='bbox 376 2046 405 2073; x_wconf 76' lang='lat' dir='ltr'><em>V</em></span> <span class='ocrx_word' id='word_1_262' title='bbox 514 2040 631 2075; x_wconf 87' lang='lat' dir='ltr'>malo:</span> <span class='ocrx_word' id='word_1_263' title='bbox 660 2052 680 2075; x_wconf 94' lang='lat' dir='ltr'>o</span> <span class='ocrx_word' id='word_1_264' title='bbox 707 2041 749 2075; x_wconf 73' lang='lat' dir='ltr'>in</span> <span class='ocrx_word' id='word_1_265' title='bbox 774 2053 847 2076; x_wconf 77' lang='lat' dir='ltr'>ras.</span> <span class='ocrx_word' id='word_1_266' title='bbox 874 2044 900 2076; x_wconf 76' lang='lat'><em>2</em></span> <span class='ocrx_word' id='word_1_267' title='bbox 924 2042 978 2076; x_wconf 77' lang='lat' dir='ltr'>vel</span> <span class='ocrx_word' id='word_1_268' title='bbox 1005 2044 1027 2076; x_wconf 88' lang='lat'><em>3</em></span> <span class='ocrx_word' id='word_1_269' title='bbox 1053 2043 1121 2077; x_wconf 60' lang='lat' dir='ltr'>litt.</span> <span class='ocrx_word' id='word_1_270' title='bbox 1144 2047 1186 2076; x_wconf 84' lang='lat' dir='ltr'><em>M</em></span> <span class='ocrx_word' id='word_1_271' title='bbox 1307 2043 1352 2075; x_wconf 84' lang='lat'>15</span> <span class='ocrx_word' id='word_1_272' title='bbox 1385 2038 1512 2074; x_wconf 72' lang='lat' dir='ltr'>sanari</span> <span class='ocrx_word' id='word_1_273' title='bbox 1538 2049 1583 2074; x_wconf 71' lang='lat' dir='ltr'>ex</span> 
     </span>
    </p>
   </div>
   <div class='ocr_carea' id='block_1_6' title="bbox 207 2087 1584 2231">
    <p class='ocr_par' dir='ltr' id='par_1_7' title="bbox 207 2087 1584 2231">
     <span class='ocr_line' id='line_1_34' title="bbox 207 2087 1582 2135; baseline 0 -12"><span class='ocrx_word' id='word_1_274' title='bbox 207 2099 264 2123; x_wconf 88' lang='lat' dir='ltr'>-re</span> <span class='ocrx_word' id='word_1_275' title='bbox 290 2095 327 2123; x_wconf 81' lang='grc' dir='ltr'><strong><em>Β</em></strong></span> <span class='ocrx_word' id='word_1_276' title='bbox 398 2090 542 2124; x_wconf 85' lang='lat' dir='ltr'>tamen:</span> <span class='ocrx_word' id='word_1_277' title='bbox 573 2089 654 2123; x_wconf 91' lang='lat' dir='ltr'>tum</span> <span class='ocrx_word' id='word_1_278' title='bbox 680 2095 715 2123; x_wconf 83' lang='lat' dir='ltr'><em>P</em></span> <span class='ocrx_word' id='word_1_279' title='bbox 788 2093 831 2124; x_wconf 89' lang='grc'>16</span> <span class='ocrx_word' id='word_1_280' title='bbox 853 2094 938 2135; x_wconf 74' lang='lat' dir='ltr'>post</span> <span class='ocrx_word' id='word_1_281' title='bbox 964 2100 1054 2125; x_wconf 82' lang='lat' dir='ltr'>suae</span> <span class='ocrx_word' id='word_1_282' title='bbox 1081 2091 1210 2125; x_wconf 75' lang='lat' dir='ltr'>inserit</span> <span class='ocrx_word' id='word_1_283' title='bbox 1242 2089 1428 2124; x_wconf 80' lang='lat' dir='ltr'>secretum</span> <span class='ocrx_word' id='word_1_284' title='bbox 1452 2087 1582 2131; x_wconf 74' lang='lat' dir='ltr'>Dess.;</span> 
     </span>
     <span class='ocr_line' id='line_1_35' title="bbox 209 2134 1584 2183; baseline -0.001 -12"><span class='ocrx_word' id='word_1_285' title='bbox 209 2148 367 2183; x_wconf 88' lang='lat' dir='ltr'>quorum</span> <span class='ocrx_word' id='word_1_286' title='bbox 395 2137 469 2172; x_wconf 89' lang='lat' dir='ltr'>arti</span> <span class='ocrx_word' id='word_1_287' title='bbox 497 2137 560 2172; x_wconf 72' lang='lat' dir='ltr'>Gr.</span> <span class='ocrx_word' id='word_1_288' title='bbox 672 2140 714 2172; x_wconf 78' lang='lat'>17</span> <span class='ocrx_word' id='word_1_289' title='bbox 748 2137 917 2172; x_wconf 80' lang='lat' dir='ltr'>indicare</span> <span class='ocrx_word' id='word_1_290' title='bbox 942 2150 1018 2173; x_wconf 87' lang='lat' dir='ltr'>non</span> <span class='ocrx_word' id='word_1_291' title='bbox 1044 2137 1233 2173; x_wconf 87' lang='lat' dir='ltr'>voluerint</span> <span class='ocrx_word' id='word_1_292' title='bbox 1263 2143 1292 2171; x_wconf 84' lang='lat' dir='ltr'><strong><em>V</em></strong></span> <span class='ocrx_word' id='word_1_293' title='bbox 1383 2134 1584 2171; x_wconf 85' lang='lat' dir='ltr'>voluerunt</span> 
     </span>
     <span class='ocr_line' id='line_1_36' title="bbox 207 2183 1582 2231; baseline -0.001 -11"><span class='ocrx_word' id='word_1_294' title='bbox 207 2184 340 2221; x_wconf 75' lang='lat' dir='ltr'>vultis:</span> <span class='ocrx_word' id='word_1_295' title='bbox 367 2186 438 2219; x_wconf 90' lang='lat' dir='ltr'>unt</span> <span class='ocrx_word' id='word_1_296' title='bbox 460 2184 574 2220; x_wconf 77' lang='lat' dir='ltr'>vultis</span> <span class='ocrx_word' id='word_1_297' title='bbox 600 2187 642 2220; x_wconf 71' lang='lat' dir='ltr'>in</span> <span class='ocrx_word' id='word_1_298' title='bbox 661 2197 733 2221; x_wconf 83' lang='lat' dir='ltr'>ras.</span> <span class='ocrx_word' id='word_1_299' title='bbox 755 2192 792 2220; x_wconf 87' lang='grc' dir='ltr'><em>Β</em></span> <span class='ocrx_word' id='word_1_300' title='bbox 890 2189 933 2221; x_wconf 89' lang='grc'>18</span> <span class='ocrx_word' id='word_1_301' title='bbox 960 2189 1004 2221; x_wconf 90' lang='lat' dir='ltr'>ut</span> <span class='ocrx_word' id='word_1_302' title='bbox 1028 2193 1079 2230; x_wconf 75' lang='lat' dir='ltr'>B3</span> <span class='ocrx_word' id='word_1_303' title='bbox 1107 2188 1145 2221; x_wconf 91' lang='lat' dir='ltr'>et</span> <span class='ocrx_word' id='word_1_304' title='bbox 1169 2186 1305 2231; x_wconf 78' lang='lat' dir='ltr'>reliqui</span> <span class='ocrx_word' id='word_1_305' title='bbox 1401 2183 1582 2219; x_wconf 83' lang='lat' dir='ltr'>breviter:</span> 
     </span>
    </p>
   </div>
   <div class='ocr_carea' id='block_1_7' title="bbox 209 2246 1591 2450">
    <p class='ocr_par' dir='ltr' id='par_1_8' title="bbox 209 2246 1591 2450">
     <span class='ocr_line' id='line_1_37' title="bbox 209 2246 1584 2303; baseline -0.001 -11"><span class='ocrx_word' id='word_1_306' title='bbox 209 2257 397 2303; x_wconf 83' lang='lat' dir='ltr'>presbiter</span> <span class='ocrx_word' id='word_1_307' title='bbox 416 2263 452 2291; x_wconf 80' lang='lat' dir='ltr'><em>P</em></span> <span class='ocrx_word' id='word_1_308' title='bbox 546 2261 590 2292; x_wconf 79' lang='lat'>21</span> <span class='ocrx_word' id='word_1_309' title='bbox 618 2246 737 2303; x_wconf 72' lang='lat' dir='ltr'>patriS</span> <span class='ocrx_word' id='word_1_310' title='bbox 764 2264 808 2301; x_wconf 80' lang='lat' dir='ltr'>B,</span> <span class='ocrx_word' id='word_1_311' title='bbox 836 2270 852 2292; x_wconf 85' lang='lat' dir='ltr'>s</span> <span class='ocrx_word' id='word_1_312' title='bbox 879 2258 965 2293; x_wconf 80' lang='lat' dir='ltr'>add.</span> <span class='ocrx_word' id='word_1_313' title='bbox 987 2265 1010 2292; x_wconf 69' lang='grc' dir='ltr'>ὁ</span> <span class='ocrx_word' id='word_1_314' title='bbox 1088 2258 1274 2294; x_wconf 87' lang='lat' dir='ltr'>librorum</span> <span class='ocrx_word' id='word_1_315' title='bbox 1298 2263 1335 2293; x_wconf 85' lang='grc' dir='ltr'><strong>Ρ</strong></span> <span class='ocrx_word' id='word_1_316' title='bbox 1430 2260 1476 2291; x_wconf 82' lang='lat'>22</span> <span class='ocrx_word' id='word_1_317' title='bbox 1501 2256 1584 2292; x_wconf 80' lang='lat' dir='ltr'>lan-</span> 
     </span>
     <span class='ocr_line' id='line_1_38' title="bbox 210 2304 1585 2352; baseline -0.001 -10"><span class='ocrx_word' id='word_1_318' title='bbox 210 2316 367 2352; x_wconf 86' lang='lat' dir='ltr'>guorem</span> <span class='ocrx_word' id='word_1_319' title='bbox 392 2319 417 2340; x_wconf 84' lang='grc' dir='ltr'><strong>α</strong></span> <span class='ocrx_word' id='word_1_320' title='bbox 491 2309 536 2341; x_wconf 86' lang='grc'>24</span> <span class='ocrx_word' id='word_1_321' title='bbox 561 2306 767 2352; x_wconf 85' lang='lat' dir='ltr'>imaginem</span> <span class='ocrx_word' id='word_1_322' title='bbox 793 2318 859 2342; x_wconf 86' lang='lat' dir='ltr'>om.</span> <span class='ocrx_word' id='word_1_323' title='bbox 875 2313 981 2350; x_wconf 68' lang='grc' dir='ltr'>Βνσς</span> <span class='ocrx_word' id='word_1_324' title='bbox 1008 2307 1234 2342; x_wconf 81' lang='lat' dir='ltr'>industriam</span> <span class='ocrx_word' id='word_1_325' title='bbox 1251 2312 1294 2341; x_wconf 79' lang='lat' dir='ltr'><em>M</em></span> <span class='ocrx_word' id='word_1_326' title='bbox 1299 2321 1307 2351; x_wconf 83' lang='lat'>3</span> <span class='ocrx_word' id='word_1_327' title='bbox 1333 2304 1585 2341; x_wconf 85' lang='lat' dir='ltr'>mutationem</span> 
     </span>
     <span class='ocr_line' id='line_1_39' title="bbox 211 2352 1583 2400; baseline -0.001 -10"><span class='ocrx_word' id='word_1_328' title='bbox 211 2354 265 2390; x_wconf 80' lang='lat' dir='ltr'>vel</span> <span class='ocrx_word' id='word_1_329' title='bbox 285 2353 450 2400; x_wconf 87' lang='lat' dir='ltr'>effigiem</span> <span class='ocrx_word' id='word_1_330' title='bbox 470 2362 491 2388; x_wconf 67' lang='lat'>5⁸</span> <span class='ocrx_word' id='word_1_331' title='bbox 565 2358 609 2389; x_wconf 79' lang='lat'>26</span> <span class='ocrx_word' id='word_1_332' title='bbox 636 2354 841 2390; x_wconf 80' lang='lat' dir='ltr'>videretur:</span> <span class='ocrx_word' id='word_1_333' title='bbox 870 2355 1058 2390; x_wconf 87' lang='lat' dir='ltr'>diceretur</span> <span class='ocrx_word' id='word_1_334' title='bbox 1076 2362 1116 2399; x_wconf 60' lang='grc' dir='ltr'>νς</span> <span class='ocrx_word' id='word_1_335' title='bbox 1142 2367 1213 2400; x_wconf 77' lang='lat' dir='ltr'>quo</span> <span class='ocrx_word' id='word_1_336' title='bbox 1233 2354 1347 2390; x_wconf 80' lang='lat' dir='ltr'>deleto</span> <span class='ocrx_word' id='word_1_337' title='bbox 1365 2365 1466 2399; x_wconf 79' lang='lat' dir='ltr'>supr.</span> <span class='ocrx_word' id='word_1_338' title='bbox 1481 2352 1583 2389; x_wconf 87' lang='lat' dir='ltr'>vide-</span> 
     </span>
     <span class='ocr_line' id='line_1_40' title="bbox 211 2401 1591 2450; baseline -0.001 -12"><span class='ocrx_word' id='word_1_339' title='bbox 211 2403 325 2447; x_wconf 85' lang='lat' dir='ltr'>retur,</span> <span class='ocrx_word' id='word_1_340' title='bbox 350 2401 413 2438; x_wconf 81' lang='lat' dir='ltr'>sed</span> <span class='ocrx_word' id='word_1_341' title='bbox 438 2401 604 2446; x_wconf 71' lang='lat' dir='ltr'>dubium,</span> <span class='ocrx_word' id='word_1_342' title='bbox 630 2414 681 2438; x_wconf 77' lang='lat' dir='ltr'>an</span> <span class='ocrx_word' id='word_1_343' title='bbox 706 2403 829 2439; x_wconf 81' lang='lat' dir='ltr'>eadem</span> <span class='ocrx_word' id='word_1_344' title='bbox 855 2415 989 2439; x_wconf 70' lang='lat' dir='ltr'>manus</span> <span class='ocrx_word' id='word_1_345' title='bbox 1080 2403 1220 2450; x_wconf 60' lang='lat' dir='ltr'>verba}</span> <span class='ocrx_word' id='word_1_346' title='bbox 1246 2404 1282 2450; x_wconf 82' lang='lat' dir='ltr'>(a</span> <span class='ocrx_word' id='word_1_347' title='bbox 1308 2414 1356 2439; x_wconf 81' lang='lat' dir='ltr'>er.</span> <span class='ocrx_word' id='word_1_348' title='bbox 1376 2402 1537 2448; x_wconf 70' lang='lat' dir='ltr'>videtur)</span> <span class='ocrx_word' id='word_1_349' title='bbox 1561 2406 1591 2436; x_wconf 77' lang='lat' dir='ltr'><strong><em>V</em></strong></span> 
     </span>
    </p>
   </div>
  </div>
 </body>
</html>
