1638 2560
222 131 279 174 36
675 126 858 164 cAEcvs
883 125 937 161 IN
962 123 1136 161 numm

221 243 394 284 turbasti
424 245 553 283 totam
586 240 774 281 domum?
812 242 923 280 cuius
961 241 1172 292 privignus
1211 239 1431 290 parricida,
1467 239 1591 278 miser

223 308 284 345 est
314 302 509 343 maritus?
572 316 621 342 en
659 315 746 341 ecce
778 301 970 341 vitalibus
1008 300 1139 352 ruptis
1169 299 1213 339 in
1251 300 1461 351 amplexus
1496 301 1589 339 tuos

223 365 440 404 effunditur
476 376 603 413 cruor,
641 365 680 402 et
716 362 874 414 fugiens
911 374 985 412 per
1013 361 1161 401 vulnus
1199 360 1335 400 anima
1373 361 1460 413 agit
1495 361 1590 400 ante

224 439 264 465 se
296 425 512 475 anhelitus,
550 424 635 476 agit
667 423 802 462 crebra
834 421 1018 472 suspiria.
1081 434 1131 460 en
1161 421 1312 460 iterum
1349 421 1490 473 largus
1519 419 1590 460 ille

225 485 386 537 sanguis
423 485 526 524 circa
564 485 654 523 tuos
692 483 861 522 duratur
899 484 1028 532 artus,
1070 481 1281 534 stringeris
1319 481 1592 538 deficientium
1629 497 1638 523 ε

223 546 354 597 rigore
379 546 657 584 membrorum.
702 556 781 582 non
810 543 993 592 moveris,
1023 555 1106 581 non
1132 542 1374 593 expavescis,
1407 542 1475 582 sed
1500 541 1591 581 dor-

223 606 298 645 mis
330 618 402 657 per
437 606 499 644 tot
530 602 811 644 diversitates?
873 615 954 642 non
984 603 1229 654 relinquitur
1259 603 1359 654 quid
1397 603 1510 642 aliud
1541 603 1592 642 si-

224 666 378 705 mulare
414 666 542 716 possit
579 665 721 704 mulier
752 664 816 703 cui
847 676 1005 703 necesse
1044 666 1105 703 est
1135 665 1249 702 iuxta
1288 676 1381 702 eum
1419 663 1595 704 inveniri

157 727 207 764 19
226 739 342 777 quem
375 725 528 765 occidit.
589 738 670 764 non
708 727 783 775 est,
822 724 992 775 iudices,
1025 723 1132 774 quod
1162 723 1397 763 incredibile
1428 724 1595 775 putetis,

225 788 271 825 ut
303 787 390 836 quis
421 786 597 837 perferat
627 785 861 824 dormientis
893 784 1201 824 simulationem.
1253 784 1357 823 nihil
1382 786 1455 835 est,
1487 783 1595 836 quod
1614 801 1638 826 ιι

226 846 383 886 facilius
413 847 591 885 humana
623 845 821 885 calliditas
859 847 988 896 possit
1017 845 1182 884 imitari.
1245 845 1301 884 sic
1334 845 1499 896 quidam
1530 857 1594 885 ca-

227 906 416 945 daverum
460 919 681 957 expressere
722 907 914 957 pallorem
956 907 997 944 et
1035 908 1174 945 contra
1211 905 1398 956 verbera,
1441 907 1595 957 experi-

227 969 362 1006 menta
392 967 563 1006 telorum
593 968 783 1006 mortium
814 967 1015 1016 pertulere
1047 966 1300 1017 patientiam.
1353 968 1506 1017 quanto
1534 966 1594 1005 fa·

228 1028 342 1066 cilius
379 1027 565 1066 simulare
603 1041 687 1066 rem
725 1026 837 1066 cuius
874 1027 1094 1066 imitationi
1137 1026 1289 1067 sufficit
1325 1027 1491 1066 clusisse
1532 1027 1594 1066 lu-

229 1086 348 1137 mina,
373 1088 526 1126 laxasse
545 1087 732 1135 membra,
760 1087 912 1127 dedisse
938 1087 1121 1138 suspiriis
1146 1087 1311 1127 modum
1331 1089 1372 1126 et
1392 1087 1594 1127 anhelitus
1614 1104 1638 1130 11

230 1147 484 1199 neglegenter
515 1147 667 1199 egisse?
715 1149 822 1186 inter
853 1148 1117 1187 dormientem
1149 1148 1487 1199 simulantemque
1512 1161 1595 1187 non

231 1209 291 1246 est
320 1208 397 1246 nisi
422 1208 672 1247 conscientia.
716 1222 811 1247 nam
836 1209 944 1259 quod
969 1209 1020 1247 ad
1044 1210 1108 1248 tot
1132 1209 1317 1261 vestigia,
1347 1209 1412 1248 tot
1436 1221 1596 1259 manus,

230 1269 293 1306 tot
321 1268 652 1318 proclamationes
679 1268 722 1307 in
748 1268 886 1308 eodem
910 1270 1048 1308 tenore
1074 1269 1252 1320 duravit,
1283 1269 1411 1309 nolito
1436 1269 1594 1308 nni-ari:

231 1327 390 1367 facilius
428 1330 571 1368 excites
604 1329 876 1368 dormientem.
940 1331 980 1368 et
1011 1331 1110 1369 haec
1142 1331 1204 1369 est
1237 1330 1417 1370 omnium
1447 1332 1595 1369 natura

231 1400 373 1438 rerum,
405 1401 453 1426 ne
486 1389 580 1438 quid
613 1389 762 1429 diutius
794 1390 971 1440 perferas
1004 1403 1126 1441 quam
1158 1390 1264 1442 quod
1295 1390 1482 1430 imitaris.
1544 1390 1596 1429 si·
1616 1406 1638 1433 ει

231 1448 382 1487 mulare
420 1461 600 1487 somnum
636 1449 758 1488 habet
794 1452 835 1489 et
871 1450 975 1489 hanc
1011 1451 1252 1490 facilitatem
1289 1451 1397 1502 quod
1434 1450 1597 1490 videtur

234 1508 373 1547 similis
411 1509 582 1548 excitato
615 1510 682 1560 qui
721 1510 987 1561 deprehensus
1026 1514 1097 1552 est.
1162 1511 1260 1562 quid
1293 1511 1368 1551 hoc
1406 1524 1491 1551 esse
1522 1512 1596 1561 vis,

235 1568 386 1617 mulier,
418 1569 523 1618 quod
553 1572 592 1608 te
618 1584 696 1609 non
722 1572 869 1610 excitat
893 1584 956 1610 res
983 1585 1063 1623 qua
1089 1572 1229 1612 domus
1259 1574 1347 1612 tota
1377 1570 1597 1611 turbatur?

333 1745 352 1775 2
380 1752 426 1776 en
452 1757 513 1786 αγ;
539 1755 605 1779 om.
628 1753 696 1786 βγᾶ
790 1757 967 1792 ampexus
999 1754 1027 1782 V
1121 1752 1141 1783 3
1168 1747 1392 1784 effunditur:
1425 1747 1598 1784 funditus

236 1795 268 1823 J
338 1789 500 1835 fugiens:
528 1791 697 1838 afugiens
723 1800 759 1828 Β
852 1806 920 1840 per
944 1796 986 1831 in
1011 1807 1083 1832 ras.
1105 1803 1143 1832 Β
1220 1796 1371 1834 vulnus:
1397 1796 1533 1843 vulgus
1558 1802 1598 1840 J,

239 1871 329 1896 corr.
350 1869 364 1894 ε
438 1862 577 1898 anima:
605 1865 730 1900 omnia
755 1872 780 1900 S
854 1867 934 1913 agit
960 1869 1064 1904 ante:
1093 1869 1263 1915 agitante
1290 1878 1358 1912 αβγ
1431 1872 1454 1904 4
1480 1843 1599 1904 1111ΙέΙί-

239 1933 299 1967 tus
319 1939 398 1976 BV3
426 1933 593 1969 anhelitu
614 1944 653 1977 βγ
726 1948 787 1972 611;
810 1950 856 1974 an
877 1948 904 1973 d
975 1945 995 1976 5
1022 1929 1171 1987 sanguis
1191 1947 1228 1977 Β
1300 1941 1421 1977 artus:
1449 1951 1560 1976 arcus
1582 1950 1600 1984 β

242 2008 262 2039 6
295 2004 359 2039 sed
393 2004 547 2040 dormis:
581 1983 687 2042 s‘edor
712 2009 782 2043 mis
807 2017 843 2044 Β
956 2017 975 2048 9
1008 2014 1150 2059 putetis
1177 2025 1244 2050 om.
1266 2019 1310 2049 Μ
1339 2025 1441 2060 supr.
1461 2028 1504 2048 m

243 2080 284 2111 11
313 2076 483 2121 quidam:
511 2077 663 2131 qgidem
688 2086 765 2114 ΒΜ
872 2087 914 2118 12
941 2073 1110 2131 6Χῦἓε616
1136 2087 1287 2134 (lineam
1305 2097 1376 2132 per
1399 2098 1426 2132 p
1452 2085 1601 2122 ductam

241 2150 303 2194 er.)
323 2154 360 2183 B
443 2136 602 2194 exfffflta
628 2157 678 2194 B,
711 2152 814 2196 (corr.
835 2155 889 2199 ⁶)3
922 2157 959 2190 et
991 2159 1246 2203 experimenta
1271 2165 1332 2201 m
1437 2162 1480 2194 13
1506 2158 1600 2194 telo-

241 2208 321 2255 rgm
346 2226 382 2254 Β
406 2221 510 2265 (corr.
532 2223 569 2259 ω
651 2223 843 2259 mortium:
871 2228 1056 2264 mortuum
1081 2237 1161 2265 Βιι
1255 2234 1300 2266 14
1324 2230 1532 2266 imitationi
1557 2242 1602 2268 ex

242 2279 306 2303 -ne
331 2274 368 2303 Β
463 2268 616 2311 suffiicit
646 2277 673 2303 V
764 2272 908 2308 lumina
934 2281 987 2318 M,
1019 2289 1108 2315 corr,
1128 2294 1170 2314 m
1278 2282 1322 2314 15
1348 2279 1541 2315 hanelitus
1566 2285 1604 2315 Β

245 2319 288 2352 17
309 2319 396 2362 post
415 2316 646 2352 conscientia
665 2323 830 2364 repetunt
848 2332 922 2356 non
942 2325 998 2358 est
1015 2326 1088 2361 nisi
1109 2327 1340 2364 conscientia
1360 2341 1407 2370 αγ
1481 2331 1526 2363 20
1553 2327 1602 2363 si-

242 2364 387 2399 mulare
408 2375 593 2399 somnum:
622 2366 816 2402 simulares
843 2370 1006 2406 omnium
1031 2380 1066 2408 Β
1138 2380 1181 2412 21
1209 2375 1454 2412 facilitatem:
1481 2375 1601 2412 facul-

243 2413 361 2447 tatem
389 2421 407 2454 β
505 2416 550 2448 23
577 2414 657 2448 tota
684 2414 814 2450 domus
846 2423 873 2450 1⁷
