1638 2560
642 108 934 144 PRAEFATIO.
1363 109 1485 145 XXIII

93 223 317 276 excipiunt:
354 223 410 263 H.
437 224 548 263 VIII.
579 224 648 263 IX.
681 223 729 262 X.
761 223 830 262 XI.
861 223 893 263 I.
926 223 1055 262 XVII.
1084 223 1192 263 XIV.
1224 224 1310 263 XV.
1338 224 1386 263 V.
1413 224 1485 263 VI.

92 284 155 324 IV
157 315 165 324 .
184 284 260 324 ΠΙ.
279 283 372 324 VH.
392 284 484 324 XII.
510 284 622 324 XIII.
648 284 756 323 XVI.
776 284 905 323 XVII.
931 284 1082 323 XVIII.
1109 285 1215 323 XIX.
1241 285 1272 323 I.
1331 288 1485 335 quanta

93 347 232 386 autem
263 345 448 385 socordia
473 346 631 384 librarii
662 359 748 384 rem
776 345 945 397 egerint,
979 346 1131 396 optime
1157 358 1204 384 eo
1229 345 1486 398 intellegitur

95 405 203 457 quod
240 407 286 446 in
316 405 436 445 XVII
467 408 508 445 et
538 406 560 445 I
591 405 824 456 saepissime
865 407 999 445 textus
1042 406 1147 445 alter
1188 406 1392 457 discrepat
1434 406 1484 445 ab

83 463 236 507 altero.
294 467 336 505 in
367 467 520 519 pagina
544 467 691 506 ultima
722 479 866 505 manus
894 467 1047 506 saeculi
1071 465 1147 504 XV
1179 466 1355 506 addidit:
1387 467 1486 506 liber

93 528 427 567 declamationum
457 527 496 568 S.
522 528 701 567 Martini
732 540 814 566 aux
844 527 1064 566 Iumiaulx.

185 588 405 638 Exemplar
436 587 543 627 unde
581 588 660 627 duo
697 588 762 626 illi
793 587 888 627 libri
928 587 1120 639 descripti
1152 589 1264 639 sunt,
1301 588 1486 627 manavit

94 662 142 688 ex
160 647 250 699 ipso
271 649 505 699 exemplari,
524 649 630 688 unde
651 649 962 701 Bambergensis
982 649 1208 699 descriptus
1236 650 1308 688 est.
1360 662 1485 700 quam

93 709 145 749 ob
176 722 263 748 rem
293 709 403 749 haud
434 708 636 749 mediocre
668 710 919 748 lucraremur
959 710 1155 748 auxilium
1188 709 1239 748 ad
1270 709 1485 749 restituen-

94 770 190 809 dam
221 770 566 809 declamationum
590 771 808 821 pristinam
840 771 1025 820 formam,
1058 771 1137 809 nisi
1167 770 1362 809 collatum
1394 783 1485 809 cum

93 831 320 882 exemplari
359 831 542 870 familiae
583 846 608 884 γ
649 831 799 870 multas
844 831 1038 870 lectiones
1079 831 1172 870 inde
1215 826 1483 883 recepisset.¹)

94 904 199 942 quae
231 904 323 930 cum
354 892 413 930 ita
445 891 545 941 sint,
587 904 635 930 ea
667 904 758 942 spes
791 903 863 930 nos
895 892 1061 941 fefellit,
1094 894 1136 931 et
1169 893 1392 930 auctoritas
1424 892 1485 930 fa-

94 952 232 991 miliae
270 951 294 991 6
333 953 390 991 eis
430 953 616 991 terminis
657 952 928 1002 concluditur,
976 955 1023 991 ut
1065 952 1115 991 ad
1158 952 1486 1004 investigandam

94 1014 296 1052 rationem
321 1015 590 1063 naturamque
623 1013 835 1064 archetypi
868 1013 1049 1052 familiae
1077 1029 1103 1052 α
1128 1026 1210 1052 11011
1235 1013 1393 1052 inutilis
1420 1013 1483 1052 sit.

187 1072 534 1119 Quemadmodum
548 1074 684 1112 autem
698 1074 853 1113 codices
868 1074 941 1113 alii
955 1087 1001 1112 ex
1019 1074 1111 1113 aliis
1126 1074 1391 1124 dependeant,
1410 1074 1484 1113 hac

94 1134 324 1173 illustretur
354 1133 513 1173 tabula:

675 1188 907 1235 archetypus

547 1244 1228 1269 —d———q

131 1348 873 1414 ρ--ᾁῖ--Ὰ
1152 1275 1295 1413 κ-θἸβᾺ

499 1400 546 1501 s
870 1421 888 1471 N<
1146 1421 1152 1438 s

201 2401 234 2444 1)
262 2399 308 2435 cf.
337 2399 584 2445 Dessauer,
611 2413 648 2446 p.
670 2404 726 2435 37.
