1638 2560
200 108 286 151 140
610 102 885 140 TORMENTA
909 99 1150 137 PAVPERIS

199 235 335 263 sumus
369 233 468 271 quos
505 221 613 271 leges
651 230 941 269 supervacuum
978 217 1172 266 putavere
1209 214 1400 264 torqueri.
1463 211 1571 252 unde

198 283 312 322 nobis
357 283 462 320 inter
504 282 584 319 ista
627 276 848 319 secretum?
909 278 953 315 111
990 275 1201 315 tormentis
1244 273 1372 313 libero
1413 273 1570 313 homini

200 356 299 394 opus
332 344 392 381 est
422 341 634 391 patientia,
663 341 711 378 ut
740 352 879 378 verum
911 337 1031 376 dicat.

290 402 379 451 Sed,
409 403 561 451 inquit,
598 400 688 439 ideo
719 399 899 448 torqueri
930 410 1010 436 non
1042 396 1180 446 debes,
1211 396 1309 446 quia
1341 395 1485 447 exigis,
1522 395 1572 433 ut

199 463 433 513 torquearis.
486 461 596 500 aliud
622 462 726 509 sunt,
757 459 931 507 inimice,
962 458 1175 506 tormenta,
1209 455 1320 495 aliud
1350 455 1455 495 velle
1485 456 1568 494 tor-
1607 467 1625 495 5

200 525 322 574 queri.
384 522 519 562 felices
550 522 655 570 illos,
688 521 758 570 qui
788 531 971 558 recusare
1003 517 1237 557 voluerunt!
1286 518 1464 556 meretur
1493 516 1570 555 016-

198 585 390 622 mentiam
417 584 457 622 et
486 583 664 621 favorem
697 581 878 631 quisquis
911 579 962 617 ad
992 579 1066 617 illa
1095 579 1271 617 tremens
1296 577 1571 627 exanimisque

198 643 442 694 perducitur,
480 656 598 693 quem
634 643 702 681 vix
734 654 758 680 a
795 640 961 692 genibus
998 640 1129 678 tortor
1167 637 1349 687 abducit,
1387 637 1452 676 0111
1488 638 1572 676 iam

200 706 341 743 scissas
375 716 532 753 quoque
570 701 734 740 difficile
771 702 899 751 possis
939 701 1090 750 eripere
1122 701 1263 738 vestes.
1328 711 1401 751 ego
1435 711 1571 748 quem-

200 764 415 803 admodum
443 764 567 803 vultis
600 763 785 813 deprecer
816 762 886 811 qui
910 761 1050 800 videor
1079 771 1318 810 provocasse
1348 755 1572 798 tortorem?
1591 771 1628 798 ιο

199 826 286 874 1116,
323 825 393 863 1116
431 826 514 863 sine
551 824 636 863 ulla
671 823 929 861 miseratione
966 821 1168 860 laceratur
1205 820 1270 859 cui
1301 819 1353 858 ad
1391 819 1571 871 singulos

199 886 302 924 ictus
334 884 496 923 dicitur:
529 880 630 934 ‘ipse
662 879 856 932 voluisti',
897 895 1015 932 quem
1046 894 1126 920 11011
1159 880 1273 920 decet
1301 893 1464 932 rogare,
1502 879 1573 930 qui

201 946 375 984 creditur
405 945 553 996 fingere
583 944 938 994 proclamationes,
970 942 1160 981 simulare
1191 941 1376 994 gemitus,
1411 940 1461 980 de
1493 952 1574 991 quo

200 1006 375 1056 primum
406 1005 594 1045 videntur
623 1004 865 1044 vindicanda
894 1005 1106 1043 tormenta.

155 1068 179 1103 8
293 1066 386 1104 Νο11
416 1066 589 1114 invenio,
620 1065 771 1103 iudices
803 1064 900 1114 quid
932 1077 1092 1114 sperare
1122 1063 1251 1114 possit
1279 1063 1349 1112 qui
1379 1062 1575 1100 mentitur
1593 1074 1630 1101 1⁶

127 1135 129 1137 '
204 1130 244 1165 et
275 1126 398 1177 exigit
424 1126 707 1176 quaestionem.
758 1125 914 1164 homini
946 1125 1015 1174 qui
1046 1124 1135 1163 vult
1165 1123 1360 1174 torqueri,
1392 1122 1462 1161 diu
1491 1134 1574 1162 non

204 1186 378 1225 creditur
408 1199 481 1225 nec
506 1199 644 1225 verum
670 1186 829 1224 dicenti.
880 1197 952 1224 nec
985 1186 1055 1234 est,
1086 1184 1252 1234 iudices,
1284 1182 1390 1234 quod
1420 1183 1574 1234 putetis

206 1247 303 1286 adeo
335 1247 434 1285 mihi
465 1246 738 1285 tristissimam
770 1246 985 1285 orbitatem
1017 1257 1153 1284 omnes
1183 1245 1454 1283 humanorum
1483 1255 1574 1295 pec-

202 1309 335 1346 torum
365 1307 546 1357 rapuisse
578 1319 726 1355 sensus,
757 1308 804 1345 ut
833 1319 913 1345 non
945 1307 1179 1358 intellegam
1209 1306 1347 1356 petere
1377 1317 1442 1343 me
1466 1303 1575 1355 quod

204 1367 313 1406 dives
344 1369 471 1417 possit
503 1367 687 1417 evadere,
726 1369 766 1406 et
796 1379 922 1418 paene
960 1367 1089 1418 magis
1121 1379 1194 1416 pro
1227 1377 1462 1416 percussore
1491 1365 1575 1404 tor·
1594 1377 1634 1404 20

205 1429 328 1477 queri.
379 1427 447 1466 sed
473 1427 570 1477 quid
600 1441 664 1466 me
695 1427 826 1466 facere
851 1426 1005 1466 vultis?
1055 1440 1135 1466 non
1161 1426 1285 1465 debeo
1317 1438 1434 1478 posse
1463 1438 1574 1464 men-

203 1489 284 1537 tiri,
315 1488 434 1526 homo
461 1489 530 1538 qui
562 1501 652 1526 011111
676 1487 784 1527 filius
815 1500 927 1526 meus
954 1488 1212 1537 occideretur,
1242 1487 1421 1525 interfui.
1470 1486 1575 1525 veri-

204 1549 282 1586 tati
312 1549 471 1586 tantum
496 1550 655 1598 praesto
680 1550 933 1599 patientiam,
966 1549 1080 1600 exigo
1107 1548 1395 1598 quaestionem,
1425 1548 1470 1585 in
1495 1559 1578 1597 qua

207 1608 304 1657 quid
336 1608 514 1647 dicturus
548 1610 635 1658 sim,
667 1610 818 1658 nescio3
852 1609 949 1658 quid
980 1609 1147 1648 debeam
1179 1609 1321 1658 dicere,
1352 1607 1449 1657 vidi,
1481 1607 1575 1647 scio.

206 1669 329 1706 vultis
359 1671 451 1718 post
480 1669 555 1707 hoc
586 1671 832 1721 argumentis
866 1669 1157 1720 suspicionibus
1190 1667 1336 1721 agam?
1391 1668 1577 1707 breviora
1596 1680 1636 1708 2⁶

206 1730 408 1767 tormenta
440 1731 542 1767 sunt.

296 1789 388 1828 Non
418 1789 589 1838 invenio,
621 1790 784 1839 iudices,
817 1803 886 1829 cur
910 1792 1055 1829 renuat
1079 1791 1290 1841 tantopere
1320 1789 1430 1829 dives
1457 1801 1578 1839 quae-

207 1850 389 1898 stionem,
420 1851 634 1899 postquam
667 1852 878 1900 supersunt
910 1851 1039 1889 adhuc
1070 1852 1224 1890 incerta
1256 1863 1303 1890 ac
1331 1849 1466 1888 dubia.
1517 1849 1579 1888 fa·

207 1909 319 1947 cinus
358 1911 417 1948 est
453 1911 588 1948 tamen
626 1924 689 1949 me
726 1923 806 1949 non
843 1912 1040 1961 torqueri,
1080 1913 1115 1950 si
1152 1911 1253 1950 mihi
1288 1911 1397 1949 torto
1435 1910 1578 1960 utique

207 1969 445 2008 credendum
490 1972 559 2009 est.
629 1984 835 2021 quousque
879 1985 960 2021 me,
1011 1972 1284 2011 crudelissime
1332 1970 1578 2020 mortalium,
1597 1984 1636 2011 ao

206 2032 336 2068 metus
374 2031 628 2069 simulatione
667 2030 848 2070 deludis?
911 2044 983 2083 ego
1021 2032 1150 2084 magis
1190 2032 1260 2082 qui
1296 2031 1459 2082 postulo
1496 2032 1577 2070 tor-

206 2092 360 2138 menta,
398 2091 539 2140 timeo,
578 2103 650 2142 ego
690 2092 758 2141 qui
796 2092 899 2130 nihil
936 2093 1065 2131 facere
1095 2093 1229 2143 potui,
1268 2105 1358 2131 cum
1389 2091 1567 2131 viderem

306 2256 324 2288 1
353 2264 462 2298 quos:
490 2254 591 2298 quod
610 2260 661 2298 B3
687 2254 727 2289 in
747 2265 841 2300 quos
865 2261 894 2289 V
963 2266 1001 2290 se
1026 2266 1274 2301 pervacuum
1298 2261 1327 2289 V
1395 2258 1416 2290 9
1443 2242 1580 2290 scissas

209 2302 239 2346 (s
263 2312 365 2356 swpr.
392 2301 472 2356 alja
496 2302 643 2347 manus)
668 2309 697 2336 V
815 2306 859 2338 18
885 2304 1005 2338 omnis
1030 2310 1068 2338 B
1188 2307 1233 2338 20
1258 2302 1520 2353 persssscussore
1544 2308 1584 2338 B

208 2352 254 2433 {g
278 2349 373 2433 {13}ae
386 2349 583 2432 Limturus:
611 2350 703 2395 quid
730 2362 797 2387 om.
819 2357 863 2395 P,
890 2353 932 2387 in
956 2363 1071 2398 mary.
1093 2352 1179 2387 add.
1199 2367 1227 2393 p
1314 2355 1358 2387 27
1385 2352 1522 2387 rffiiuat
1546 2356 1584 2386 P
