1638 2560
548 115 867 153 DEC‘LAMA'I'IO
892 116 911 152 Ι
937 119 1079 153 10-12
1449 117 1504 160 13

123 233 208 283 bat,
239 233 417 272 auferret
446 231 653 271 indicium.
704 231 773 271 sed
799 232 898 283 quid
923 245 998 284 ego
1022 245 1109 272 rem
1133 232 1505 272 manifestissimam

125 292 302 347 colligo?
350 295 386 333 si
410 292 547 343 vultis,
572 293 738 342 iudices,
763 293 878 343 scire,
903 305 929 332 a
954 306 1034 344 quo
1061 295 1115 333 sit
1138 294 1304 333 relictus
1331 293 1505 345 gladius,

124 355 301 408 cogitate
331 355 398 394 cui
428 353 662 405 expedierit,
692 355 739 392 ut
770 354 1028 394 inveniretur.

216 415 296 455 Sed
319 415 454 466 paries
477 427 606 466 usque
631 414 683 454 ad
708 414 936 454 cubiculum
960 416 1140 468 privigni
1163 415 1335 468 vestigio
1359 427 1503 455 manus

90 490 107 517 5
127 477 360 516 cruentatus
393 477 464 516 est.
516 476 705 528 cogitate,
735 476 901 525 iudices,
933 477 1028 515 ante
1059 478 1196 516 omnia
1226 489 1307 516 non
1334 489 1418 516 esse
1443 478 1504 515 in-

121 537 319 577 callidum
355 537 559 577 hominem
591 549 722 587 neque
761 537 918 576 consilii
955 538 1127 576 iacentis
1159 538 1230 588 qui
1267 549 1407 577 caecus
1440 550 1503 576 ex-

123 598 276 650 plicare
317 599 484 638 conetur
522 598 679 637 facinus
719 598 843 637 etiam
880 598 1008 637 oculis
1055 598 1231 637 difficile.
1294 598 1365 637 ille
1409 611 1504 650 ergo

123 672 206 699 non
231 660 432 710 aestimat,
463 671 554 698 cum
577 671 743 698 manum
772 660 978 697 cruentam
1003 659 1152 711 parieti
1177 659 1359 709 adplicat
1382 660 1505 698 vesti-

125 720 239 772 gium
264 733 295 759 a
318 732 360 760 se
385 719 593 771 parricidii
624 719 687 759 sui
714 718 919 771 relinqui?
951 732 1042 759 cum
1066 720 1274 759 dexteram
1300 733 1381 771 qua
1406 720 1504 759 duce

72 795 108 822 10
126 780 327 831 utebatur,
357 782 470 820 veste
500 781 637 832 tegere
663 782 784 830 atque
814 780 877 819 ita
902 779 1014 820 abire
1040 782 1125 820 sine
1150 781 1324 833 vestigio
1355 782 1506 832 posset,

125 843 258 881 totum
287 842 486 892 parietem
511 841 749 880 cruentabat
780 843 821 881 et
851 841 1000 892 ubique
1027 841 1182 892 aliquid
1208 841 1256 881 de
1287 843 1404 892 patre
1429 842 1505 880 mi-

124 915 215 942 sero
245 900 534 953 relinquebat?
595 902 693 952 quid
723 903 907 942 futurum
939 904 1044 942 esset
1073 904 1236 953 postero
1268 902 1346 953 die,
1378 915 1504 954 quan-

124 965 210 1002 tam
241 965 492 1015 exspectaret
527 962 743 1002 invidiam:
783 963 915 1002 lucem
946 977 1026 1003 non
1058 963 1282 1016 cogitabat,
1322 963 1392 1003 sed
1424 964 1503 1003 dis-

121 1023 303 1076 ponebat
337 1024 534 1063 indicium
570 1025 743 1074 certum,
782 1023 1076 1074 indubitatum,
1115 1025 1200 1064 sine
1233 1037 1365 1063 errore
1396 1024 1505 1076 quod

71 1098 106 1126 ιε
124 1097 297 1125 noverca
330 1086 568 1136 sequeretur
605 1098 732 1136 usque
763 1085 815 1124 ad
852 1084 1080 1124 cubiculum
1111 1098 1246 1135 suum,
1285 1098 1411 1136 usque
1453 1085 1505 1125 ad

125 1146 249 1185 limen
286 1146 434 1197 ipsum.
497 1158 521 1184 o
554 1145 833 1185 admirabilem
864 1146 1019 1186 casum!
1057 1159 1131 1185 nec
1162 1158 1280 1185 cruor
1311 1148 1405 1185 ante
1438 1146 1504 1185 de-

124 1205 251 1246 fecit?
311 1208 405 1246 utar
441 1206 516 1246 hoc
553 1207 641 1246 loco
678 1209 827 1246 natura
864 1207 991 1257 ipsius
1030 1208 1100 1246 rei.
1169 1207 1374 1258 palmatus
1413 1220 1503 1246 san-

125 1268 247 1320 guine
290 1267 424 1318 paries
469 1268 658 1307 inventus
695 1269 753 1307 sic
790 1270 869 1307 est:
911 1269 1043 1307 totam
1086 1281 1251 1307 manum
1297 1268 1504 1319 explicuit,

126 1340 262 1368 omnes
295 1329 444 1380 digitos
475 1328 693 1380 diligenter
724 1329 929 1379 expressit.
980 1331 1113 1368 totum
1144 1342 1240 1380 crgo
1266 1329 1505 1381 sanguinem

64 1403 107 1430 so
125 1391 333 1429 consumet
361 1389 470 1427 intra
500 1389 634 1440 prima
658 1389 842 1441 vestigia.
892 1402 996 1439 pone
1029 1390 1136 1428 enim
1167 1402 1333 1428 manum
1365 1403 1503 1429 cruen-

124 1452 256 1489 tatam
280 1450 403 1500 atque
429 1449 540 1500 adeo,
561 1452 607 1489 ut
631 1449 720 1490 istis
747 1451 871 1489 etiam
896 1450 1095 1500 blandiar,
1118 1450 1367 1502 madentem3
1398 1462 1504 1501 pone

124 1523 355 1550 mensuram
390 1510 566 1560 itineris,
606 1512 784 1561 spatium
820 1511 1007 1562 parietis,
1040 1533 1096 1538 —
1130 1511 1200 1550 diu
1231 1510 1340 1550 enim
1369 1511 1414 1549 in
1445 1523 1503 1550 se-

126 1573 279 1611 cretam
308 1571 449 1611 domus
486 1573 647 1622 partem
676 1571 957 1612 revertendum
989 1574 1050 1611 est
1082 1594 1139 1599 —
1171 1572 1290 1611 debet
1320 1572 1504 1623 proxima

125 1644 221 1682 pars
246 1645 271 1671 a
297 1631 480 1671 cubiculo
505 1633 635 1683 patris
663 1632 810 1672 habere
835 1633 1056 1683 plurimum
1082 1632 1303 1685 sanguinis,
1336 1645 1503 1683 sequens

73 1707 108 1734 25
126 1693 350 1742 minimum,
380 1692 527 1732 ultima
558 1692 670 1732 nihil.
721 1706 817 1732 nam
842 1706 971 1743 cruor,
1004 1694 1191 1744 quotiens
1218 1693 1403 1733 admotus
1430 1696 1504 1743 est,
1525 1694 1576 1730 12

126 1754 276 1792 transit
318 1755 390 1792 aut
426 1754 469 1792 in
506 1766 630 1792 mann
667 1754 783 1794 tarde
826 1754 1024 1805 reptantis
1069 1754 1226 1794 arescit.
1287 1754 1363 1794 hoc
1407 1754 1506 1805 quid

125 1826 212 1854 esse
249 1813 428 1854 dicamus
467 1814 575 1864 quod
616 1815 723 1854 circa
761 1815 991 1855 cubiculum
1034 1817 1251 1866 utrumque
1296 1816 1504 1867 sanguinis

125 1875 244 1915 istius
275 1875 494 1927 vestigium
526 1876 642 1926 quasi
679 1875 852 1927 incipit?
912 1877 1006 1915 hinc
1038 1878 1099 1916 est
1129 1876 1262 1928 paries
1299 1876 1504 1928 palmatus

126 1937 168 1976 et
190 1934 335 1976 illinc?
379 1935 578 1986 quomodo
610 1937 780 1987 pertulit
803 1950 947 1976 manus
974 1936 1082 1988 quod
1106 1935 1392 1988 relinquebat?
1434 1950 1504 1976 no-

224 2091 243 2123 7
271 2087 404 2125 etiam:
432 2064 534 2124 etism
559 2094 611 2134 83
637 2089 677 2125 et
701 2092 779 2125 ffim
805 2095 849 2124 Μ
929 2093 951 2124 8
978 2090 1215 2125 cruentatam
1242 2098 1262 2132 β
1343 2093 1364 2126 9
1391 2088 1505 2124 relin-

125 2160 210 2207 qui:
235 2171 277 2196 re
301 2148 441 2206 relitiui
465 2167 511 2206 B,
537 2173 563 2196 n
588 2161 675 2197 aad.
697 2168 720 2196 ι
796 2165 840 2196 10
867 2161 971 2197 abire
993 2168 1041 2198 ιη
1068 2162 1209 2198 habere
1228 2168 1384 2206 ary-1123
1411 2161 1504 2197 hab-

125 2209 182 2245 ire
208 2215 275 2245 MS
375 2214 417 2245 11
443 2209 598 2246 misero:
625 2209 763 2246 misero
789 2211 828 2245 et
846 2217 884 2245 B
982 2214 1025 2245 12
1053 2221 1134 2246 esse
1160 2217 1188 2245 r
1269 2212 1466 2256 quamtam
1486 2219 1505 2252 β

128 2262 173 2293 13
201 2257 250 2294 ad
274 2257 399 2293 lucem
425 2259 500 2294 Bu.
601 2262 646 2295 16
674 2270 820 2294 casum:
856 2269 1010 2294 causam
1036 2260 1079 2295 in
1105 2270 1261 2295 causum
1290 2271 1382 2296 corr.
1410 2265 1438 2293 V

128 2309 172 2342 1'1
198 2306 320 2353 ipsius
345 2306 400 2342 rei
425 2308 564 2342 natura
590 2316 610 2350 β
707 2310 753 2342 20
780 2309 992 2343 consumet:
1020 2310 1242 2344 consument
1268 2308 1344 2354 (sed
1369 2320 1395 2342 n
1421 2307 1503 2350 del.)

127 2384 179 2423 Βς
206 2368 404 2414 consumet
422 2385 449 2414 S
475 2375 508 2426 (‘
538 2379 625 2416 add.
645 2382 680 2426 ε)
780 2384 824 2416 22
852 2391 1029 2416 mensura
1048 2387 1118 2415 BV
1211 2384 1255 2415 27
1283 2381 1501 2424 utrumque:

127 2427 319 2472 utrimque
344 2428 424 2464 Βοὴ.
526 2432 572 2464 28
598 2430 672 2464 est:
701 2439 782 2464 esse
807 2435 845 2464 B
