1638 2560
209 123 264 166 82
695 115 1086 153 MATHEMATIOVS

209 237 359 277 scilicet
383 237 480 275 haec
505 235 626 274 fuerit
644 234 749 273 ratio
774 232 951 284 fingendi
971 230 1079 282 quod
1105 229 1262 269 dicebat
1286 231 1452 279 usitata,
1471 241 1577 269 com-

208 298 346 336 munia
372 310 473 347 quae
498 296 656 334 futurus
684 295 801 344 pater
826 293 945 332 facile
970 291 1160 340 crederet,
1191 289 1364 330 libenter
1389 287 1578 332 audiret?

209 359 378 407 fortiter,
408 356 552 406 inquit,
581 355 704 394 faciet
734 354 840 392 filius
871 354 975 392 tuus.
1026 364 1136 403 rogo,
1168 350 1237 389 ubi
1268 351 1398 404 magis
1430 349 1579 390 desinit

211 420 278 469 qui
309 417 510 456 mentitur.
569 415 637 455 sed
666 415 809 465 quibus
839 413 920 463 ille,
953 413 1010 450 dii
1042 412 1229 463 deaeque,
1262 411 1399 463 signis,
1433 411 1578 462 quibus

208 479 396 528 impletus
429 479 489 516 est
516 477 622 517 notis
650 476 718 526 qui
744 474 791 514 de
817 473 1018 524 parricida
1044 472 1299 512 dissimulare
1323 485 1404 511 non
1429 471 1578 523 potuit,
1616 482 1634 510 5

210 551 299 578 cum
343 539 551 588 quaereret
592 534 735 587 pater?
798 537 926 574 artem
965 535 1127 572 tantum
1170 533 1312 572 mirari
1355 546 1419 572 me
1462 533 1580 583 pater

208 597 355 649 putas?
411 610 483 649 ego
513 598 638 636 miror
669 596 858 645 animum,
890 597 1034 645 stupeo
1067 594 1347 633 constantiam.
1398 592 1486 643 erit,
1518 593 1579 631 in-

211 659 310 709 quit,
341 659 404 698 vir
435 658 551 697 fortis
584 659 624 696 et
654 656 865 707 parricida.
916 667 1015 707 rogo
1043 667 1145 704 quae
1170 655 1276 694 ratio
1310 653 1480 692 fallendi
1506 655 1579 702 est,

211 732 256 757 ea
287 718 433 768 dicere,
470 719 636 769 propter
674 730 775 767 quae
813 729 885 755 nec
924 715 1126 766 prioribus
1158 714 1302 754 debeat
1339 712 1476 753 credi?
1535 715 1579 752 in

209 779 423 829 parricidio
451 778 557 829 quod
587 777 858 828 prospiciebat
882 775 1201 824 mathematicus,
1231 775 1331 814 haec
1362 775 1449 814 sola
1474 775 1579 814 ratio
1600 787 1636 814 ιο

210 841 289 878 fuit
307 839 516 888 mendacii,
541 852 590 878 ne
609 838 915 888 praediceretur.
958 837 1043 875 fero
1068 837 1218 885 tamen,
1243 836 1291 874 ut
1310 836 1400 885 quis
1424 835 1468 874 in
1488 835 1580 874 aliis

211 898 568 939 consultationibus
589 898 719 949 decipi
737 897 866 948 possit
885 899 956 936 aut
975 909 1125 945 errare3
1152 895 1200 935 de
1219 896 1357 935 futuro
1376 895 1581 946 parricida

211 972 290 998 non
327 960 455 1011 magis
493 959 800 998 mathematicus
837 959 970 1008 potest
1009 970 1130 1007 quam
1166 958 1283 1007 pater
1318 956 1579 1008 interrogare.

143 1021 193 1057 16
305 1018 460 1070 Omnes,
488 1020 604 1058 sicuti
631 1019 738 1070 apud
763 1031 898 1058 sacrae
925 1018 1023 1057 artis
1050 1017 1258 1056 antestites
1285 1017 1384 1056 satis
1410 1017 1580 1069 constat,

214 1080 368 1119 animae
399 1080 664 1130 proprietates
696 1080 735 1118 et
766 1080 922 1118 futuras
954 1078 1149 1116 mentium
1178 1090 1467 1128 corporumque
1499 1077 1579 1117 for·
1600 1088 1635 1116 15

213 1153 299 1179 mas
345 1153 391 1178 ex
433 1140 594 1179 illorum
638 1139 811 1179 siderum
856 1139 1052 1189 qualitate
1098 1138 1242 1188 quibus
1285 1139 1328 1176 in
1372 1140 1464 1177 ortu
1507 1149 1580 1177 suo

214 1201 356 1239 cuncta
393 1200 622 1252 gignuntur,
662 1199 873 1250 accipiunt.
927 1199 1072 1249 aliquis
1104 1199 1198 1251 vagi
1235 1199 1411 1238 numinis
1450 1211 1581 1239 errore

212 1260 445 1310 perstrictus
484 1262 560 1310 est,
598 1260 724 1299 vitam
764 1260 954 1312 transigit
990 1260 1060 1298 ille
1102 1259 1356 1299 discursibus.
1419 1258 1581 1310 placida

214 1322 447 1371 conceptum
472 1321 590 1360 stella
616 1321 803 1372 signavit,
830 1321 906 1360 erit
930 1320 1111 1359 modesta
1137 1320 1305 1359 lenitate
1331 1319 1579 1370 conspicuus.

214 1380 354 1419 ardens
380 1381 577 1420 nascentis
603 1382 742 1420 horam
768 1381 876 1420 sidus
902 1381 1095 1430 accendit,
1126 1380 1280 1420 viribus
1310 1380 1465 1431 pariter
1495 1392 1580 1419 mo·
1599 1392 1635 1419 20

212 1440 400 1491 ribusque
442 1441 640 1493 flagrabit.
703 1442 870 1493 languet
912 1441 1030 1480 iubar
1072 1441 1274 1493 vergentis
1317 1441 1359 1479 in
1403 1440 1581 1491 proclive

214 1501 364 1550 mundi⁷
395 1501 695 1541 hebescentibus
727 1502 881 1541 tardior
911 1501 1098 1541 membris
1131 1501 1274 1541 similis
1306 1502 1489 1541 senectae
1519 1500 1581 1551 iu-

214 1562 333 1599 venta
369 1562 568 1613 pigrescit.
632 1562 713 1600 iam
750 1562 784 1601 si
822 1562 886 1601 cui
922 1562 1207 1612 principalium
1245 1561 1409 1601 deorum
1446 1561 1582 1614 fulgor

215 1620 414 1670 inluxerit,
445 1623 487 1660 in
511 1622 651 1672 populi
677 1624 888 1674 consurget
918 1622 1141 1673 imperium.
1194 1622 1311 1662 credo
1336 1622 1581 1662 mehercules

214 1680 257 1718 in
294 1681 408 1718 illum
445 1682 621 1721 'natalem
664 1683 833 1721 monstri
869 1684 948 1722 mei
986 1683 1092 1722 diem
1135 1683 1334 1723 iratorum
1370 1682 1581 1721 numinum
1601 1695 1636 1722 25

216 1742 462 1790 conspirasse
499 1741 732 1781 violentiam
770 1743 981 1794 sedemque
1024 1743 1247 1795 prodigiosi
1285 1743 1452 1794 spiritus
1489 1755 1580 1783 con-

215 1801 298 1839 lato
341 1802 493 1850 pariter
535 1802 626 1853 igne
674 1804 873 1852 pressisse.
938 1803 980 1842 Si
1018 1817 1157 1843 verum
1194 1806 1255 1843 est
1291 1804 1384 1854 post
1420 1805 1582 1843 vetusta

215 1860 374 1899 saecula
405 1863 446 1900 et
475 1862 782 1902 innumerabiles
816 1876 938 1903 annos
970 1864 1083 1903 reddi
1113 1876 1250 1903 rursus
1283 1864 1374 1903 aliis
1406 1863 1581 1914 corpori-

214 1920 287 1959 bus
327 1921 498 1970 animas‚
538 1922 718 1961 fortassis
755 1924 797 1962 in
835 1937 898 1963 me
934 1925 1098 1963 renatus
1136 1926 1190 1964 sit
1227 1924 1375 1975 aliquis
1414 1937 1462 1963 ex
1498 1924 1581 1964 illis

311 2050 331 2082 3
358 2046 491 2083 faciet:
518 2048 660 2084 faceret
683 2056 720 2084 Β
816 2054 836 2085 5
863 2053 921 2086 est
946 2062 1013 2087 om.
1035 2057 1091 2096 M,
1121 2051 1207 2087 add.
1228 2066 1271 2086 m
1369 2054 1390 2087 9
1416 2062 1487 2087 nec
1511 2062 1580 2088 om.

213 2100 263 2139 M,
289 2106 388 2141 supr.
410 2110 452 2130 m
539 2100 581 2131 11
609 2096 706 2132 ferro
737 2104 765 2132 V
846 2102 890 2134 13
917 2103 1002 2135 ante
1028 2111 1143 2145 quam
1168 2110 1293 2136 errare
1318 2100 1406 2136 add.
1426 2099 1507 2137 Sch.

213 2154 344 2188 quam:
372 2154 446 2188 quo
466 2150 503 2178 P
574 2148 618 2179 14
646 2146 842 2182 antestites
861 2153 898 2182 Β
917 2149 1019 2193 (corr.
1042 2149 1077 2194 ὁ)
1104 2155 1143 2184 V:
1171 2148 1331 2184 antistes
1351 2155 1396 2193 P,
1421 2147 1454 2184 ti
1478 2159 1580 2194 supr.

209 2205 255 2236 μς
288 2191 479 2227 antitistes
504 2193 637 2238 reliqui
758 2198 801 2230 18
826 2195 1013 2242 transiget
1039 2204 1060 2231 ς
1184 2200 1227 2232 19
1254 2196 1420 2244 εἰςῃξνίίῑ
1445 2202 1490 2232 M

213 2265 259 2298 20
284 2251 455 2320 nal-centis
482 2270 525 2319 M
628 2269 670 2300 21
697 2266 855 2313 languet
879 2267 990 2303 iubar
1015 2270 1085 2305 H.:
1117 2269 1301 2316 languido
1326 2269 1406 2305 iam
1429 2275 1581 2314 Βγβσγς

211 2310 387 2358 languidi
422 2313 460 2348 et
493 2323 577 2367 iam·
606 2319 648 2347 M
679 2314 768 2358 (iam
802 2327 846 2351 επ
886 2326 977 2352 corr.
1005 2320 1057 2362 M)
1088 2332 1127 2361 73
1166 2317 1249 2365 igni
1282 2317 1467 2365 languido
1503 2316 1582 2353 iam

213 2360 317 2396 Dess.
409 2362 615 2407 vergentls:
642 2373 655 2395 1
680 2364 722 2397 in
745 2374 818 2399 ras.
840 2370 882 2398 M
977 2368 1021 2400 23
1046 2365 1236 2411 pigrescet
1264 2366 1347 2403 Obr.
1448 2369 1493 2402 2‘1
1519 2375 1582 2402 ve·

211 2409 334 2444 tustos
360 2414 411 2454 M,
436 2408 496 2445 vel
520 2410 671 2445 vetusta
695 2412 737 2446 in
761 2423 875 2458 mary.
895 2426 938 2447 m
1037 2417 1080 2449 29
1108 2414 1158 2450 sit
1183 2426 1250 2451 om.
1273 2423 1292 2457 β
