1638 2560
179 114 266 158 228
605 109 949 147 CADAVERIBVS
974 108 1117 145 PASTI

177 230 267 269 acto
299 228 479 280 legitimo
512 226 662 275 ordine,
693 237 784 265 reus
815 225 1016 275 punietur.
1068 224 1216 273 omnia,
1246 235 1357 275 rogo,
1389 234 1553 274 scrupu-

177 291 260 329 lose
299 290 482 340 agantur.
544 286 696 336 videte,
735 287 782 324 ut
817 287 904 324 iure
942 284 1165 324 irascamur
1206 284 1277 334 qui
1315 284 1456 323 contra
1490 282 1553 322 ius

176 351 360 390 viximus.
410 349 533 387 immo
566 347 707 396 etiam,
740 348 774 386 si
804 346 922 395 libet,
955 345 1227 384 defensionem
1258 343 1483 393 audiamus,
1514 345 1555 382 et

177 412 259 450 iam
291 421 395 448 nunc
427 421 498 448 nos
530 409 718 447 moretur.
783 407 904 458 neget
935 405 1086 445 laesam
1117 404 1426 455 rempublicam,
1459 405 1555 454 quia

176 471 268 522 plus
302 482 423 520 quam
459 469 570 508 laesa
602 469 673 507 est.
735 480 815 506 non
847 468 955 506 enim
987 466 1184 505 discussos
1221 465 1390 504 alicuius
1422 464 1555 515 operis
1593 477 1609 504 5

178 531 347 583 angulos
373 542 445 569 nec
470 530 616 568 recisas
637 528 821 567 lucorum
840 526 1001 567 frondes
1021 539 1094 565 nec
1112 525 1370 576 publicarum
1394 525 1556 564 aedium

177 592 376 642 dispersos
414 591 589 640 parietes
628 589 834 628 obicimus.
898 600 944 627 ac
976 588 1011 627 si
1042 586 1258 636 videbitur,
1297 585 1444 626 adiciet
1475 586 1555 625 for-

177 653 284 692 sitan
315 664 395 690 non
427 662 510 689 esse
536 649 827 699 rempublicam
853 661 956 699 quae
988 648 1167 699 perierit.
1217 646 1261 685 id
1287 648 1395 686 enim
1419 659 1556 697 super-

179 714 255 762 est,
301 713 347 750 ut
391 712 473 750 iam
510 710 584 749 hoc
625 722 769 748 nomen
815 710 1036 748 extinctum
1082 707 1305 747 audiamus.
1367 706 1558 758 procedet

109 773 159 810 12
182 785 227 812 eo
247 785 372 822 usque
399 772 580 820 fortasse,
600 771 646 809 ut
672 770 841 809 esurisse
860 782 932 809 nos
958 770 1089 820 neget.
1135 780 1216 808 non
1240 767 1394 807 infitior
1420 769 1556 807 autem
1576 780 1611 807 ιο

179 830 315 885 (nisi)
345 845 489 882 parum
520 831 680 882 proprie
713 831 787 870 hoc
819 831 920 882 legis
952 829 1074 869 verbo
1106 829 1220 868 nefas
1251 829 1370 868 istius
1402 828 1557 880 signari

178 906 258 932 non
288 905 414 944 posse.
477 893 648 931 maiores
681 891 787 930 enim
817 903 889 930 nec
927 890 1035 929 laedi
1067 889 1230 941 quidem
1263 888 1558 940 rempublicam

178 955 341 1004 impune
373 953 604 1002 voluerunt,
642 952 811 1002 ideoque
844 952 1028 990 existimO
1068 951 1193 990 etiam
1226 950 1302 989 hoc
1335 961 1420 989 esse
1452 961 1556 988 com-

179 1014 428 1065 prehensum.
480 1025 595 1052 nemo
629 1014 765 1051 autem
789 1012 1016 1061 verebatur,
1047 1025 1097 1050 ne
1131 1010 1287 1050 absolvi
1317 1008 1455 1061 posset
1481 1009 1557 1049 cri-

180 1088 272 1113 men
303 1075 392 1125 lege
423 1074 565 1112 maius.
1579 1082 1613 1110 15

273 1132 404 1180 Quid?
437 1134 544 1184 quod
571 1134 770 1173 actionem
795 1132 1040 1184 reipublicae
1066 1133 1198 1171 laesae
1222 1132 1399 1182 temptat
1428 1131 1473 1170 in
1504 1131 1559 1170 le-

183 1208 274 1246 gem
305 1195 409 1234 male
443 1196 578 1246 gestae
610 1194 824 1246 legationis
853 1191 1088 1232 deflectere?
1140 1192 1256 1244 eligit
1279 1203 1371 1230 reus
1397 1192 1559 1241 crimen,

182 1256 257 1294 hoc
295 1257 371 1304 est,
409 1254 550 1294 noxius
583 1267 740 1293 crucem
772 1255 898 1304 optat.
962 1267 1042 1293 non
1075 1253 1271 1303 sustineo,
1308 1252 1478 1302 iudices,
1516 1253 1560 1291 in

180 1317 295 1354 tanto
322 1315 447 1354 animi
471 1317 584 1355 motu
618 1317 855 1366 argumenta
885 1315 1132 1365 conquirere,
1164 1326 1237 1352 nec
1267 1314 1443 1364 impetus
1474 1312 1560 1351 irae

180 1389 292 1415 meae
324 1378 366 1414 in
398 1375 548 1427 digitos
581 1375 802 1425 descendit,
839 1375 914 1414 hoc
951 1376 1088 1414 tamen
1124 1375 1224 1414 scio:
1262 1387 1343 1413 non
1374 1373 1484 1412 cadit
1515 1374 1560 1412 in
1579 1385 1614 1412 πο

182 1436 398 1476 formulam
423 1436 607 1487 publicus
634 1436 758 1474 dolor.
804 1449 888 1486 nec,
915 1436 949 1475 si
976 1435 1074 1474 adeo
1100 1434 1300 1474 iudicibus
1328 1433 1426 1485 quid
1449 1434 1562 1485 passi

183 1498 293 1546 sunt,
333 1497 542 1546 exciderit,
580 1498 626 1535 ut
662 1497 734 1535 has
766 1496 900 1535 ferant
931 1496 1211 1535 cavillationes
1249 1507 1330 1534 non
1362 1494 1560 1533 diluentes

184 1558 333 1596 crimen
371 1557 439 1596 sed
480 1557 724 1606 differentes,
763 1557 935 1607 populus
975 1569 1134 1607 quoque
1177 1556 1411 1606 inpunitum
1447 1555 1561 1594 nefas

184 1618 269 1656 sine
307 1617 511 1668 lapidibus
548 1618 796 1667 praeteribit.
859 1630 940 1656 non
978 1616 1238 1668 praescribes.
1301 1628 1490 1655 accusare
1521 1617 1561 1654 te

183 1678 289 1716 male
322 1679 456 1729 gestae
488 1678 702 1729 legationis
733 1690 909 1728 possum.
972 1690 1047 1729 age
1078 1690 1211 1728 porro,
1243 1676 1279 1716 si
1310 1670 1460 1716 occisos
1493 1675 1560 1715 ob·
1581 1687 1616 1714 8⁶

183 1739 313 1777 iecero
345 1738 538 1787 homines,
569 1750 649 1776 non
680 1740 726 1776 tu
758 1751 799 1777 es
832 1751 952 1778 causa
983 1736 1204 1777 mortium?
1249 1738 1284 1777 si
1315 1737 1471 1777 violata
1502 1748 1561 1775 se-

184 1798 343 1848 pulcra,
381 1811 461 1837 non
498 1799 664 1849 propter
700 1800 740 1837 te
776 1812 893 1850 rogos
933 1796 1240 1838 fraudavimus?
1302 1797 1371 1837 sed
1402 1797 1562 1849 legatus

184 1859 312 1898 fuisti.
364 1858 471 1908 quod
502 1860 639 1896 tamen
669 1859 803 1909 ipsum
830 1859 927 1909 quid
959 1861 1019 1899 est
1051 1859 1162 1898 aliud
1188 1871 1310 1909 quam
1341 1871 1427 1897 rem
1457 1859 1563 1897 trac-

184 1917 300 1958 tare?
363 1932 447 1957 rem
479 1920 615 1957 autem
647 1920 717 1968 qui
747 1920 853 1958 male
886 1919 983 1971 agit,
1015 1921 1061 1958 ut
1092 1919 1279 1969 arbitror,
1310 1918 1447 1958 laedit.
1511 1931 1563 1957 an

286 2049 303 2080 1
332 2056 416 2080 reus
442 2056 518 2080 non
542 2045 722 2091 punietur
747 2053 817 2081 BV
910 2050 930 2082 2
962 2048 1013 2094 u}
1036 2053 1083 2092 B,
1109 2048 1126 2081 t
1144 2057 1246 2093 supr.
1267 2053 1291 2081 b
1390 2049 1411 2080 4
1443 2055 1563 2080 more-

185 2106 270 2129 mur
289 2100 368 2128 ΒΜ
392 2093 464 2139 (vel
488 2095 654 2129 moretur
676 2106 777 2140 supr.
796 2096 850 2140 m)
950 2100 970 2130 5
998 2095 1098 2130 enim
1124 2106 1191 2131 om.
1215 2103 1234 2137 β
1332 2093 1502 2130 discusos
1528 2099 1565 2128 B

189 2146 209 2178 6
235 2141 399 2189 τθοίξεειε
413 2148 450 2177 Β
468 2143 498 2187 (s
519 2144 582 2189 er.)
645 2145 666 2177 8
693 2144 799 2189 esse}
819 2144 850 2188 (t
870 2144 932 2189 er.)
952 2150 990 2178 B
1051 2147 1070 2178 9
1093 2143 1286 2179 exinc‘tum
1304 2149 1342 2178 Β
1360 2143 1390 2187 (t
1407 2154 1511 2188 supr.
1526 2143 1562 2187 b)

189 2194 234 2226 10
261 2190 427 2226 exui-isse
454 2197 490 2225 Β
597 2190 747 2227 infiteor
771 2198 841 2226 BV
945 2195 987 2227 11
1015 2191 1089 2226 nisi
1115 2191 1200 2227 add.
1222 2191 1321 2236 &clm
1347 2202 1415 2227 om.
1438 2205 1467 2224 ω

190 2267 233 2298 12
259 2273 307 2298 ne
333 2269 406 2306 Γβσ
502 2266 545 2298 13
579 2264 685 2310 esse}
711 2264 741 2308 (t
766 2264 829 2309 er.)
849 2270 886 2298 Β
983 2267 1028 2299 20
1055 2248 1112 2299 ‘sio
1140 2270 1183 2299 M
1278 2267 1323 2299 22
1353 2261 1565 2309 cavillatio-

186 2321 254 2346 nes
274 2317 311 2346 Ρ
383 2310 578 2347 deluentes
599 2318 691 2355 BM,
719 2311 900 2347 diluentis
926 2318 955 2346 V
1024 2316 1068 2347 23
1097 2312 1307 2347 differentis
1329 2318 1358 2346 V
1427 2314 1472 2346 25
1499 2310 1565 2346 ab·

188 2360 310 2395 iecero
338 2374 362 2394 α
461 2363 506 2395 28
533 2359 626 2405 quid
651 2362 708 2395 est
734 2360 860 2406 ipsum
886 2366 935 2405 M,
962 2364 1103 2406 transp.
1124 2375 1166 2395 m
1259 2359 1353 2406 quid
1379 2360 1453 2395 est:
1482 2358 1565 2404 qui-

189 2408 276 2444 dem
301 2417 321 2451 β
419 2409 583 2444 tractare
610 2409 667 2443 est
693 2417 712 2451 β
811 2411 854 2443 29
883 2410 1027 2444 autem:
1055 2410 1143 2444 ante
1170 2416 1205 2444 P
