1638 2560
157 109 245 153 300
674 106 810 142 AMIOI
835 105 997 142 vAnns

160 225 286 274 aliqui
311 224 516 273 satellites,
535 223 569 262 si
593 223 786 262 barbarus
812 219 968 271 aliqui?
1018 219 1206 258 fruereris
1233 219 1393 269 osculis,
1418 218 1530 259 frue—

158 285 257 324 reris
289 282 561 334 amplexibus?
610 296 691 322 non
723 284 783 322 est
815 281 921 332 quod
951 283 992 320 te
1031 280 1111 320 ista
1142 281 1353 330 tamquam
1389 279 1530 330 levior,

160 347 366 395 tamquam
403 344 637 395 expeditiorv
666 343 844 382 condicio
889 342 1075 392 decipiat.
1139 339 1237 390 quid
1280 342 1401 391 putas
1446 352 1530 397 esse

161 405 276 456 quod>
290 418 352 444 me
379 405 531 444 dimisit
557 405 744 453 solutum,
775 405 832 442 ire
860 415 937 452 quo
964 400 1137 441 vellem?
1187 400 1358 440 crudelis
1384 400 1532 440 artifex

160 478 240 506 non
269 466 434 515 reliquit
464 465 589 514 nobis,
621 466 666 503 ut
696 466 989 515 inponeremus.
1569 474 1587 502 5

92 527 139 562 11
252 524 507 576 Supervacuo
551 526 678 576 igitur
719 525 794 564 hoe
838 536 908 563 vos
952 523 994 561 in
1038 523 1181 562 matris
1225 534 1346 562 causa
1395 523 1533 562 movet

163 586 267 636 quod
299 599 416 626 caeca
448 588 518 625 est.
568 585 642 625 hoc
669 585 775 635 quod
805 585 919 624 nobis
949 583 1145 623 invidiam
1176 583 1275 622 facit
1299 582 1533 623 vulneribus

162 647 377 696 oculorum,
409 646 534 685 nolite
566 645 772 685 detinendi
802 647 945 696 putare
979 657 1138 693 causas,
1169 644 1277 683 idem
1301 643 1442 683 videns
1473 643 1534 683 fa-

163 708 277 746 ceret.
329 719 400 746 nec
431 707 521 757 plus
554 708 614 746 est
646 706 754 756 quod
785 718 865 745 non
904 707 1038 756 potest
1069 706 1242 744 caecitas
1279 704 1383 744 ferre
1411 716 1535 755 quam

162 768 300 817 mater,
333 770 380 806 ut
411 767 548 817 aliqua
579 767 661 806 filio
695 779 828 806 carere
860 779 940 805 non
971 767 1112 816 possit,
1146 778 1226 805 non
1257 777 1438 815 unquam
1469 777 1532 804 ea·
1554 778 1590 804 ιο

163 828 322 867 lamitas
360 827 467 867 facit.
533 828 638 877 quod
670 827 721 877 si,
758 827 926 876 iudices,
964 828 1007 865 in
1037 839 1210 877 persona
1240 839 1343 868 meav
1361 838 1434 864 nec
1466 825 1534 865 ad-

163 888 270 927 fectu
301 901 372 927 nec
402 889 556 927 meritis
593 889 759 927 inferior
773 890 851 945 ‘est
889 889 1058 937 amicus,
1092 887 1190 937 quid
1228 886 1339 926 aliud
1376 886 1536 926 iustitia

163 949 297 987 vestra
340 949 456 988 debet
499 949 704 987 attendere
749 962 871 998 quam
914 950 1004 987 uter
1046 948 1148 998 plus·
1181 945 1393 999 patiatur?
1453 948 1535 986 iam

165 1008 330 1048 satiavit
366 1009 542 1048 dolorem
580 1011 720 1058 mater,
764 1010 912 1060 egessit
949 1011 1100 1058 aestus,
1144 1008 1286 1047 effudit
1328 1006 1536 1058 impetum,

163 1070 246 1107 iam
276 1083 356 1108 non
389 1069 615 1108 desiderant
647 1069 763 1118 oculi,
797 1082 886 1108 cum
919 1070 1079 1108 cadunt.
1138 1068 1261 1118 adice,
1294 1068 1409 1119 quod,
1433 1068 1536 1108 hanc
1557 1081 1592 1108 15

165 1130 480 1180 qualemcunque
518 1130 723 1168 fortunam
754 1131 859 1168 inter
891 1131 1040 1169 amicos
1072 1131 1201 1182 tenet,
1235 1130 1342 1168 inter
1372 1130 1537 1180 propin-

165 1202 275 1239 quos,
306 1190 427 1228 habet
459 1191 592 1229 omnia
623 1190 847 1229 ministeria
879 1203 951 1229 sua
977 1190 1178 1240 debilitas,
1210 1202 1303 1230 suas
1330 1201 1536 1240 compara-

164 1251 303 1289 tiones.
366 1252 425 1290 vis
471 1251 569 1290 scire
614 1252 765 1301 quanto
803 1251 1097 1290 intolerabilius
1143 1252 1197 1290 sit
1238 1250 1344 1301 quod
1381 1250 1539 1301 patitur

164 1309 347 1349 amicus?
409 1312 635 1350 excaecavit
671 1313 712 1350 te
751 1312 857 1361 quod
902 1325 975 1363 ego
1019 1313 1076 1351 sic
1118 1311 1295 1351 tenebar.
1359 1312 1538 1362 accipere

164 1370 272 1410 cibos
305 1384 404 1420 quos
437 1372 625 1421 carnifex,
658 1374 756 1422 quos
788 1374 918 1411 tortor
951 1372 1205 1423 appendebat
1208 1402 1505 1413 .........
1557 1383 1594 1411 20

262 1502 280 1533 1
309 1498 447 1543 aliquis
474 1500 529 1535 bis
554 1505 597 1534 M
689 1499 841 1535 satelles
868 1508 887 1542 β
974 1500 1112 1535 osculis
1137 1500 1317 1536 fruereris
1343 1510 1411 1536 om.
1430 1505 1478 1534 B·

168 1546 286 1582 oculis
312 1553 416 1591 VM1r3
443 1547 608 1582 obsculis
635 1553 661 1582 S
754 1552 774 1583 2
800 1547 918 1584 levior
937 1549 1135 1594 tamquam
1162 1560 1228 1585 om.
1244 1554 1289 1593 P,
1304 1548 1358 1584 v‘in
1377 1559 1493 1595 mary.
1510 1561 1540 1588 p

167 1598 187 1628 3
213 1594 377 1639 peditior
395 1601 432 1630 B
497 1600 520 1630 4
545 1595 639 1631 irem
657 1602 727 1631 BV
742 1598 793 1643 (m
812 1608 891 1642 emp.
912 1598 966 1643 V);
992 1598 1036 1632 ut
1055 1597 1150 1633 irem
1164 1603 1208 1632 Μ
1273 1600 1293 1632 5
1318 1595 1486 1641 reliquid
1504 1601 1543 1631 Β

168 1645 187 1676 7
216 1653 326 1678 saeca
351 1644 382 1689 <s
409 1655 452 1678 ex
477 1643 496 1678 f
517 1643 536 1678 .9
561 1644 649 1688 fecit
672 1656 770 1679 mem.
793 1645 828 1690 3)
850 1651 886 1679 Ρ
956 1645 1065 1681 facit:
1094 1645 1137 1681 fit
1161 1652 1193 1680 .1
1263 1649 1285 1681 8
1310 1644 1444 1681 videns
1469 1655 1538 1681 om.

164 1696 235 1725 BV
316 1694 359 1726 10
386 1692 481 1727 mter
506 1693 627 1727 mater
652 1698 684 1728 et
708 1694 752 1728 ut
778 1693 915 1729 lacuna
940 1697 963 1729 5
982 1695 1037 1730 vel
1057 1697 1080 1730 6
1106 1695 1175 1730 litt.
1196 1700 1233 1729 P
1308 1692 1540 1729 calamitatis
1592 1715 1594 1717 -

165 1738 241 1773 fuit
264 1745 293 1773 V
362 1743 403 1774 11
432 1740 645 1786 impersona
670 1747 698 1775 V
767 1741 945 1776 affectum
965 1748 1002 1777 P
1074 1746 1117 1778 12
1145 1742 1211 1788 qui
1236 1741 1308 1778 tali
1332 1742 1377 1777 ut
1394 1747 1448 1786 B3
1474 1740 1541 1787 qui

165 1786 262 1822 talia
286 1789 329 1823 ut
354 1794 381 1821 V
461 1792 504 1823 13
530 1789 676 1834 patitur
700 1796 727 1823 V
805 1794 848 1825 14
875 1789 1037 1841 effussdit
1060 1797 1098 1826 B
1171 1795 1215 1826 15
1241 1791 1319 1826 iam
1344 1801 1411 1827 om.
1432 1795 1470 1825 B

167 1860 208 1894 at
233 1859 316 1895 dice
341 1866 387 1903 B,
413 1872 504 1896 corr.
527 1867 549 1894 ὁ
674 1865 718 1896 16
745 1849 932 1908 (1αο10911110
957 1869 995 1898 Β
1117 1867 1159 1898 17
1188 1862 1474 1909 cooperationes
1502 1870 1540 1906 ς;

167 1907 470 1953 conplorationes
496 1909 570 1944 Bu.
697 1913 740 1944 18
773 1910 1010 1947 tolerabilius
1036 1919 1064 1946 V
1190 1915 1233 1947 19
1267 1911 1440 1957 accipere
1466 1921 1539 1956 sqq.

165 1967 232 1992 om.
260 1962 288 1990 V
390 1957 577 2002 accipere:
604 1957 671 1992 ille
697 1958 837 2004 accipit
864 1968 884 1993 ς
994 1964 1039 1995 20
1066 1960 1327 2006 appendebat:
1355 1958 1543 2006 appendit

165 2010 222 2096 A?
233 2005 408 2089 'apponit
421 2014 481 2088 935
567 2010 649 2051 post
674 2007 917 2052 appendebat
942 2008 1028 2044 add.
1056 2009 1200 2044 amicus
1227 2008 1458 2054 dedignatur
1484 2013 1541 2052 M3

164 2064 211 2088 0.
275 2064 337 2089 ess.
359 2065 398 2099 10·
1552 2067 1563 2075 ‘

241 2114 564 2169 *subscriptionem
589 2125 656 2150 om.
677 2121 746 2150 BV
845 2108 1017 2152 EXPLI‘O
1044 2108 1122 2152 Lff}
1150 2117 1266 2153 0111101
1290 2117 1419 2153 uades.
1441 2107 1543 2152 TCIP

164 2172 268 2208 ARG
293 2174 409 2210 minio
429 2175 534 2219 picta
560 2180 602 2209 M
695 2174 835 2220 Incipit
859 2176 1055 2212 Venenum
1082 2176 1242 2213 effusum
1268 2187 1287 2222 β
