1638 2560
191 116 247 160 86
680 109 1070 148 MATHEMATIOVS

191 232 280 281 ipsa
318 227 632 268 dissimulatione
671 224 900 266 cruciatus?
961 224 1118 264 felicius
1149 223 1253 263 illud
1290 235 1456 275 prorsus
1489 224 1562 273 est,

190 290 327 342 palam
358 289 546 328 occidisse
579 301 697 338 quem
728 288 884 326 timeas.
948 297 1039 324 cum
1069 284 1170 324 bene
1207 286 1251 323 in
1283 284 1430 324 osculis
1461 284 1560 323 meis

191 349 516 400 amplexibusque
546 349 783 398 requiescas,
819 347 960 385 subeat
991 358 1151 385 necesse
1183 347 1244 385 est
1274 346 1421 384 tacitas
1454 345 1562 396 cogi-

188 412 360 450 tationes
392 409 589 460 praedicti
625 408 795 458 periculi
825 408 967 455 metus,
999 407 1050 456 et,
1082 406 1178 445 licet
1214 406 1480 456 componatur
1511 404 1563 444 ad

189 472 334 510 fortem
365 469 659 520 superbamque
686 468 966 517 constantiam,
998 467 1198 506 naturalis
1222 467 1361 505 tamen
1385 466 1560 504 hominis
1599 478 1615 506 5

188 531 398 569 infirmitas
436 531 571 580 potest
607 530 692 567 tam
728 540 1003 579 percussorem
1040 527 1182 566 timere
1217 539 1341 578 quam
1377 527 1560 565 mortem.

190 591 342 641 explica
373 602 462 640 nos,
494 591 620 640 pater,
658 591 744 628 tam
775 589 921 628 misero
954 588 1142 638 tristique
1175 587 1371 638 conplexu
1403 588 1444 626 et
1474 586 1562 625 lon-

190 651 374 703 gissimas
413 650 700 689 sollicitudines
738 648 849 688 brevi
887 648 1018 687 recide
1055 648 1265 699 patientia.
1328 648 1463 686 minus
1500 648 1561 686 in-

189 712 354 763 dignum
386 712 456 760 est,
488 712 536 749 ut
566 711 728 760 moriar,
760 711 795 749 si
826 711 1016 748 innocens
1042 709 1206 748 futurus
1232 721 1332 758 sum,
1364 719 1487 758 quam
1515 709 1562 746 ut

188 773 334 820 vivam,
367 773 401 811 si
431 771 643 821 parricida.
1581 782 1622 810 10-

277 832 480 870 Denuntio
512 831 609 880 tibi,
646 832 774 881 pater,
813 831 852 869 et
884 830 931 869 de
969 842 1158 880 suprema
1195 829 1434 869 necessitate
1469 841 1561 868 con-

189 892 312 932 fiteor.
363 893 445 930 iam
476 905 556 931 non
582 893 678 930 sunt
708 904 819 930 meae
851 891 1065 941 potestatis
1097 890 1173 929 hae
1199 902 1362 929 manus:
1392 902 1474 929 non
1498 901 1561 928 re-

190 966 280 1004 gere
312 953 526 1001 dexteram,
557 965 637 991 non
662 953 834 991 retinere
860 951 1025 991 sufficio.
1076 952 1189 990 venit
1213 950 1284 990 ille
1308 951 1443 990 nescio
1469 950 1561 1001 quis

190 1013 318 1062 ardor,
344 1026 423 1051 non
450 1012 590 1062 sentio,
615 1025 695 1051 non
720 1013 931 1051 intuentur
957 1012 1074 1051 oculi.
1124 1013 1222 1050 tunc
1247 1011 1385 1050 omnia
1409 1009 1560 1061 incipio

190 1073 300 1122 scire,
327 1085 415 1111 cum
447 1074 558 1124 gesta
590 1074 695 1112 sunt.
759 1072 856 1123 quid
887 1074 933 1111 tu
964 1086 1027 1111 me
1060 1072 1302 1111 lacertorum
1332 1072 1561 1122 viriumque
1581 1084 1615 1112 1⁵

190 1132 379 1172 beneficio
406 1134 594 1172 stravisse
626 1146 753 1183 nuper
783 1133 917 1172 hostes
949 1131 1098 1183 putas?
1149 1134 1347 1183 quantum
1372 1132 1561 1171 dicuntur

191 1206 372 1233 narrasse
410 1192 588 1243 captivi?
632 1194 764 1233 nescio
805 1207 924 1243 quem
960 1195 1003 1232 in
1040 1206 1103 1232 me
1141 1194 1387 1233 monstruosi
1423 1192 1560 1231 vultus

190 1254 376 1292 horruere
415 1255 679 1304 conspectum.
742 1266 822 1292 non
859 1253 941 1293 tela
979 1254 1192 1304 iaciebam,
1236 1266 1317 1293 non
1353 1253 1562 1292 iaculabar

188 1314 307 1363 ictus,
346 1314 557 1354 furialibus
595 1315 716 1354 miser
753 1314 908 1354 facibus
947 1314 1156 1364 ardebam,
1194 1315 1235 1353 et
1271 1315 1411 1365 pectus
1448 1313 1562 1354 istud

187 1387 266 1413 non
303 1375 445 1424 lorica,
486 1387 565 1413 non
603 1375 770 1425 ferrum,
815 1375 884 1414 sed
921 1375 1000 1413 diri
1038 1376 1288 1425 serpentium
1329 1374 1559 1414 clauserant
1579 1387 1614 1414 πο

188 1447 320 1474 nexus.
383 1448 463 1474 non
495 1436 573 1474 fuit
603 1435 706 1473 illud
736 1448 890 1487 pugna,
924 1448 1005 1474 non
1038 1437 1153 1475 acies.
1216 1437 1260 1474 in
1290 1435 1397 1474 bello
1429 1435 1559 1485 parri-

188 1494 275 1533 cida
306 1495 525 1545 vincebam,
557 1497 807 1535 excesserunt
837 1509 959 1546 opera
990 1509 1080 1534 mea
1110 1496 1379 1535 humanarum
1410 1496 1560 1534 virium

187 1554 513 1594 mediocritatem.
578 1556 769 1606 quicquid
800 1557 953 1595 factum
985 1558 1062 1606 est,
1094 1557 1244 1606 rabies,
1275 1556 1435 1596 insania
1466 1555 1557 1595 fuit.

119 1614 167 1651 21
187 1614 386 1664 praedico,
417 1617 552 1666 testor,
585 1629 664 1655 non
691 1629 763 1668 ego
789 1617 1052 1667 parricidium
1078 1617 1238 1667 faciam,
1270 1630 1352 1656 non
1378 1629 1451 1669 ego
1477 1616 1559 1655 for-

187 1676 283 1713 titer
320 1676 406 1714 feci.
470 1676 577 1726 quod
614 1678 649 1715 si
680 1676 764 1715 ulla
801 1678 956 1716 ratione
995 1690 1140 1717 casuve
1180 1677 1285 1717 effici
1322 1678 1475 1728 potest,
1513 1677 1560 1715 ut
1579 1689 1613 1717 25

188 1735 394 1785 praedicta
424 1748 503 1775 non
534 1736 652 1786 fiant,
683 1736 801 1776 fidem
831 1739 1019 1787 vestram,
1051 1738 1094 1776 P.
1123 1737 1177 1788 O.‚
1213 1740 1259 1777 ut
1289 1738 1392 1777 mihi
1421 1738 1558 1789 potius

187 1796 417 1834 innocentia
444 1809 564 1845 quam
595 1797 679 1835 fato
712 1797 920 1836 debeatur:
953 1811 1026 1850 ego
1053 1798 1165 1838 dicar
1191 1811 1439 1851 expugnasse
1465 1810 1558 1837 con-

189 1857 451 1905 stitutionem,
483 1857 648 1908 fregisse
681 1859 843 1897 vincula
874 1860 1124 1899 necessitatis
1156 1871 1282 1910 meae,
1313 1871 1360 1898 ac
1391 1859 1558 1909 pietatis

188 1928 300 1955 meae
341 1915 527 1955 laudetur
566 1916 790 1969 integritas.
854 1919 912 1957 dii
948 1932 1029 1958 non
1067 1921 1220 1970 sinant,
1261 1921 1308 1959 ut
1347 1921 1455 1975 inter
1493 1932 1558 1958 me

285 2095 303 2126 1
330 2090 479 2126 felicius
499 2091 595 2126 illud
621 2091 833 2129 dubitanter
857 2094 1005 2139 scripsi:
1033 2094 1180 2131 felicior
1198 2095 1265 2131 ille
1290 2109 1339 2140 ως
1365 2094 1516 2131 felicius
1537 2102 1558 2130 ς

190 2166 210 2198 2
242 2162 398 2198 osculis:
432 2151 548 2198 ocglis
580 2169 619 2207 ¹⁷3
653 2164 771 2199 oculis
798 2173 825 2199 <s
928 2169 948 2200 6
976 2177 1106 2212 quam:
1135 2168 1237 2212 quod
1262 2174 1299 2203 Ρ
1406 2170 1427 2203 8
1452 2166 1558 2202 brevi

189 2211 273 2246 cedi
298 2211 424 2247 recide
450 2218 493 2255 Ρ,
521 2211 604 2247 cedi
630 2211 697 2248 del.
718 2224 816 2248 man.
838 2216 860 2248 3
951 2213 1151 2261 indignum
1178 2217 1236 2251 est
1260 2216 1316 2253 bis
1341 2222 1378 2251 P
1467 2219 1489 2251 9
1514 2216 1559 2250 ut

187 2259 327 2295 vivam:
353 2259 478 2295 vivam
502 2266 538 2294 Ρ
630 2264 674 2294 14
700 2261 815 2296 sentit
840 2276 864 2296 α
890 2262 962 2308 (vel
988 2264 1108 2299 sentio
1133 2266 1189 2311 m>
1290 2268 1334 2300 15
1359 2265 1403 2300 tu
1428 2275 1496 2300 om.
1522 2269 1560 2299 B

188 2311 233 2343 20
260 2309 477 2353 serpentum
501 2314 533 2342 J
640 2312 683 2344 21
710 2308 814 2344 istud
840 2318 867 2344 tr
961 2311 1084 2357 agcies
1110 2319 1147 2347 Β
1244 2316 1288 2348 27
1315 2312 1420 2359 fagto
1446 2318 1490 2348 Μ

188 2359 232 2391 28
267 2355 506 2392 necessitatis
541 2367 647 2392 meae
684 2368 728 2392 ac
764 2357 920 2403 pietatis
957 2370 1064 2395 meae
1098 2367 1148 2396 B:
1191 2360 1430 2397 necessitatis
1471 2371 1558 2396 mea

122 2440 126 2444 ,
186 2404 311 2450 pietas
343 2414 428 2440 mea
459 2405 596 2450 reliqui
693 2409 737 2440 29
764 2406 850 2452 me}
875 2413 919 2441 Μ
