1638 2560
500 120 819 158 DEOLAMATIO
846 121 880 157 X
901 124 1054 158 13—15.
1383 122 1470 165 201

91 236 234 276 aderat
262 235 347 286 ille,
378 236 518 288 quales
549 236 736 276 humanis
767 249 810 276 se
843 236 1017 275 offerunt
1049 237 1177 276 oculis
1207 237 1378 287 propitii
1404 237 1474 286 dii,

92 297 212 348 quale
236 297 503 336 laetissimum
527 310 677 336 numen
702 299 776 347 est,
807 309 898 336 cum
924 309 966 336 se
997 297 1155 348 patitur
1179 297 1318 337 videri.
1371 298 1475 337 sicut

92 358 222 397 omnis
250 357 396 410 religio
426 358 684 409 templorum,
716 357 845 397 omnis
876 358 1022 410 religio
1053 358 1254 407 lucorum,
1290 371 1380 397 cum
1411 360 1475 397 ta-

91 431 209 458 cuere
250 418 442 458 mortalia
479 420 520 458 et
556 419 719 470 profani
761 419 904 469 procul
941 431 1124 458 erravere
1164 419 1325 458 sedibus
1363 420 1475 469 totis,

55 492 72 520 5
92 478 311 519 solitudine
340 479 423 518 frui
453 481 494 519 et
525 479 574 518 de
606 480 689 518 suis
722 478 871 518 dicitur
902 480 1009 518 exire
1041 480 1284 529 simulacris,
1322 481 1383 519 ita
1412 479 1475 518 iu-

91 539 204 580 venis
241 552 353 579 meus
384 540 570 579 noctibus
602 541 699 579 totis
732 539 880 592 agebat
910 539 1039 579 filium
1072 542 1112 579 et
1152 542 1324 591 paterna
1355 540 1474 580 domo

93 613 139 640 ac
180 600 395 652 penatibus
439 602 522 640 suis
565 600 778 640 fruebatur
820 600 1004 651 placidus
1044 602 1085 639 et
1121 602 1234 640 mitis
1273 603 1314 640 et
1353 602 1476 640 matri

91 661 304 712 propitius,
335 663 382 700 ut
412 675 560 700 numen
592 663 633 700 et
664 661 763 700 deus
793 661 928 700 delabi
960 661 1159 701 sideribus
1192 663 1233 701 et
1257 662 1395 701 venire
1427 661 1475 700 de

90 721 247 772 liquido
283 734 466 773 puroque
506 725 597 761 aere
634 722 860 762 videbatur.
925 722 1023 772 quid
1066 722 1263 773 imprecer
1306 722 1475 762 scelera-

37 794 74 821 ιο
91 782 250 822 tissime
280 781 420 833 patri?
450 782 636 821 umbram
666 782 838 833 probare
870 783 1014 822 voluit.

181 842 442 892 Miseremini,
473 843 635 893 iudices,
667 845 714 882 ut
744 843 820 882 hoc
850 844 1008 882 facinus
1035 843 1183 893 quibus
1213 843 1379 893 debetis,
1413 856 1475 883 ac·
1496 844 1546 880 15

91 903 254 954 cipiatis
286 904 450 954 animis,
481 905 614 943 maius
646 904 881 954 parricidio,
911 905 1056 953 maius,
1088 917 1212 954 quam
1243 905 1278 944 si
1308 904 1384 943 filii
1415 917 1474 944 se-

90 964 272 1014 pulcrum
306 964 488 1003 funditus
522 965 691 1004 eruisset
723 966 764 1004 et
789 967 967 1004 sacratos
993 967 1122 1004 morte
1154 964 1323 1016 lapides,
1349 966 1474 1004 etiam

93 1025 244 1064 cineres
277 1026 318 1064 et
347 1037 438 1064 ossa
467 1026 656 1077 religiose
689 1025 937 1075 quiescentia
968 1026 1099 1064 fracta
1125 1026 1338 1076 sparsisset
1362 1039 1474 1064 urna.

38 1097 73 1124 15
94 1084 315 1124 advocatur
350 1085 470 1124 homo
509 1086 621 1125 cuius
660 1098 726 1125 ars
765 1088 826 1125 est
862 1086 920 1124 ire
959 1087 1100 1125 contra
1143 1087 1342 1125 naturam.
1407 1087 1477 1136 qui

92 1146 214 1194 simul
246 1158 312 1185 ore
342 1145 527 1197 squalido
559 1146 777 1185 barbarum
808 1160 990 1185 murmur
1020 1147 1218 1196 intonuit,
1250 1147 1386 1186 favere
1411 1159 1477 1186 su—

89 1219 224 1257 peros,
263 1206 402 1246 audire
434 1207 602 1257 inferos,
639 1209 811 1246 tremere
842 1209 991 1256 terras,
1022 1209 1070 1246 ut
1101 1207 1385 1258 experimentis
1416 1208 1476 1246 lo-

91 1268 301 1317 quentium
331 1268 443 1306 fama
469 1269 541 1317 est,
573 1268 758 1307 constitit
787 1268 904 1307 iuxta
932 1268 1136 1306 tumulum
1166 1269 1383 1308 miserrimi
1413 1269 1475 1307 iu-

90 1327 203 1367 venis
239 1340 347 1367 mors
386 1329 543 1367 cerin‘or.
608 1325 728 1368 ‘nunc
767 1325 939 1379 opinor',
983 1328 1137 1379 inquit,
1177 1325 1342 1367 ‘arcana
1384 1341 1475 1368 mea

37 1401 72 1427 zo
91 1388 279 1428 tenebrae
311 1388 501 1428 adiuvate
533 1389 708 1438 medica,
746 1403 851 1428 nunc
884 1402 1001 1428 omne
1038 1389 1223 1439 pervium
1254 1402 1403 1428 numen
1435 1391 1477 1428 et

90 1449 236 1500 religio
262 1461 385 1500 quam
409 1449 481 1489 isti
504 1450 660 1502 inrogo,
691 1449 858 1499 propius
885 1450 1034 1499 adeste,
1067 1450 1298 1489 succurrite.
1344 1451 1475 1501 magis

90 1509 193 1548 mihi
223 1509 491 1549 laborandum
523 1512 585 1549 est
614 1522 737 1561 quam
762 1523 853 1549 cum
879 1510 1010 1549 sidera
1035 1511 1187 1549 mundo
1211 1511 1476 1560 revelluntur,

92 1581 182 1608 eum
219 1570 409 1609 iubentur
445 1570 604 1609 hiberni
635 1570 852 1609 fluviorum
890 1573 997 1610 stare
1033 1571 1243 1621 decursus,
1281 1583 1373 1610 cum
1403 1584 1475 1622 po-

90 1631 266 1670 tentiore
305 1631 491 1670 carminis
530 1644 683 1670 veneno
721 1631 820 1670 victi
863 1634 1113 1682 rumpuntur
1156 1631 1198 1670 in
1235 1644 1326 1670 mea
1367 1638 1475 1671 stru-

37 1702 72 1730 25
91 1692 229 1730 menta
273 1694 488 1742 serpentes.
553 1691 839 1731 custodiendus
881 1694 942 1731 est
978 1693 1155 1741 iuvenis,
1200 1692 1474 1744 adsignandus

93 1752 154 1790 est
177 1752 317 1791 inferis
345 1754 385 1790 et
404 1751 653 1791 densioribus
672 1752 886 1804 transfuga
910 1753 1156 1792 claudendus
1182 1755 1243 1792 est
1267 1750 1472 1793 tenebris?

190 1943 210 1974 3
237 1939 466 1986 templorum
479 1939 674 1986 —religio
695 1952 762 1976 om.
779 1947 829 1985 M,
855 1941 942 1976 add.
964 1955 1006 1976 m
1075 1952 1176 1977 eum:
1205 1942 1251 1988 (ἙΞ
1271 1942 1332 1987 (on
1353 1942 1416 1987 er.)
1437 1947 1480 1976 M

92 1991 115 2022 4
140 1987 292 2034 profani
319 1997 356 2024 ⁴3:
383 1988 554 2035 profanis
580 2004 610 2023 ω
699 1993 718 2024 7
746 2000 806 2025 ae:
834 1990 874 2025 et
899 1996 970 2024 BV
1038 1990 1159 2025 matre
1187 1998 1206 2032 β
1294 1993 1314 2024 9
1340 2002 1476 2036 puero-

92 2047 165 2081 que
191 2043 229 2072 Β
345 2041 400 2072 11’
421 2038 480 2072 ut:
514 2038 553 2072 et
583 2043 611 2071 V
725 2041 768 2073 12
800 2038 942 2074 maius:
975 2038 1098 2084 magis
1130 2045 1158 2072 Γ
1179 2039 1235 2074 bis
1350 2038 1475 2074 maius

92 2085 150 2120 est
175 2085 380 2131 parricidio
407 2092 449 2120 M
569 2085 600 2120 si
626 2097 694 2122 om.
715 2093 753 2121 B
875 2091 918 2122 13
951 2086 1126 2122 funditus
1153 2087 1315 2122 eruisset
1340 2098 1407 2123 om.
1428 2093 1475 2129 B,

92 2133 135 2168 in
158 2145 274 2180 mary.
301 2134 388 2169 add.
410 2141 434 2168 b
546 2138 590 2169 14
617 2134 786 2180 quiescis,
813 2141 868 2178 M,
900 2145 967 2170 cen
994 2147 1094 2180 supr.
1116 2150 1159 2170 m
1277 2139 1321 2170 16
1347 2135 1475 2171 favere

95 2182 303 2218 Meursius:
332 2182 465 2218 fallere
492 2197 539 2226 ως
571 2182 715 2228 pallere
741 2183 936 2219 Leidensis
961 2186 984 2218 9
1084 2184 1211 2230 coegit
1230 2187 1318 2230 post
1342 2183 1474 2218 fallere

93 2229 180 2265 add.
202 2238 224 2265 ς
333 2242 502 2277 superos:
538 2242 579 2266 os
611 2238 651 2276 νς
684 2232 866 2278 superbos
900 2231 938 2277 (b
964 2243 1010 2267 eae
1034 2231 1073 2278 h)
1103 2239 1143 2267 11
1252 2236 1294 2268 17
1330 2232 1474 2278 experi-

93 2279 222 2314 menta
246 2278 326 2315 Sch.
422 2283 465 2314 19
494 2279 644 2325 opinor:
672 2282 827 2326 opertae
849 2289 870 2314 ς
956 2280 1123 2316 archana
1142 2287 1236 2315 Bw
1326 2284 1371 2315 20
1397 2291 1474 2315 me-

94 2326 182 2361 dica
201 2327 305 2363 Dess.
319 2339 358 2373 p.
375 2331 463 2364 100:
491 2338 551 2362 me
578 2328 696 2374 digna
721 2343 751 2363 ω
851 2332 894 2364 21
923 2328 1039 2363 istum
1063 2340 1156 2375 rogo
1183 2343 1207 2363 α
1282 2329 1415 2363 adesse
1443 2335 1478 2362 Ρ

94 2378 140 2409 24
172 2385 266 2411 veno
294 2382 349 2419 M,
383 2387 429 2411 en
454 2387 555 2422 supr.
576 2391 618 2411 m
742 2381 786 2412 25
819 2376 1276 2412 iuvenis—claudendus
1303 2378 1361 2412 est
1387 2377 1407 2411 l.
1423 2379 1475 2412 26

94 2434 161 2458 om.
183 2429 234 2467 M,
260 2425 367 2469 infra
392 2425 478 2460 add.
499 2439 542 2459 m
641 2428 685 2460 26
713 2425 991 2471 dempsioribus
1024 2432 1050 2459 Y
