<?xml version="1.0" encoding="UTF-8"?>
<!DOCTYPE html PUBLIC "-//W3C//DTD XHTML 1.0 Transitional//EN"
    "http://www.w3.org/TR/xhtml1/DTD/xhtml1-transitional.dtd">
<html xmlns="http://www.w3.org/1999/xhtml" xml:lang="en" lang="en">
 <head>
  <title>
</title>
<meta http-equiv="Content-Type" content="text/html;charset=utf-8" />
  <meta name='ocr-system' content='tesseract 3.04.00' />
  <meta name='ocr-capabilities' content='ocr_page ocr_carea ocr_par ocr_line ocrx_word'/>
</head>
<body>
  <div class='ocr_page' id='page_1' title='image "./quintilianiquaef00lehnuoft_0117.png"; bbox 0 0 1638 2560; ppageno 0'>
   <div class='ocr_carea' id='block_1_1' title="bbox 0 0 1480 139">
    <p class='ocr_par' dir='ltr' id='par_1_1' title="bbox 0 0 1480 139">
     <span class='ocr_line' id='line_1_1' title="bbox 0 0 314 54; baseline 0.102 -37"><span class='ocrx_word' id='word_1_1' title='bbox 0 0 211 54; x_wconf 41' lang='lat' dir='ltr'>rgwfflt*r&#39;</span> <span class='ocrx_word' id='word_1_2' title='bbox 239 0 251 9; x_wconf 30' lang='lat'>&#39;-</span> <span class='ocrx_word' id='word_1_3' title='bbox 312 0 314 2; x_wconf 17' lang='lat' dir='ltr'>v</span> 
     </span>
     <span class='ocr_line' id='line_1_2' title="bbox 0 67 1480 139; baseline 0.073 -69"><span class='ocrx_word' id='word_1_4' title='bbox 0 67 5 85; x_wconf 69' lang='lat'>-,</span> <span class='ocrx_word' id='word_1_5' title='bbox 504 95 824 133; x_wconf 73' lang='lat' dir='ltr'>DECLAMATIO</span> <span class='ocrx_word' id='word_1_6' title='bbox 849 95 903 132; x_wconf 85' lang='lat' dir='ltr'>[V</span> <span class='ocrx_word' id='word_1_7' title='bbox 922 99 1075 132; x_wconf 84' lang='lat'>13—15.</span> <span class='ocrx_word' id='word_1_8' title='bbox 1424 95 1480 139; x_wconf 73' lang='lat'>81</span> 
     </span>
    </p>
   </div>
   <div class='ocr_carea' id='block_1_2' title="bbox 43 210 1555 1598">
    <p class='ocr_par' dir='ltr' id='par_1_2' title="bbox 102 210 1482 446">
     <span class='ocr_line' id='line_1_3' title="bbox 105 210 1482 264; baseline -0.003 -11"><span class='ocrx_word' id='word_1_9' title='bbox 105 212 215 264; x_wconf 87' lang='lat' dir='ltr'>quod</span> <span class='ocrx_word' id='word_1_10' title='bbox 244 213 465 264; x_wconf 83' lang='lat' dir='ltr'>stupemus,</span> <span class='ocrx_word' id='word_1_11' title='bbox 496 212 655 251; x_wconf 87' lang='lat' dir='ltr'>animus</span> <span class='ocrx_word' id='word_1_12' title='bbox 687 223 808 250; x_wconf 89' lang='lat' dir='ltr'>ausus</span> <span class='ocrx_word' id='word_1_13' title='bbox 839 211 1056 264; x_wconf 74' lang='lat' dir='ltr'>diligenter</span> <span class='ocrx_word' id='word_1_14' title='bbox 1086 210 1313 261; x_wconf 79' lang='lat' dir='ltr'>adtendere,</span> <span class='ocrx_word' id='word_1_15' title='bbox 1344 212 1388 249; x_wconf 92' lang='lat' dir='ltr'>in</span> <span class='ocrx_word' id='word_1_16' title='bbox 1419 223 1482 250; x_wconf 84' lang='lat' dir='ltr'>ar-</span> 
     </span>
     <span class='ocr_line' id='line_1_4' title="bbox 104 271 1481 324; baseline -0.003 -10"><span class='ocrx_word' id='word_1_17' title='bbox 104 285 207 314; x_wconf 80' lang='lat' dir='ltr'>cana</span> <span class='ocrx_word' id='word_1_18' title='bbox 240 274 411 314; x_wconf 82' lang='lat' dir='ltr'>naturae</span> <span class='ocrx_word' id='word_1_19' title='bbox 441 285 602 312; x_wconf 86' lang='lat' dir='ltr'>sacrum</span> <span class='ocrx_word' id='word_1_20' title='bbox 631 272 744 311; x_wconf 81' lang='lat' dir='ltr'><strong>misit</strong></span> <span class='ocrx_word' id='word_1_21' title='bbox 773 272 1000 324; x_wconf 84' lang='lat' dir='ltr'>ingenium,</span> <span class='ocrx_word' id='word_1_22' title='bbox 1038 273 1079 311; x_wconf 86' lang='lat' dir='ltr'>et</span> <span class='ocrx_word' id='word_1_23' title='bbox 1116 285 1163 310; x_wconf 84' lang='lat' dir='ltr'>ex</span> <span class='ocrx_word' id='word_1_24' title='bbox 1195 271 1374 311; x_wconf 84' lang='lat' dir='ltr'>adsiduis</span> <span class='ocrx_word' id='word_1_25' title='bbox 1412 271 1481 311; x_wconf 90' lang='lat' dir='ltr'>ob-</span> 
     </span>
     <span class='ocr_line' id='line_1_5' title="bbox 104 331 1479 384; baseline -0.003 -10"><span class='ocrx_word' id='word_1_26' title='bbox 104 333 399 374; x_wconf 72' lang='lat' dir='ltr'>sermfionibus</span> <span class='ocrx_word' id='word_1_27' title='bbox 436 334 624 384; x_wconf 89' lang='lat' dir='ltr'>notisque</span> <span class='ocrx_word' id='word_1_28' title='bbox 660 331 920 371; x_wconf 78' lang='lat' dir='ltr'>redeuntibus</span> <span class='ocrx_word' id='word_1_29' title='bbox 957 333 1175 372; x_wconf 87' lang='lat' dir='ltr'>latentium</span> <span class='ocrx_word' id='word_1_30' title='bbox 1204 332 1362 372; x_wconf 89' lang='lat' dir='ltr'>ratione</span> <span class='ocrx_word' id='word_1_31' title='bbox 1400 332 1479 371; x_wconf 93' lang='lat' dir='ltr'>col-</span> 
     </span>
     <span class='ocr_line' id='line_1_6' title="bbox 102 393 1482 446; baseline -0.002 -11"><span class='ocrx_word' id='word_1_32' title='bbox 102 394 211 435; x_wconf 81' lang='lat' dir='ltr'>lecta</span> <span class='ocrx_word' id='word_1_33' title='bbox 245 395 432 446; x_wconf 82' lang='lat' dir='ltr'>pervenit</span> <span class='ocrx_word' id='word_1_34' title='bbox 469 394 521 433; x_wconf 89' lang='lat' dir='ltr'>ad</span> <span class='ocrx_word' id='word_1_35' title='bbox 565 405 716 433; x_wconf 82' lang='lat' dir='ltr'>causas.</span> <span class='ocrx_word' id='word_1_36' title='bbox 778 393 939 432; x_wconf 89' lang='lat' dir='ltr'>miraris</span> <span class='ocrx_word' id='word_1_37' title='bbox 977 393 1109 432; x_wconf 88' lang='lat' dir='ltr'>fatum</span> <span class='ocrx_word' id='word_1_38' title='bbox 1150 393 1324 432; x_wconf 88' lang='lat' dir='ltr'>hominis</span> <span class='ocrx_word' id='word_1_39' title='bbox 1364 405 1482 443; x_wconf 89' lang='lat' dir='ltr'>posse</span> 
     </span>
    </p>

    <p class='ocr_par' dir='ltr' id='par_1_3' title="bbox 44 453 1481 507">
     <span class='ocr_line' id='line_1_7' title="bbox 44 453 1481 507; baseline -0.002 -12"><span class='ocrx_word' id='word_1_40' title='bbox 44 471 87 507; x_wconf 11' lang='grc' dir='ltr'>γε</span> <span class='ocrx_word' id='word_1_41' title='bbox 104 454 294 507; x_wconf 79' lang='lat' dir='ltr'>praedici.</span> <span class='ocrx_word' id='word_1_42' title='bbox 357 455 600 495; x_wconf 79' lang='lat' dir='ltr'>defectiones</span> <span class='ocrx_word' id='word_1_43' title='bbox 631 454 807 494; x_wconf 88' lang='lat' dir='ltr'>siderum</span> <span class='ocrx_word' id='word_1_44' title='bbox 844 453 1081 504; x_wconf 86' lang='lat' dir='ltr'>laboresque</span> <span class='ocrx_word' id='word_1_45' title='bbox 1113 454 1342 499; x_wconf 87' lang='lat' dir='ltr'>narrantur,</span> <span class='ocrx_word' id='word_1_46' title='bbox 1380 467 1481 492; x_wconf 92' lang='lat' dir='ltr'>nun-</span> 
     </span>
    </p>

    <p class='ocr_par' dir='ltr' id='par_1_4' title="bbox 56 514 1483 748">
     <span class='ocr_line' id='line_1_8' title="bbox 56 514 1480 568; baseline -0.001 -12"><span class='ocrx_word' id='word_1_47' title='bbox 56 543 58 545; x_wconf 65' lang='grc'><em>»</em></span> <span class='ocrx_word' id='word_1_48' title='bbox 104 516 263 556; x_wconf 80' lang='lat' dir='ltr'>fiantur</span> <span class='ocrx_word' id='word_1_49' title='bbox 286 517 400 568; x_wconf 87' lang='lat' dir='ltr'>origo</span> <span class='ocrx_word' id='word_1_50' title='bbox 424 517 724 566; x_wconf 81' lang='lat' dir='ltr'>tempestatum,</span> <span class='ocrx_word' id='word_1_51' title='bbox 755 514 952 554; x_wconf 80' lang='lat' dir='ltr'>lassitudo</span> <span class='ocrx_word' id='word_1_52' title='bbox 978 516 1204 563; x_wconf 88' lang='lat' dir='ltr'>ventorum,</span> <span class='ocrx_word' id='word_1_53' title='bbox 1237 514 1344 565; x_wconf 91' lang='lat' dir='ltr'>quod</span> <span class='ocrx_word' id='word_1_54' title='bbox 1370 514 1480 554; x_wconf 90' lang='lat' dir='ltr'>sidus</span> 
     </span>
     <span class='ocr_line' id='line_1_9' title="bbox 103 575 1483 630; baseline -0.003 -13"><span class='ocrx_word' id='word_1_55' title='bbox 103 576 340 617; x_wconf 80' lang='lat' dir='ltr'>immodicos</span> <span class='ocrx_word' id='word_1_56' title='bbox 384 577 480 616; x_wconf 89' lang='lat' dir='ltr'>solis</span> <span class='ocrx_word' id='word_1_57' title='bbox 524 575 704 625; x_wconf 88' lang='lat' dir='ltr'>ardores,</span> <span class='ocrx_word' id='word_1_58' title='bbox 749 575 857 625; x_wconf 88' lang='lat' dir='ltr'>quod</span> <span class='ocrx_word' id='word_1_59' title='bbox 900 587 1058 614; x_wconf 86' lang='lat' dir='ltr'>severas</span> <span class='ocrx_word' id='word_1_60' title='bbox 1101 575 1279 614; x_wconf 86' lang='lat' dir='ltr'>minetur</span> <span class='ocrx_word' id='word_1_61' title='bbox 1319 575 1483 630; x_wconf 86' lang='lat' dir='ltr'>hiemes,</span> 
     </span>
     <span class='ocr_line' id='line_1_10' title="bbox 106 635 1482 689; baseline -0.001 -13"><span class='ocrx_word' id='word_1_62' title='bbox 106 636 204 688; x_wconf 91' lang='lat' dir='ltr'>quid</span> <span class='ocrx_word' id='word_1_63' title='bbox 234 636 462 689; x_wconf 83' lang='lat' dir='ltr'>significent</span> <span class='ocrx_word' id='word_1_64' title='bbox 486 638 617 688; x_wconf 85' lang='lat' dir='ltr'>sparsi</span> <span class='ocrx_word' id='word_1_65' title='bbox 648 636 808 688; x_wconf 87' lang='lat' dir='ltr'>longius</span> <span class='ocrx_word' id='word_1_66' title='bbox 834 636 973 685; x_wconf 86' lang='lat' dir='ltr'>crines,</span> <span class='ocrx_word' id='word_1_67' title='bbox 1006 635 1103 686; x_wconf 87' lang='lat' dir='ltr'>quid</span> <span class='ocrx_word' id='word_1_68' title='bbox 1130 635 1336 675; x_wconf 79' lang='lat' dir='ltr'>ardentius</span> <span class='ocrx_word' id='word_1_69' title='bbox 1362 635 1482 675; x_wconf 92' lang='lat' dir='ltr'>solito</span> 
     </span>
     <span class='ocr_line' id='line_1_11' title="bbox 103 696 1483 748; baseline -0.001 -11"><span class='ocrx_word' id='word_1_70' title='bbox 103 697 235 747; x_wconf 88' lang='lat' dir='ltr'>iubar,</span> <span class='ocrx_word' id='word_1_71' title='bbox 272 697 370 748; x_wconf 91' lang='lat' dir='ltr'>quid</span> <span class='ocrx_word' id='word_1_72' title='bbox 401 709 565 737; x_wconf 85' lang='lat' dir='ltr'>excussa</span> <span class='ocrx_word' id='word_1_73' title='bbox 602 697 765 736; x_wconf 88' lang='lat' dir='ltr'>flamma</span> <span class='ocrx_word' id='word_1_74' title='bbox 803 696 1011 736; x_wconf 89' lang='lat' dir='ltr'>sideribus.</span> <span class='ocrx_word' id='word_1_75' title='bbox 1072 709 1155 735; x_wconf 91' lang='lat' dir='ltr'>non</span> <span class='ocrx_word' id='word_1_76' title='bbox 1190 697 1352 735; x_wconf 87' lang='lat' dir='ltr'>invenio</span> <span class='ocrx_word' id='word_1_77' title='bbox 1386 696 1483 747; x_wconf 88' lang='lat' dir='ltr'>quid</span> 
     </span>
    </p>

    <p class='ocr_par' dir='ltr' id='par_1_5' title="bbox 43 756 1483 868">
     <span class='ocr_line' id='line_1_12' title="bbox 43 756 1483 809; baseline -0.003 -9"><span class='ocrx_word' id='word_1_78' title='bbox 43 774 86 809; x_wconf 65' lang='grc' dir='ltr'>ςιο</span> <span class='ocrx_word' id='word_1_79' title='bbox 106 770 191 798; x_wconf 83' lang='lat' dir='ltr'>esse</span> <span class='ocrx_word' id='word_1_80' title='bbox 221 759 351 809; x_wconf 85' lang='lat' dir='ltr'>possit</span> <span class='ocrx_word' id='word_1_81' title='bbox 381 760 528 797; x_wconf 89' lang='lat' dir='ltr'>certius</span> <span class='ocrx_word' id='word_1_82' title='bbox 559 771 678 797; x_wconf 82' lang='lat' dir='ltr'>verae</span> <span class='ocrx_word' id='word_1_83' title='bbox 710 757 809 796; x_wconf 83' lang='lat' dir='ltr'>artis</span> <span class='ocrx_word' id='word_1_84' title='bbox 840 757 1048 809; x_wconf 85' lang='lat' dir='ltr'>ingenium</span> <span class='ocrx_word' id='word_1_85' title='bbox 1074 770 1196 807; x_wconf 90' lang='lat' dir='ltr'>quam</span> <span class='ocrx_word' id='word_1_86' title='bbox 1228 756 1358 796; x_wconf 90' lang='lat' dir='ltr'>dicere</span> <span class='ocrx_word' id='word_1_87' title='bbox 1386 757 1483 807; x_wconf 91' lang='lat' dir='ltr'>quid</span> 
     </span>
     <span class='ocr_line' id='line_1_13' title="bbox 103 817 1006 868; baseline -0.002 -10"><span class='ocrx_word' id='word_1_88' title='bbox 103 819 289 858; x_wconf 86' lang='lat' dir='ltr'>futurum</span> <span class='ocrx_word' id='word_1_89' title='bbox 319 820 385 868; x_wconf 86' lang='lat' dir='ltr'>sit,</span> <span class='ocrx_word' id='word_1_90' title='bbox 415 818 503 858; x_wconf 87' lang='lat' dir='ltr'>fieri</span> <span class='ocrx_word' id='word_1_91' title='bbox 534 818 677 858; x_wconf 87' lang='lat' dir='ltr'>deinde</span> <span class='ocrx_word' id='word_1_92' title='bbox 711 817 818 868; x_wconf 88' lang='lat' dir='ltr'>quod</span> <span class='ocrx_word' id='word_1_93' title='bbox 850 818 1006 857; x_wconf 83' lang='lat' dir='ltr'>dixerit.</span> 
     </span>
    </p>

    <p class='ocr_par' dir='ltr' id='par_1_6' title="bbox 103 877 1483 1052">
     <span class='ocr_line' id='line_1_14' title="bbox 195 877 1483 929; baseline -0.002 -10"><span class='ocrx_word' id='word_1_94' title='bbox 195 878 311 926; x_wconf 85' lang='lat' dir='ltr'>Quod</span> <span class='ocrx_word' id='word_1_95' title='bbox 354 880 388 918; x_wconf 92' lang='lat' dir='ltr'>si</span> <span class='ocrx_word' id='word_1_96' title='bbox 433 892 517 919; x_wconf 86' lang='lat' dir='ltr'>esse</span> <span class='ocrx_word' id='word_1_97' title='bbox 560 880 690 918; x_wconf 89' lang='lat' dir='ltr'>artem</span> <span class='ocrx_word' id='word_1_98' title='bbox 732 878 1062 918; x_wconf 84' lang='lat' dir='ltr'>mathematicam</span> <span class='ocrx_word' id='word_1_99' title='bbox 1104 877 1280 929; x_wconf 86' lang='lat' dir='ltr'>probant</span> <span class='ocrx_word' id='word_1_100' title='bbox 1322 880 1483 927; x_wconf 86' lang='lat' dir='ltr'>natura,</span> 
     </span>
     <span class='ocr_line' id='line_1_15' title="bbox 103 939 1482 991; baseline -0.002 -11"><span class='ocrx_word' id='word_1_101' title='bbox 103 941 223 991; x_wconf 80' lang='lat' dir='ltr'>ratio,</span> <span class='ocrx_word' id='word_1_102' title='bbox 249 941 533 991; x_wconf 87' lang='lat' dir='ltr'>experimenta,</span> <span class='ocrx_word' id='word_1_103' title='bbox 564 942 683 990; x_wconf 85' lang='lat' dir='ltr'>pater</span> <span class='ocrx_word' id='word_1_104' title='bbox 708 952 866 990; x_wconf 91' lang='lat' dir='ltr'>quoque</span> <span class='ocrx_word' id='word_1_105' title='bbox 894 940 964 990; x_wconf 91' lang='lat' dir='ltr'>qui</span> <span class='ocrx_word' id='word_1_106' title='bbox 989 939 1160 978; x_wconf 88' lang='lat' dir='ltr'>credidit</span> <span class='ocrx_word' id='word_1_107' title='bbox 1184 939 1482 988; x_wconf 79' lang='lat' dir='ltr'>consulendum,</span> 
     </span>
     <span class='ocr_line' id='line_1_16' title="bbox 104 999 1482 1052; baseline -0.001 -12"><span class='ocrx_word' id='word_1_108' title='bbox 104 1002 298 1052; x_wconf 84' lang='lat' dir='ltr'>superest,</span> <span class='ocrx_word' id='word_1_109' title='bbox 329 1002 376 1039; x_wconf 94' lang='lat' dir='ltr'>ut</span> <span class='ocrx_word' id='word_1_110' title='bbox 406 1000 665 1040; x_wconf 84' lang='lat' dir='ltr'>ostendamus</span> <span class='ocrx_word' id='word_1_111' title='bbox 690 1013 831 1039; x_wconf 85' lang='lat' dir='ltr'>verum</span> <span class='ocrx_word' id='word_1_112' title='bbox 862 999 1008 1039; x_wconf 86' lang='lat' dir='ltr'>dixisse</span> <span class='ocrx_word' id='word_1_113' title='bbox 1034 1000 1083 1039; x_wconf 92' lang='lat' dir='ltr'>de</span> <span class='ocrx_word' id='word_1_114' title='bbox 1114 1000 1262 1039; x_wconf 85' lang='lat' dir='ltr'>futuris</span> <span class='ocrx_word' id='word_1_115' title='bbox 1290 1013 1409 1050; x_wconf 90' lang='lat' dir='ltr'>quem</span> <span class='ocrx_word' id='word_1_116' title='bbox 1434 999 1482 1038; x_wconf 90' lang='lat' dir='ltr'>de</span> 
     </span>
    </p>

    <p class='ocr_par' dir='ltr' id='par_1_7' title="bbox 50 1061 1555 1353">
     <span class='ocr_line' id='line_1_17' title="bbox 50 1061 1555 1113; baseline -0.005 -10"><span class='ocrx_word' id='word_1_117' title='bbox 50 1076 86 1104; x_wconf 71' lang='grc' dir='ltr'>ιε</span> <span class='ocrx_word' id='word_1_118' title='bbox 103 1062 335 1113; x_wconf 83' lang='lat' dir='ltr'>praeteritis</span> <span class='ocrx_word' id='word_1_119' title='bbox 362 1074 444 1101; x_wconf 89' lang='lat' dir='ltr'>non</span> <span class='ocrx_word' id='word_1_120' title='bbox 474 1073 687 1112; x_wconf 90' lang='lat' dir='ltr'>possumus</span> <span class='ocrx_word' id='word_1_121' title='bbox 718 1061 890 1111; x_wconf 89' lang='lat' dir='ltr'>probare</span> <span class='ocrx_word' id='word_1_122' title='bbox 921 1061 1149 1100; x_wconf 89' lang='lat' dir='ltr'>mentitum.</span> <span class='ocrx_word' id='word_1_123' title='bbox 1201 1062 1370 1110; x_wconf 86' lang='lat' dir='ltr'>accipite</span> <span class='ocrx_word' id='word_1_124' title='bbox 1401 1061 1483 1111; x_wconf 90' lang='lat' dir='ltr'>pri·</span> <span class='ocrx_word' id='word_1_125' title='bbox 1506 1061 1555 1096; x_wconf 80' lang='lat'>15</span> 
     </span>
     <span class='ocr_line' id='line_1_18' title="bbox 104 1121 1482 1172; baseline -0.001 -11"><span class='ocrx_word' id='word_1_126' title='bbox 104 1135 214 1161; x_wconf 90' lang='lat' dir='ltr'>mam</span> <span class='ocrx_word' id='word_1_127' title='bbox 233 1122 480 1162; x_wconf 86' lang='lat' dir='ltr'>certissimae</span> <span class='ocrx_word' id='word_1_128' title='bbox 499 1123 692 1162; x_wconf 85' lang='lat' dir='ltr'>scientiae</span> <span class='ocrx_word' id='word_1_129' title='bbox 717 1121 1009 1172; x_wconf 75' lang='lat' dir='ltr'>probationem.</span> <span class='ocrx_word' id='word_1_130' title='bbox 1053 1121 1174 1160; x_wconf 91' lang='lat' dir='ltr'>homo</span> <span class='ocrx_word' id='word_1_131' title='bbox 1195 1122 1267 1171; x_wconf 91' lang='lat' dir='ltr'>qui</span> <span class='ocrx_word' id='word_1_132' title='bbox 1286 1121 1334 1160; x_wconf 90' lang='lat' dir='ltr'>de</span> <span class='ocrx_word' id='word_1_133' title='bbox 1360 1123 1482 1171; x_wconf 86' lang='lat' dir='ltr'>partu</span> 
     </span>
     <span class='ocr_line' id='line_1_19' title="bbox 104 1181 1484 1232; baseline -0.001 -10"><span class='ocrx_word' id='word_1_134' title='bbox 104 1182 398 1232; x_wconf 84' lang='lat' dir='ltr'>consulebatur,</span> <span class='ocrx_word' id='word_1_135' title='bbox 429 1196 510 1222; x_wconf 91' lang='lat' dir='ltr'>non</span> <span class='ocrx_word' id='word_1_136' title='bbox 536 1182 719 1222; x_wconf 85' lang='lat' dir='ltr'>confudit</span> <span class='ocrx_word' id='word_1_137' title='bbox 742 1181 1003 1232; x_wconf 82' lang='lat' dir='ltr'>turbavitque</span> <span class='ocrx_word' id='word_1_138' title='bbox 1028 1194 1275 1232; x_wconf 90' lang='lat' dir='ltr'>responsum,</span> <span class='ocrx_word' id='word_1_139' title='bbox 1307 1194 1380 1221; x_wconf 92' lang='lat' dir='ltr'>nec</span> <span class='ocrx_word' id='word_1_140' title='bbox 1411 1195 1484 1232; x_wconf 92' lang='lat' dir='ltr'>per</span> 
     </span>
     <span class='ocr_line' id='line_1_20' title="bbox 103 1242 1483 1295; baseline -0.002 -12"><span class='ocrx_word' id='word_1_141' title='bbox 103 1245 238 1283; x_wconf 74' lang='lat' dir='ltr'>varias</span> <span class='ocrx_word' id='word_1_142' title='bbox 276 1243 466 1295; x_wconf 87' lang='lat' dir='ltr'>ambages</span> <span class='ocrx_word' id='word_1_143' title='bbox 505 1243 910 1294; x_wconf 88' lang='lat' dir='ltr'>indeprehensibilem</span> <span class='ocrx_word' id='word_1_144' title='bbox 954 1243 1104 1294; x_wconf 88' lang='lat' dir='ltr'>sparsit</span> <span class='ocrx_word' id='word_1_145' title='bbox 1143 1255 1337 1292; x_wconf 90' lang='lat' dir='ltr'>errorem,</span> <span class='ocrx_word' id='word_1_146' title='bbox 1380 1242 1483 1280; x_wconf 90' lang='lat' dir='ltr'>nihil</span> 
     </span>
     <span class='ocr_line' id='line_1_21' title="bbox 103 1302 1483 1354; baseline -0.001 -12"><span class='ocrx_word' id='word_1_147' title='bbox 103 1305 165 1343; x_wconf 88' lang='lat' dir='ltr'>ita</span> <span class='ocrx_word' id='word_1_148' title='bbox 194 1304 352 1344; x_wconf 86' lang='lat' dir='ltr'>locutus</span> <span class='ocrx_word' id='word_1_149' title='bbox 384 1305 464 1354; x_wconf 89' lang='lat' dir='ltr'>est,</span> <span class='ocrx_word' id='word_1_150' title='bbox 495 1306 542 1343; x_wconf 92' lang='lat' dir='ltr'>ut</span> <span class='ocrx_word' id='word_1_151' title='bbox 572 1304 676 1342; x_wconf 83' lang='lat' dir='ltr'>fflud</span> <span class='ocrx_word' id='word_1_152' title='bbox 707 1302 960 1342; x_wconf 88' lang='lat' dir='ltr'>audientium</span> <span class='ocrx_word' id='word_1_153' title='bbox 990 1303 1272 1353; x_wconf 87' lang='lat' dir='ltr'>interpretatio</span> <span class='ocrx_word' id='word_1_154' title='bbox 1303 1303 1483 1342; x_wconf 82' lang='lat' dir='ltr'>traheret</span> 
     </span>
    </p>

    <p class='ocr_par' dir='ltr' id='par_1_8' title="bbox 50 1363 1484 1598">
     <span class='ocr_line' id='line_1_22' title="bbox 50 1363 1484 1417; baseline -0.003 -11"><span class='ocrx_word' id='word_1_155' title='bbox 50 1379 87 1406; x_wconf 74' lang='lat'>20</span> <span class='ocrx_word' id='word_1_156' title='bbox 106 1364 378 1417; x_wconf 89' lang='lat' dir='ltr'>dirigeretque</span> <span class='ocrx_word' id='word_1_157' title='bbox 410 1378 489 1415; x_wconf 93' lang='lat' dir='ltr'>quo</span> <span class='ocrx_word' id='word_1_158' title='bbox 521 1365 673 1404; x_wconf 88' lang='lat' dir='ltr'>mallet.</span> <span class='ocrx_word' id='word_1_159' title='bbox 730 1365 875 1414; x_wconf 89' lang='lat' dir='ltr'>atquin</span> <span class='ocrx_word' id='word_1_160' title='bbox 905 1364 949 1402; x_wconf 88' lang='lat' dir='ltr'>in</span> <span class='ocrx_word' id='word_1_161' title='bbox 981 1377 1027 1403; x_wconf 91' lang='lat' dir='ltr'>eo</span> <span class='ocrx_word' id='word_1_162' title='bbox 1058 1365 1148 1403; x_wconf 87' lang='lat' dir='ltr'>tota</span> <span class='ocrx_word' id='word_1_163' title='bbox 1178 1365 1284 1403; x_wconf 90' lang='lat' dir='ltr'>ratio</span> <span class='ocrx_word' id='word_1_164' title='bbox 1316 1363 1484 1402; x_wconf 88' lang='lat' dir='ltr'>fallendi</span> 
     </span>
     <span class='ocr_line' id='line_1_23' title="bbox 106 1424 1483 1476; baseline -0.002 -11"><span class='ocrx_word' id='word_1_165' title='bbox 106 1426 184 1475; x_wconf 85' lang='lat' dir='ltr'>est,</span> <span class='ocrx_word' id='word_1_166' title='bbox 221 1437 303 1465; x_wconf 91' lang='lat' dir='ltr'>non</span> <span class='ocrx_word' id='word_1_167' title='bbox 334 1425 430 1464; x_wconf 90' lang='lat' dir='ltr'>dare</span> <span class='ocrx_word' id='word_1_168' title='bbox 462 1425 762 1465; x_wconf 89' lang='lat' dir='ltr'>consulentibus</span> <span class='ocrx_word' id='word_1_169' title='bbox 795 1424 903 1475; x_wconf 92' lang='lat' dir='ltr'>quod</span> <span class='ocrx_word' id='word_1_170' title='bbox 934 1424 1172 1474; x_wconf 87' lang='lat' dir='ltr'>deposcant,</span> <span class='ocrx_word' id='word_1_171' title='bbox 1208 1424 1278 1463; x_wconf 92' lang='lat' dir='ltr'>sed</span> <span class='ocrx_word' id='word_1_172' title='bbox 1310 1424 1483 1476; x_wconf 84' lang='lat' dir='ltr'>caligine</span> 
     </span>
     <span class='ocr_line' id='line_1_24' title="bbox 103 1484 1484 1538; baseline -0.001 -13"><span class='ocrx_word' id='word_1_173' title='bbox 103 1496 339 1538; x_wconf 63' lang='lat' dir='ltr'>magnaque&gt;</span> <span class='ocrx_word' id='word_1_174' title='bbox 369 1487 660 1536; x_wconf 89' lang='lat' dir='ltr'>promissorum</span> <span class='ocrx_word' id='word_1_175' title='bbox 696 1485 879 1524; x_wconf 85' lang='lat' dir='ltr'>vanitate</span> <span class='ocrx_word' id='word_1_176' title='bbox 919 1497 1131 1535; x_wconf 89' lang='lat' dir='ltr'>suspensos</span> <span class='ocrx_word' id='word_1_177' title='bbox 1170 1485 1226 1523; x_wconf 91' lang='lat' dir='ltr'>sic</span> <span class='ocrx_word' id='word_1_178' title='bbox 1268 1484 1484 1534; x_wconf 89' lang='lat' dir='ltr'>dimittere,</span> 
     </span>
     <span class='ocr_line' id='line_1_25' title="bbox 105 1545 1484 1598; baseline -0.001 -13"><span class='ocrx_word' id='word_1_179' title='bbox 105 1548 152 1586; x_wconf 84' lang='lat' dir='ltr'>ut</span> <span class='ocrx_word' id='word_1_180' title='bbox 183 1546 376 1598; x_wconf 88' lang='lat' dir='ltr'>quicquid</span> <span class='ocrx_word' id='word_1_181' title='bbox 408 1559 524 1586; x_wconf 90' lang='lat' dir='ltr'>casus</span> <span class='ocrx_word' id='word_1_182' title='bbox 563 1546 766 1595; x_wconf 87' lang='lat' dir='ltr'>attulerit,</span> <span class='ocrx_word' id='word_1_183' title='bbox 805 1547 951 1596; x_wconf 88' lang='lat' dir='ltr'>putent</span> <span class='ocrx_word' id='word_1_184' title='bbox 983 1558 1066 1585; x_wconf 86' lang='lat' dir='ltr'>esse</span> <span class='ocrx_word' id='word_1_185' title='bbox 1104 1545 1368 1597; x_wconf 86' lang='lat' dir='ltr'>praedictum.</span> <span class='ocrx_word' id='word_1_186' title='bbox 1433 1558 1484 1584; x_wconf 86' lang='lat' dir='ltr'>an</span> 
     </span>
    </p>
   </div>
   <div class='ocr_carea' id='block_1_3' title="bbox 106 1617 396 1620">
    <p class='ocr_par' dir='ltr' id='par_1_9' title="bbox 106 1617 396 1620">
     <span class='ocr_line' id='line_1_26' title="bbox 106 1617 396 1620; baseline 0 0"><span class='ocrx_word' id='word_1_187' title='bbox 106 1617 396 1620; x_wconf 95' lang='lat' dir='ltr'> </span> 
     </span>
    </p>
   </div>
   <div class='ocr_carea' id='block_1_4' title="bbox 104 1648 1485 1791">
    <p class='ocr_par' dir='ltr' id='par_1_10' title="bbox 104 1648 1484 1791">
     <span class='ocr_line' id='line_1_27' title="bbox 104 1648 1484 1695; baseline -0.001 -10"><span class='ocrx_word' id='word_1_188' title='bbox 104 1649 309 1685; x_wconf 80' lang='lat' dir='ltr'>latentium</span> <span class='ocrx_word' id='word_1_189' title='bbox 338 1649 488 1685; x_wconf 87' lang='lat' dir='ltr'>ratione</span> <span class='ocrx_word' id='word_1_190' title='bbox 520 1649 682 1685; x_wconf 85' lang='lat' dir='ltr'>collecta</span> <span class='ocrx_word' id='word_1_191' title='bbox 712 1648 886 1695; x_wconf 88' lang='lat' dir='ltr'>pervenit</span> <span class='ocrx_word' id='word_1_192' title='bbox 912 1648 962 1684; x_wconf 88' lang='lat' dir='ltr'>ad</span> <span class='ocrx_word' id='word_1_193' title='bbox 988 1659 1141 1693; x_wconf 86' lang='lat' dir='ltr'>causas,</span> <span class='ocrx_word' id='word_1_194' title='bbox 1167 1650 1212 1684; x_wconf 89' lang='lat' dir='ltr'>ut</span> <span class='ocrx_word' id='word_1_195' title='bbox 1236 1648 1484 1695; x_wconf 88' lang='lat' dir='ltr'>profanarum</span> 
     </span>
     <span class='ocr_line' id='line_1_28' title="bbox 105 1697 1485 1745; baseline -0.001 -11"><span class='ocrx_word' id='word_1_196' title='bbox 105 1697 335 1745; x_wconf 82' lang='lat' dir='ltr'>religionum</span> <span class='ocrx_word' id='word_1_197' title='bbox 358 1698 575 1733; x_wconf 83' lang='lat' dir='ltr'>miseranda</span> <span class='ocrx_word' id='word_1_198' title='bbox 602 1699 817 1733; x_wconf 89' lang='lat' dir='ltr'>commenta</span> <span class='ocrx_word' id='word_1_199' title='bbox 840 1697 1050 1732; x_wconf 87' lang='lat' dir='ltr'>humanum</span> <span class='ocrx_word' id='word_1_200' title='bbox 1075 1707 1195 1743; x_wconf 89' lang='lat' dir='ltr'>genus</span> <span class='ocrx_word' id='word_1_201' title='bbox 1220 1697 1388 1744; x_wconf 88' lang='lat' dir='ltr'>primum</span> <span class='ocrx_word' id='word_1_202' title='bbox 1408 1697 1485 1733; x_wconf 84' lang='lat' dir='ltr'>dis-</span> 
     </span>
     <span class='ocr_line' id='line_1_29' title="bbox 105 1746 1047 1791; baseline -0.001 -9"><span class='ocrx_word' id='word_1_203' title='bbox 105 1748 219 1791; x_wconf 86' lang='lat' dir='ltr'>ceret,</span> <span class='ocrx_word' id='word_1_204' title='bbox 245 1746 384 1782; x_wconf 90' lang='lat' dir='ltr'>deinde</span> <span class='ocrx_word' id='word_1_205' title='bbox 410 1748 678 1790; x_wconf 71' lang='lat' dir='ltr'>contemneret,</span> <span class='ocrx_word' id='word_1_206' title='bbox 704 1746 819 1782; x_wconf 86' lang='lat' dir='ltr'>tertio</span> <span class='ocrx_word' id='word_1_207' title='bbox 844 1747 1047 1782; x_wconf 86' lang='lat' dir='ltr'>recusaret</span> 
     </span>
    </p>
   </div>
   <div class='ocr_carea' id='block_1_5' title="bbox 107 1810 398 1815">
    <p class='ocr_par' dir='ltr' id='par_1_11' title="bbox 107 1810 398 1815">
     <span class='ocr_line' id='line_1_30' title="bbox 107 1810 398 1815; baseline 0 0"><span class='ocrx_word' id='word_1_208' title='bbox 107 1810 398 1815; x_wconf 95' lang='lat' dir='ltr'> </span> 
     </span>
    </p>
   </div>
   <div class='ocr_carea' id='block_1_6' title="bbox 106 1842 1486 1940">
    <p class='ocr_par' dir='ltr' id='par_1_12' title="bbox 106 1842 1486 1940">
     <span class='ocr_line' id='line_1_31' title="bbox 203 1842 1485 1888; baseline -0.001 -10"><span class='ocrx_word' id='word_1_209' title='bbox 203 1847 222 1879; x_wconf 92' lang='lat'>1</span> <span class='ocrx_word' id='word_1_210' title='bbox 250 1843 418 1879; x_wconf 87' lang='lat' dir='ltr'>archana</span> <span class='ocrx_word' id='word_1_211' title='bbox 443 1852 463 1886; x_wconf 77' lang='grc' dir='ltr'><strong><em>β</em></strong></span> <span class='ocrx_word' id='word_1_212' title='bbox 532 1847 552 1879; x_wconf 95' lang='grc'><strong>2</strong></span> <span class='ocrx_word' id='word_1_213' title='bbox 580 1854 729 1879; x_wconf 86' lang='lat' dir='ltr'>sacrum</span> <span class='ocrx_word' id='word_1_214' title='bbox 748 1852 784 1886; x_wconf 70' lang='grc' dir='ltr'>βε</span> <span class='ocrx_word' id='word_1_215' title='bbox 812 1854 918 1879; x_wconf 83' lang='lat' dir='ltr'>sacro</span> <span class='ocrx_word' id='word_1_216' title='bbox 937 1849 1045 1887; x_wconf 68' lang='grc' dir='ltr'>Βΐσς</span> <span class='ocrx_word' id='word_1_217' title='bbox 1071 1853 1180 1878; x_wconf 85' lang='lat' dir='ltr'>sacra</span> <span class='ocrx_word' id='word_1_218' title='bbox 1200 1849 1244 1877; x_wconf 71' lang='grc' dir='ltr'><em>Μ</em></span> <span class='ocrx_word' id='word_1_219' title='bbox 1288 1842 1485 1888; x_wconf 88' lang='lat' dir='ltr'>ingenium</span> 
     </span>
     <span class='ocr_line' id='line_1_32' title="bbox 106 1891 1486 1940; baseline -0.001 -13"><span class='ocrx_word' id='word_1_220' title='bbox 106 1899 144 1934; x_wconf 72' lang='grc' dir='ltr'>βε</span> <span class='ocrx_word' id='word_1_221' title='bbox 165 1891 320 1939; x_wconf 87' lang='lat' dir='ltr'>ingenio</span> <span class='ocrx_word' id='word_1_222' title='bbox 339 1898 446 1937; x_wconf 66' lang='grc' dir='ltr'>Βΐσς</span> <span class='ocrx_word' id='word_1_223' title='bbox 472 1891 628 1938; x_wconf 88' lang='lat' dir='ltr'>ingenia</span> <span class='ocrx_word' id='word_1_224' title='bbox 653 1898 697 1927; x_wconf 75' lang='grc' dir='ltr'><em>Μ</em></span> <span class='ocrx_word' id='word_1_225' title='bbox 768 1891 866 1940; x_wconf 78' lang='lat' dir='ltr'>(se)</span> <span class='ocrx_word' id='word_1_226' title='bbox 888 1902 994 1927; x_wconf 89' lang='lat' dir='ltr'>sacro</span> <span class='ocrx_word' id='word_1_227' title='bbox 1013 1891 1119 1926; x_wconf 85' lang='lat' dir='ltr'>misit</span> <span class='ocrx_word' id='word_1_228' title='bbox 1138 1891 1292 1938; x_wconf 87' lang='lat' dir='ltr'>ingenio</span> <span class='ocrx_word' id='word_1_229' title='bbox 1311 1891 1365 1927; x_wconf 88' lang='lat' dir='ltr'>H.</span> <span class='ocrx_word' id='word_1_230' title='bbox 1380 1903 1421 1937; x_wconf 83' lang='lat' dir='ltr'>p.</span> <span class='ocrx_word' id='word_1_231' title='bbox 1437 1894 1486 1926; x_wconf 78' lang='lat'>57</span> 
     </span>
    </p>
   </div>
   <div class='ocr_carea' id='block_1_7' title="bbox 105 1951 1486 2106">
    <p class='ocr_par' dir='ltr' id='par_1_13' title="bbox 105 1951 1486 2106">
     <span class='ocr_line' id='line_1_33' title="bbox 106 1951 1486 2001; baseline -0.001 -2"><span class='ocrx_word' id='word_1_232' title='bbox 106 1968 129 1998; x_wconf 84' lang='lat'>4</span> <span class='ocrx_word' id='word_1_233' title='bbox 152 1963 321 2000; x_wconf 86' lang='lat' dir='ltr'>miraris:</span> <span class='ocrx_word' id='word_1_234' title='bbox 347 1964 362 1999; x_wconf 91' lang='lat' dir='ltr'>i</span> <span class='ocrx_word' id='word_1_235' title='bbox 387 1965 544 2000; x_wconf 81' lang='lat' dir='ltr'>alterum</span> <span class='ocrx_word' id='word_1_236' title='bbox 569 1965 611 2000; x_wconf 78' lang='lat' dir='ltr'>in</span> <span class='ocrx_word' id='word_1_237' title='bbox 636 1976 710 2001; x_wconf 77' lang='lat' dir='ltr'>ras.</span> <span class='ocrx_word' id='word_1_238' title='bbox 730 1970 768 1999; x_wconf 93' lang='grc' dir='ltr'><em>Β</em></span> <span class='ocrx_word' id='word_1_239' title='bbox 889 1968 910 1999; x_wconf 83' lang='lat'>5</span> <span class='ocrx_word' id='word_1_240' title='bbox 936 1963 1136 1999; x_wconf 85' lang='lat' dir='ltr'>nuntiatur</span> <span class='ocrx_word' id='word_1_241' title='bbox 1159 1970 1228 1998; x_wconf 71' lang='grc' dir='ltr'>Μσ</span> <span class='ocrx_word' id='word_1_242' title='bbox 1348 1967 1368 1999; x_wconf 88' lang='grc'><strong>6</strong></span> <span class='ocrx_word' id='word_1_243' title='bbox 1395 1951 1486 1998; x_wconf 58' lang='lat' dir='ltr'>lagi-</span> 
     </span>
     <span class='ocr_line' id='line_1_34' title="bbox 105 2011 1486 2057; baseline -0.001 -9"><span class='ocrx_word' id='word_1_244' title='bbox 105 2012 199 2048; x_wconf 87' lang='lat' dir='ltr'>tudo</span> <span class='ocrx_word' id='word_1_245' title='bbox 223 2019 262 2048; x_wconf 87' lang='grc' dir='ltr'><em>Β</em></span> <span class='ocrx_word' id='word_1_246' title='bbox 359 2016 379 2048; x_wconf 86' lang='grc'><strong>7</strong></span> <span class='ocrx_word' id='word_1_247' title='bbox 406 2024 554 2048; x_wconf 85' lang='lat' dir='ltr'>severas</span> <span class='ocrx_word' id='word_1_248' title='bbox 582 2021 618 2048; x_wconf 67' lang='lat' dir='ltr'>s:</span> <span class='ocrx_word' id='word_1_249' title='bbox 646 2024 797 2048; x_wconf 88' lang='lat' dir='ltr'>serenas</span> <span class='ocrx_word' id='word_1_250' title='bbox 823 2027 853 2047; x_wconf 90' lang='grc' dir='ltr'>ω</span> <span class='ocrx_word' id='word_1_251' title='bbox 952 2015 974 2047; x_wconf 88' lang='grc'>8</span> <span class='ocrx_word' id='word_1_252' title='bbox 1001 2011 1106 2047; x_wconf 87' lang='lat' dir='ltr'>soliti</span> <span class='ocrx_word' id='word_1_253' title='bbox 1130 2018 1183 2057; x_wconf 83' lang='lat' dir='ltr'>B,</span> <span class='ocrx_word' id='word_1_254' title='bbox 1215 2023 1307 2048; x_wconf 82' lang='lat' dir='ltr'>corr.</span> <span class='ocrx_word' id='word_1_255' title='bbox 1329 2013 1371 2048; x_wconf 80' lang='lat' dir='ltr'>in</span> <span class='ocrx_word' id='word_1_256' title='bbox 1396 2023 1435 2047; x_wconf 91' lang='lat'>-0</span> <span class='ocrx_word' id='word_1_257' title='bbox 1462 2019 1486 2046; x_wconf 71' lang='lat' dir='ltr'><strong><em>b</em></strong></span> 
     </span>
     <span class='ocr_line' id='line_1_35' title="bbox 107 2060 1484 2106; baseline 0 -11"><span class='ocrx_word' id='word_1_258' title='bbox 107 2063 128 2095; x_wconf 83' lang='lat'>9</span> <span class='ocrx_word' id='word_1_259' title='bbox 155 2071 329 2097; x_wconf 84' lang='lat' dir='ltr'>excussa:</span> <span class='ocrx_word' id='word_1_260' title='bbox 357 2061 510 2097; x_wconf 86' lang='lat' dir='ltr'>exclusa</span> <span class='ocrx_word' id='word_1_261' title='bbox 535 2067 615 2096; x_wconf 65' lang='grc' dir='ltr'>ΒΜ</span> <span class='ocrx_word' id='word_1_262' title='bbox 698 2065 743 2096; x_wconf 94' lang='grc'>10</span> <span class='ocrx_word' id='word_1_263' title='bbox 769 2072 816 2096; x_wconf 91' lang='lat' dir='ltr'>ne</span> <span class='ocrx_word' id='word_1_264' title='bbox 843 2067 900 2105; x_wconf 70' lang='lat' dir='ltr'>M;</span> <span class='ocrx_word' id='word_1_265' title='bbox 926 2071 1012 2096; x_wconf 84' lang='lat' dir='ltr'>vere</span> <span class='ocrx_word' id='word_1_266' title='bbox 1037 2075 1080 2095; x_wconf 75' lang='grc' dir='ltr'>ιη</span> <span class='ocrx_word' id='word_1_267' title='bbox 1162 2060 1359 2106; x_wconf 89' lang='lat' dir='ltr'>ingenium</span> <span class='ocrx_word' id='word_1_268' title='bbox 1386 2060 1484 2096; x_wconf 79' lang='lat' dir='ltr'>Sch.:</span> 
     </span>
    </p>
   </div>
   <div class='ocr_carea' id='block_1_8' title="bbox 0 2102 1394 2188">
    <p class='ocr_par' dir='ltr' id='par_1_14' title="bbox 0 2102 1394 2188">
     <span class='ocr_line' id='line_1_36' title="bbox 0 2102 1394 2188; baseline 0.001 -22"><span class='ocrx_word' id='word_1_269' title='bbox 0 2102 22 2188; x_wconf 59' lang='grc' dir='ltr'>Ξ</span> <span class='ocrx_word' id='word_1_270' title='bbox 106 2132 260 2179; x_wconf 83' lang='lat' dir='ltr'>ingenio</span> <span class='ocrx_word' id='word_1_271' title='bbox 286 2148 316 2168; x_wconf 86' lang='grc' dir='ltr'><strong>ω</strong></span> <span class='ocrx_word' id='word_1_272' title='bbox 414 2145 545 2180; x_wconf 83' lang='lat' dir='ltr'>quam:</span> <span class='ocrx_word' id='word_1_273' title='bbox 572 2144 647 2179; x_wconf 92' lang='lat' dir='ltr'>quo</span> <span class='ocrx_word' id='word_1_274' title='bbox 673 2140 711 2169; x_wconf 83' lang='lat' dir='ltr'><em>P</em></span> <span class='ocrx_word' id='word_1_275' title='bbox 806 2137 849 2169; x_wconf 91' lang='lat'>11</span> <span class='ocrx_word' id='word_1_276' title='bbox 878 2111 928 2169; x_wconf 57' lang='lat' dir='ltr'>sit</span> <span class='ocrx_word' id='word_1_277' title='bbox 959 2139 987 2168; x_wconf 72' lang='grc' dir='ltr'><strong><em>Γ</em></strong></span> <span class='ocrx_word' id='word_1_278' title='bbox 1080 2133 1217 2169; x_wconf 87' lang='lat' dir='ltr'>deinde</span> <span class='ocrx_word' id='word_1_279' title='bbox 1243 2132 1324 2168; x_wconf 91' lang='lat' dir='ltr'>fieri</span> <span class='ocrx_word' id='word_1_280' title='bbox 1351 2139 1394 2168; x_wconf 71' lang='lat' dir='ltr'><em>M</em></span> 
     </span>
    </p>
   </div>
   <div class='ocr_carea' id='block_1_9' title="bbox 108 2182 1492 2277">
    <p class='ocr_par' dir='ltr' id='par_1_15' title="bbox 108 2182 1492 2277">
     <span class='ocr_line' id='line_1_37' title="bbox 108 2182 1492 2227; baseline 0 -11"><span class='ocrx_word' id='word_1_281' title='bbox 108 2185 152 2216; x_wconf 89' lang='grc'>12</span> <span class='ocrx_word' id='word_1_282' title='bbox 179 2185 201 2217; x_wconf 74' lang='grc' dir='ltr'><strong>ἓ</strong></span> <span class='ocrx_word' id='word_1_283' title='bbox 225 2193 270 2218; x_wconf 74' lang='lat' dir='ltr'>ea:</span> <span class='ocrx_word' id='word_1_284' title='bbox 294 2184 341 2218; x_wconf 61' lang='grc' dir='ltr'>Εἴ</span> <span class='ocrx_word' id='word_1_285' title='bbox 365 2188 404 2217; x_wconf 96' lang='grc' dir='ltr'><em>Β</em></span> <span class='ocrx_word' id='word_1_286' title='bbox 475 2184 613 2218; x_wconf 85' lang='lat' dir='ltr'>natura</span> <span class='ocrx_word' id='word_1_287' title='bbox 638 2194 683 2218; x_wconf 76' lang='lat' dir='ltr'>ex</span> <span class='ocrx_word' id='word_1_288' title='bbox 707 2183 869 2217; x_wconf 88' lang='lat' dir='ltr'>naturae</span> <span class='ocrx_word' id='word_1_289' title='bbox 895 2184 930 2227; x_wconf 90' lang='lat' dir='ltr'>(e</span> <span class='ocrx_word' id='word_1_290' title='bbox 956 2183 1019 2227; x_wconf 85' lang='lat' dir='ltr'>er.)</span> <span class='ocrx_word' id='word_1_291' title='bbox 1039 2188 1077 2216; x_wconf 94' lang='grc' dir='ltr'><em>Β</em></span> <span class='ocrx_word' id='word_1_292' title='bbox 1149 2186 1194 2217; x_wconf 82' lang='lat'>14</span> <span class='ocrx_word' id='word_1_293' title='bbox 1221 2182 1438 2217; x_wconf 84' lang='lat' dir='ltr'>ostedamus</span> <span class='ocrx_word' id='word_1_294' title='bbox 1464 2187 1492 2215; x_wconf 71' lang='lat' dir='ltr'><strong><em>Y</em></strong></span> 
     </span>
     <span class='ocr_line' id='line_1_38' title="bbox 109 2229 1485 2277; baseline 0 -13"><span class='ocrx_word' id='word_1_295' title='bbox 109 2233 153 2265; x_wconf 82' lang='lat'>15</span> <span class='ocrx_word' id='word_1_296' title='bbox 178 2229 364 2266; x_wconf 85' lang='lat' dir='ltr'>mentium</span> <span class='ocrx_word' id='word_1_297' title='bbox 390 2237 440 2276; x_wconf 74' lang='lat' dir='ltr'>M,</span> <span class='ocrx_word' id='word_1_298' title='bbox 466 2233 484 2267; x_wconf 93' lang='lat' dir='ltr'>t</span> <span class='ocrx_word' id='word_1_299' title='bbox 507 2242 608 2277; x_wconf 79' lang='lat' dir='ltr'>supr.</span> <span class='ocrx_word' id='word_1_300' title='bbox 628 2245 672 2265; x_wconf 72' lang='lat' dir='ltr'>n·</span> <span class='ocrx_word' id='word_1_301' title='bbox 757 2234 800 2266; x_wconf 78' lang='lat'>17</span> <span class='ocrx_word' id='word_1_302' title='bbox 829 2229 1028 2277; x_wconf 51' lang='lat' dir='ltr'>confugdit</span> <span class='ocrx_word' id='word_1_303' title='bbox 1054 2231 1092 2276; x_wconf 93' lang='lat' dir='ltr'>(n</span> <span class='ocrx_word' id='word_1_304' title='bbox 1118 2232 1186 2276; x_wconf 72' lang='lat' dir='ltr'>er.)</span> <span class='ocrx_word' id='word_1_305' title='bbox 1207 2236 1245 2265; x_wconf 83' lang='lat' dir='ltr'><em>B</em></span> <span class='ocrx_word' id='word_1_306' title='bbox 1318 2233 1362 2264; x_wconf 86' lang='lat'>19</span> <span class='ocrx_word' id='word_1_307' title='bbox 1389 2229 1485 2264; x_wconf 92' lang='lat' dir='ltr'>illud</span> 
     </span>
    </p>
   </div>
   <div class='ocr_carea' id='block_1_10' title="bbox 107 2280 1487 2436">
    <p class='ocr_par' dir='ltr' id='par_1_16' title="bbox 107 2280 1487 2436">
     <span class='ocr_line' id='line_1_39' title="bbox 108 2280 1419 2349; baseline 0 -12"><span class='ocrx_word' id='word_1_308' title='bbox 108 2310 145 2338; x_wconf 68' lang='lat' dir='ltr'>e:</span> <span class='ocrx_word' id='word_1_309' title='bbox 172 2301 282 2338; x_wconf 87' lang='lat' dir='ltr'>illum</span> <span class='ocrx_word' id='word_1_310' title='bbox 307 2317 337 2338; x_wconf 84' lang='grc' dir='ltr'><strong>ω</strong></span> <span class='ocrx_word' id='word_1_311' title='bbox 417 2302 699 2349; x_wconf 85' lang='lat' dir='ltr'>interpretatio:</span> <span class='ocrx_word' id='word_1_312' title='bbox 727 2313 748 2338; x_wconf 95' lang='lat' dir='ltr'>o</span> <span class='ocrx_word' id='word_1_313' title='bbox 775 2304 817 2339; x_wconf 82' lang='lat' dir='ltr'>in-</span> <span class='ocrx_word' id='word_1_314' title='bbox 841 2314 915 2339; x_wconf 82' lang='lat' dir='ltr'>ras.</span> <span class='ocrx_word' id='word_1_315' title='bbox 936 2309 973 2338; x_wconf 91' lang='grc' dir='ltr'><em>Β</em></span> <span class='ocrx_word' id='word_1_316' title='bbox 1055 2306 1100 2337; x_wconf 94' lang='grc'>20</span> <span class='ocrx_word' id='word_1_317' title='bbox 1127 2280 1366 2349; x_wconf 57' lang='grc' dir='ltr'>ᾶίιίςετξᾳιιθ</span> <span class='ocrx_word' id='word_1_318' title='bbox 1391 2308 1419 2336; x_wconf 71' lang='grc' dir='ltr'>Γ</span> 
     </span>
     <span class='ocr_line' id='line_1_40' title="bbox 107 2349 1487 2398; baseline -0.001 -12"><span class='ocrx_word' id='word_1_319' title='bbox 107 2349 149 2386; x_wconf 85' lang='grc'>111</span> <span class='ocrx_word' id='word_1_320' title='bbox 178 2362 246 2387; x_wconf 85' lang='lat' dir='ltr'>om.</span> <span class='ocrx_word' id='word_1_321' title='bbox 269 2357 312 2386; x_wconf 75' lang='grc' dir='ltr'><em>Μ</em></span> <span class='ocrx_word' id='word_1_322' title='bbox 431 2355 476 2386; x_wconf 94' lang='grc'>21</span> <span class='ocrx_word' id='word_1_323' title='bbox 510 2350 714 2398; x_wconf 84' lang='lat' dir='ltr'>caliginem</span> <span class='ocrx_word' id='word_1_324' title='bbox 738 2357 776 2386; x_wconf 91' lang='grc' dir='ltr'><em>Β</em></span> <span class='ocrx_word' id='word_1_325' title='bbox 897 2355 942 2386; x_wconf 88' lang='grc'>22</span> <span class='ocrx_word' id='word_1_326' title='bbox 974 2350 1144 2387; x_wconf 86' lang='lat' dir='ltr'>vanitate</span> <span class='ocrx_word' id='word_1_327' title='bbox 1171 2366 1218 2387; x_wconf 77' lang='lat' dir='ltr'>m:</span> <span class='ocrx_word' id='word_1_328' title='bbox 1254 2350 1438 2386; x_wconf 82' lang='lat' dir='ltr'>varietate</span> <span class='ocrx_word' id='word_1_329' title='bbox 1466 2358 1487 2384; x_wconf 79' lang='grc' dir='ltr'><strong><em>ς</em></strong></span> 
     </span>
     <span class='ocr_line' id='line_1_41' title="bbox 108 2399 774 2436; baseline 0 -2"><span class='ocrx_word' id='word_1_330' title='bbox 108 2402 153 2434; x_wconf 86' lang='grc'>23</span> <span class='ocrx_word' id='word_1_331' title='bbox 181 2399 382 2435; x_wconf 81' lang='lat' dir='ltr'>attulerint</span> <span class='ocrx_word' id='word_1_332' title='bbox 411 2406 440 2434; x_wconf 74' lang='lat' dir='ltr'><strong><em>V</em></strong></span> <span class='ocrx_word' id='word_1_333' title='bbox 533 2410 614 2435; x_wconf 87' lang='lat' dir='ltr'>esse</span> <span class='ocrx_word' id='word_1_334' title='bbox 639 2411 707 2436; x_wconf 88' lang='lat' dir='ltr'>om.</span> <span class='ocrx_word' id='word_1_335' title='bbox 731 2405 774 2434; x_wconf 72' lang='grc' dir='ltr'><em>Μ</em></span> 
     </span>
    </p>
   </div>
   <div class='ocr_carea' id='block_1_11' title="bbox 181 2451 1268 2499">
    <p class='ocr_par' dir='ltr' id='par_1_17' title="bbox 181 2451 1268 2499">
     <span class='ocr_line' id='line_1_42' title="bbox 181 2451 1268 2499; baseline 0.001 -6"><span class='ocrx_word' id='word_1_336' title='bbox 181 2465 397 2499; x_wconf 64' lang='grc' dir='ltr'>(ὶπ-κτιιμιη</span> <span class='ocrx_word' id='word_1_337' title='bbox 415 2473 692 2494; x_wconf 53' lang='lat' dir='ltr'>nachan-noum</span> <span class='ocrx_word' id='word_1_338' title='bbox 713 2467 761 2493; x_wconf 86' lang='lat' dir='ltr'>ed.</span> <span class='ocrx_word' id='word_1_339' title='bbox 780 2467 806 2492; x_wconf 80' lang='lat' dir='ltr'>L</span> <span class='ocrx_word' id='word_1_340' title='bbox 814 2474 830 2493; x_wconf 89' lang='lat' dir='ltr'>e</span> <span class='ocrx_word' id='word_1_341' title='bbox 837 2451 886 2493; x_wconf 79' lang='grc'><strong>1111</strong></span> <span class='ocrx_word' id='word_1_342' title='bbox 893 2474 909 2493; x_wconf 82' lang='lat' dir='ltr'>e</span> <span class='ocrx_word' id='word_1_343' title='bbox 918 2471 960 2493; x_wconf 75' lang='lat' dir='ltr'>rt.</span> <span class='ocrx_word' id='word_1_344' title='bbox 1248 2462 1268 2494; x_wconf 90' lang='grc'>6</span> 
     </span>
    </p>
   </div>
  </div>
 </body>
</html>
