<?xml version="1.0" encoding="UTF-8"?>
<!DOCTYPE html PUBLIC "-//W3C//DTD XHTML 1.0 Transitional//EN"
    "http://www.w3.org/TR/xhtml1/DTD/xhtml1-transitional.dtd">
<html xmlns="http://www.w3.org/1999/xhtml" xml:lang="en" lang="en">
 <head>
  <title>
</title>
<meta http-equiv="Content-Type" content="text/html;charset=utf-8" />
  <meta name='ocr-system' content='tesseract 3.04.00' />
  <meta name='ocr-capabilities' content='ocr_page ocr_carea ocr_par ocr_line ocrx_word'/>
</head>
<body>
  <div class='ocr_page' id='page_1' title='image "./quintilianiquaef00lehnuoft_0334.png"; bbox 0 0 1638 2560; ppageno 0'>
   <div class='ocr_carea' id='block_1_1' title="bbox 143 127 986 174">
    <p class='ocr_par' dir='ltr' id='par_1_1' title="bbox 143 127 986 174">
     <span class='ocr_line' id='line_1_1' title="bbox 143 127 986 174; baseline 0.004 -13"><span class='ocrx_word' id='word_1_1' title='bbox 143 131 229 174; x_wconf 82' lang='lat'>298</span> <span class='ocrx_word' id='word_1_2' title='bbox 661 128 799 165; x_wconf 84' lang='lat' dir='ltr'>AMICI</span> <span class='ocrx_word' id='word_1_3' title='bbox 824 127 986 165; x_wconf 76' lang='lat' dir='ltr'>VADEs</span> 
     </span>
    </p>
   </div>
   <div class='ocr_carea' id='block_1_2' title="bbox 89 241 1578 1989">
    <p class='ocr_par' dir='ltr' id='par_1_2' title="bbox 137 241 1578 1203">
     <span class='ocr_line' id='line_1_2' title="bbox 143 241 1517 292; baseline -0.003 -7"><span class='ocrx_word' id='word_1_4' title='bbox 143 247 226 285; x_wconf 86' lang='lat' dir='ltr'>sine</span> <span class='ocrx_word' id='word_1_5' title='bbox 259 245 378 284; x_wconf 91' lang='lat' dir='ltr'>dubio</span> <span class='ocrx_word' id='word_1_6' title='bbox 417 244 599 283; x_wconf 87' lang='lat' dir='ltr'>adiecisti</span> <span class='ocrx_word' id='word_1_7' title='bbox 630 243 682 283; x_wconf 90' lang='lat' dir='ltr'>ad</span> <span class='ocrx_word' id='word_1_8' title='bbox 715 243 856 282; x_wconf 89' lang='lat' dir='ltr'>matris</span> <span class='ocrx_word' id='word_1_9' title='bbox 889 243 1088 292; x_wconf 90' lang='lat' dir='ltr'>adfectus,</span> <span class='ocrx_word' id='word_1_10' title='bbox 1126 241 1262 283; x_wconf 87' lang='lat' dir='ltr'>oculos</span> <span class='ocrx_word' id='word_1_11' title='bbox 1299 243 1343 281; x_wconf 88' lang='lat' dir='ltr'>in</span> <span class='ocrx_word' id='word_1_12' title='bbox 1379 241 1517 282; x_wconf 77' lang='lat' dir='ltr'>media</span> 
     </span>
     <span class='ocr_line' id='line_1_3' title="bbox 143 303 1516 355; baseline -0.001 -11"><span class='ocrx_word' id='word_1_13' title='bbox 143 306 314 345; x_wconf 88' lang='lat' dir='ltr'>orbitate</span> <span class='ocrx_word' id='word_1_14' title='bbox 343 305 502 355; x_wconf 76' lang='lat' dir='ltr'><strong>fudisti,</strong></span> <span class='ocrx_word' id='word_1_15' title='bbox 533 304 603 344; x_wconf 88' lang='lat' dir='ltr'>sed</span> <span class='ocrx_word' id='word_1_16' title='bbox 632 304 735 343; x_wconf 85' lang='lat' dir='ltr'>illud</span> <span class='ocrx_word' id='word_1_17' title='bbox 765 317 845 343; x_wconf 88' lang='lat' dir='ltr'>non</span> <span class='ocrx_word' id='word_1_18' title='bbox 876 304 988 343; x_wconf 85' lang='lat' dir='ltr'>laxat</span> <span class='ocrx_word' id='word_1_19' title='bbox 1019 305 1199 352; x_wconf 82' lang='lat' dir='ltr'>catenas,</span> <span class='ocrx_word' id='word_1_20' title='bbox 1223 315 1307 342; x_wconf 89' lang='lat' dir='ltr'>non</span> <span class='ocrx_word' id='word_1_21' title='bbox 1339 303 1516 354; x_wconf 78' lang='lat' dir='ltr'>explicat</span> 
     </span>
     <span class='ocr_line' id='line_1_4' title="bbox 143 363 1514 416; baseline -0.001 -11"><span class='ocrx_word' id='word_1_22' title='bbox 143 379 294 416; x_wconf 88' lang='lat' dir='ltr'>corpus.</span> <span class='ocrx_word' id='word_1_23' title='bbox 358 365 453 416; x_wconf 89' lang='lat' dir='ltr'>quid</span> <span class='ocrx_word' id='word_1_24' title='bbox 490 365 589 404; x_wconf 89' lang='lat' dir='ltr'>mihi</span> <span class='ocrx_word' id='word_1_25' title='bbox 626 365 790 414; x_wconf 89' lang='lat' dir='ltr'>prodest</span> <span class='ocrx_word' id='word_1_26' title='bbox 826 365 902 404; x_wconf 89' lang='lat' dir='ltr'>iste</span> <span class='ocrx_word' id='word_1_27' title='bbox 934 366 1004 415; x_wconf 93' lang='lat' dir='ltr'>qui</span> <span class='ocrx_word' id='word_1_28' title='bbox 1041 377 1083 403; x_wconf 88' lang='lat' dir='ltr'>se</span> <span class='ocrx_word' id='word_1_29' title='bbox 1116 365 1218 403; x_wconf 86' lang='lat' dir='ltr'>citra</span> <span class='ocrx_word' id='word_1_30' title='bbox 1254 363 1387 403; x_wconf 81' lang='lat' dir='ltr'>filium</span> <span class='ocrx_word' id='word_1_31' title='bbox 1420 376 1514 404; x_wconf 88' lang='lat' dir='ltr'>con-</span> 
     </span>
     <span class='ocr_line' id='line_1_5' title="bbox 142 423 1515 476; baseline -0.002 -10"><span class='ocrx_word' id='word_1_32' title='bbox 142 428 328 476; x_wconf 88' lang='lat' dir='ltr'>sumpsit,</span> <span class='ocrx_word' id='word_1_33' title='bbox 360 424 567 465; x_wconf 75' lang='lat' dir='ltr'>adfectus?</span> <span class='ocrx_word' id='word_1_34' title='bbox 628 425 718 476; x_wconf 79' lang='lat' dir='ltr'>plus</span> <span class='ocrx_word' id='word_1_35' title='bbox 751 425 909 464; x_wconf 86' lang='lat' dir='ltr'>fecisset</span> <span class='ocrx_word' id='word_1_36' title='bbox 940 426 1071 464; x_wconf 86' lang='lat' dir='ltr'>mater</span> <span class='ocrx_word' id='word_1_37' title='bbox 1103 437 1205 475; x_wconf 87' lang='lat' dir='ltr'>quae</span> <span class='ocrx_word' id='word_1_38' title='bbox 1236 425 1336 464; x_wconf 83' lang='lat' dir='ltr'>isset</span> <span class='ocrx_word' id='word_1_39' title='bbox 1366 423 1419 464; x_wconf 80' lang='lat' dir='ltr'>ad</span> <span class='ocrx_word' id='word_1_40' title='bbox 1448 426 1515 476; x_wconf 82' lang='lat' dir='ltr'>ty-</span> 
     </span>
     <span class='ocr_line' id='line_1_6' title="bbox 140 485 1568 538; baseline 0 -13"><span class='ocrx_word' id='word_1_41' title='bbox 140 500 318 525; x_wconf 89' lang='lat' dir='ltr'>rannum.</span> <span class='ocrx_word' id='word_1_42' title='bbox 372 486 559 538; x_wconf 86' lang='lat' dir='ltr'>alligatus</span> <span class='ocrx_word' id='word_1_43' title='bbox 586 499 685 534; x_wconf 90' lang='lat' dir='ltr'>sum,</span> <span class='ocrx_word' id='word_1_44' title='bbox 710 488 756 524; x_wconf 90' lang='lat' dir='ltr'>tu</span> <span class='ocrx_word' id='word_1_45' title='bbox 781 498 886 524; x_wconf 92' lang='lat' dir='ltr'>nunc</span> <span class='ocrx_word' id='word_1_46' title='bbox 911 485 967 524; x_wconf 87' lang='lat' dir='ltr'>sic</span> <span class='ocrx_word' id='word_1_47' title='bbox 993 485 1118 535; x_wconf 89' lang='lat' dir='ltr'>flebis,</span> <span class='ocrx_word' id='word_1_48' title='bbox 1143 486 1354 536; x_wconf 76' lang='lat' dir='ltr'>tamquam</span> <span class='ocrx_word' id='word_1_49' title='bbox 1378 485 1514 525; x_wconf 75' lang='lat' dir='ltr'>solvar</span> <span class='ocrx_word' id='word_1_50' title='bbox 1550 498 1568 525; x_wconf 79' lang='lat'><strong>5</strong></span> 
     </span>
     <span class='ocr_line' id='line_1_7' title="bbox 140 545 1514 596; baseline 0 -11"><span class='ocrx_word' id='word_1_51' title='bbox 140 549 182 585; x_wconf 87' lang='lat' dir='ltr'>in</span> <span class='ocrx_word' id='word_1_52' title='bbox 213 547 372 596; x_wconf 90' lang='lat' dir='ltr'>lectulo,</span> <span class='ocrx_word' id='word_1_53' title='bbox 404 548 611 596; x_wconf 90' lang='lat' dir='ltr'>tamquam</span> <span class='ocrx_word' id='word_1_54' title='bbox 643 548 686 584; x_wconf 90' lang='lat' dir='ltr'>in</span> <span class='ocrx_word' id='word_1_55' title='bbox 716 547 798 585; x_wconf 89' lang='lat' dir='ltr'>tuis</span> <span class='ocrx_word' id='word_1_56' title='bbox 829 546 1014 585; x_wconf 89' lang='lat' dir='ltr'>manibus</span> <span class='ocrx_word' id='word_1_57' title='bbox 1041 545 1230 596; x_wconf 82' lang='lat' dir='ltr'>expirem.</span> <span class='ocrx_word' id='word_1_58' title='bbox 1280 546 1324 584; x_wconf 93' lang='lat' dir='ltr'>in</span> <span class='ocrx_word' id='word_1_59' title='bbox 1350 545 1514 596; x_wconf 85' lang='lat' dir='ltr'>quibus-</span> 
     </span>
     <span class='ocr_line' id='line_1_8' title="bbox 141 606 1514 657; baseline 0.001 -12"><span class='ocrx_word' id='word_1_60' title='bbox 141 607 232 646; x_wconf 86' lang='lat' dir='ltr'>dam</span> <span class='ocrx_word' id='word_1_61' title='bbox 258 606 558 646; x_wconf 71' lang='lat' dir='ltr'>calamitatibus</span> <span class='ocrx_word' id='word_1_62' title='bbox 586 606 812 657; x_wconf 77' lang='lat' dir='ltr'>desperatio</span> <span class='ocrx_word' id='word_1_63' title='bbox 837 620 919 646; x_wconf 87' lang='lat' dir='ltr'>non</span> <span class='ocrx_word' id='word_1_64' title='bbox 952 608 1012 646; x_wconf 88' lang='lat' dir='ltr'>est</span> <span class='ocrx_word' id='word_1_65' title='bbox 1044 619 1224 647; x_wconf 87' lang='lat' dir='ltr'>summus</span> <span class='ocrx_word' id='word_1_66' title='bbox 1250 606 1434 657; x_wconf 77' lang='lat' dir='ltr'>affectus,</span> <span class='ocrx_word' id='word_1_67' title='bbox 1472 608 1514 646; x_wconf 88' lang='lat' dir='ltr'>et</span> 
     </span>
     <span class='ocr_line' id='line_1_9' title="bbox 140 666 1513 718; baseline 0.001 -13"><span class='ocrx_word' id='word_1_68' title='bbox 140 668 319 718; x_wconf 90' lang='lat' dir='ltr'>quisquis</span> <span class='ocrx_word' id='word_1_69' title='bbox 352 667 566 707; x_wconf 84' lang='lat' dir='ltr'>orbitatem</span> <span class='ocrx_word' id='word_1_70' title='bbox 604 667 743 706; x_wconf 88' lang='lat' dir='ltr'>statim</span> <span class='ocrx_word' id='word_1_71' title='bbox 782 667 924 718; x_wconf 89' lang='lat' dir='ltr'>credit,</span> <span class='ocrx_word' id='word_1_72' title='bbox 965 668 1133 707; x_wconf 81' lang='lat' dir='ltr'>festinat</span> <span class='ocrx_word' id='word_1_73' title='bbox 1164 667 1217 706; x_wconf 86' lang='lat' dir='ltr'>ad</span> <span class='ocrx_word' id='word_1_74' title='bbox 1245 666 1513 718; x_wconf 75' lang='lat' dir='ltr'>inpatientiae</span> 
     </span>
     <span class='ocr_line' id='line_1_10' title="bbox 140 727 1512 779; baseline 0.001 -13"><span class='ocrx_word' id='word_1_75' title='bbox 140 727 403 767; x_wconf 83' lang='lat' dir='ltr'>securitatem.</span> <span class='ocrx_word' id='word_1_76' title='bbox 466 727 688 767; x_wconf 80' lang='lat' dir='ltr'>dissimules</span> <span class='ocrx_word' id='word_1_77' title='bbox 726 728 840 778; x_wconf 90' lang='lat' dir='ltr'>licet,</span> <span class='ocrx_word' id='word_1_78' title='bbox 877 729 1023 779; x_wconf 86' lang='lat' dir='ltr'>mater,</span> <span class='ocrx_word' id='word_1_79' title='bbox 1061 729 1201 767; x_wconf 83' lang='lat' dir='ltr'>tantae</span> <span class='ocrx_word' id='word_1_80' title='bbox 1238 740 1312 779; x_wconf 92' lang='lat' dir='ltr'>pro</span> <span class='ocrx_word' id='word_1_81' title='bbox 1349 740 1414 767; x_wconf 89' lang='lat' dir='ltr'>me</span> <span class='ocrx_word' id='word_1_82' title='bbox 1450 729 1512 767; x_wconf 91' lang='lat' dir='ltr'>in-</span> 
     </span>
     <span class='ocr_line' id='line_1_11' title="bbox 138 787 1569 839; baseline 0.001 -13"><span class='ocrx_word' id='word_1_83' title='bbox 138 789 376 837; x_wconf 85' lang='lat' dir='ltr'>patientiae,</span> <span class='ocrx_word' id='word_1_84' title='bbox 414 789 500 827; x_wconf 88' lang='lat' dir='ltr'>tam</span> <span class='ocrx_word' id='word_1_85' title='bbox 535 788 780 828; x_wconf 88' lang='lat' dir='ltr'>incredibilis</span> <span class='ocrx_word' id='word_1_86' title='bbox 820 789 1016 839; x_wconf 86' lang='lat' dir='ltr'>adfectus,</span> <span class='ocrx_word' id='word_1_87' title='bbox 1057 789 1207 828; x_wconf 89' lang='lat' dir='ltr'>amicus</span> <span class='ocrx_word' id='word_1_88' title='bbox 1245 801 1332 828; x_wconf 88' lang='lat' dir='ltr'>rem</span> <span class='ocrx_word' id='word_1_89' title='bbox 1369 787 1512 828; x_wconf 80' lang='lat' dir='ltr'>diffici-</span> <span class='ocrx_word' id='word_1_90' title='bbox 1532 801 1569 828; x_wconf 76' lang='grc' dir='ltr'>ιο</span> 
     </span>
     <span class='ocr_line' id='line_1_12' title="bbox 140 847 1513 901; baseline 0.001 -15"><span class='ocrx_word' id='word_1_91' title='bbox 140 847 279 887; x_wconf 88' lang='lat' dir='ltr'>liorem</span> <span class='ocrx_word' id='word_1_92' title='bbox 310 848 417 898; x_wconf 87' lang='lat' dir='ltr'>fecit,</span> <span class='ocrx_word' id='word_1_93' title='bbox 450 848 556 898; x_wconf 91' lang='lat' dir='ltr'>quod</span> <span class='ocrx_word' id='word_1_94' title='bbox 587 850 761 888; x_wconf 82' lang='lat' dir='ltr'>servavit</span> <span class='ocrx_word' id='word_1_95' title='bbox 786 849 921 889; x_wconf 89' lang='lat' dir='ltr'>oculos</span> <span class='ocrx_word' id='word_1_96' title='bbox 947 862 1051 899; x_wconf 83' lang='lat' dir='ltr'>suos,</span> <span class='ocrx_word' id='word_1_97' title='bbox 1083 851 1130 888; x_wconf 91' lang='lat' dir='ltr'>ut</span> <span class='ocrx_word' id='word_1_98' title='bbox 1155 849 1404 901; x_wconf 79' lang='lat' dir='ltr'>alligaretur.</span> <span class='ocrx_word' id='word_1_99' title='bbox 1455 848 1513 888; x_wconf 79' lang='lat' dir='ltr'>dii</span> 
     </span>
     <span class='ocr_line' id='line_1_13' title="bbox 140 907 1514 960; baseline 0.002 -14"><span class='ocrx_word' id='word_1_100' title='bbox 140 907 330 958; x_wconf 81' lang='lat' dir='ltr'>deaeque!</span> <span class='ocrx_word' id='word_1_101' title='bbox 367 911 562 959; x_wconf 91' lang='lat' dir='ltr'>quantum</span> <span class='ocrx_word' id='word_1_102' title='bbox 592 909 661 948; x_wconf 92' lang='lat' dir='ltr'>ille</span> <span class='ocrx_word' id='word_1_103' title='bbox 692 909 897 959; x_wconf 85' lang='lat' dir='ltr'>praestitit</span> <span class='ocrx_word' id='word_1_104' title='bbox 929 912 999 960; x_wconf 90' lang='lat' dir='ltr'>qui</span> <span class='ocrx_word' id='word_1_105' title='bbox 1030 910 1131 949; x_wconf 92' lang='lat' dir='ltr'>mihi</span> <span class='ocrx_word' id='word_1_106' title='bbox 1161 909 1311 950; x_wconf 86' lang='lat' dir='ltr'>invidit</span> <span class='ocrx_word' id='word_1_107' title='bbox 1340 921 1514 960; x_wconf 81' lang='lat' dir='ltr'>poenam</span> 
     </span>
     <span class='ocr_line' id='line_1_14' title="bbox 137 970 1578 1021; baseline 0.001 -14"><span class='ocrx_word' id='word_1_108' title='bbox 137 981 268 1007; x_wconf 90' lang='lat' dir='ltr'>meam</span> <span class='ocrx_word' id='word_1_109' title='bbox 291 982 364 1008; x_wconf 89' lang='lat' dir='ltr'>nec</span> <span class='ocrx_word' id='word_1_110' title='bbox 388 970 568 1009; x_wconf 89' lang='lat' dir='ltr'>recessit!</span> <span class='ocrx_word' id='word_1_111' title='bbox 618 970 699 1020; x_wconf 89' lang='lat' dir='ltr'>ille,</span> <span class='ocrx_word' id='word_1_112' title='bbox 731 970 801 1008; x_wconf 81' lang='lat' dir='ltr'>ffle</span> <span class='ocrx_word' id='word_1_113' title='bbox 832 970 1055 1009; x_wconf 85' lang='lat' dir='ltr'>terribilem</span> <span class='ocrx_word' id='word_1_114' title='bbox 1081 983 1281 1010; x_wconf 80' lang='lat' dir='ltr'>carcerem</span> <span class='ocrx_word' id='word_1_115' title='bbox 1312 970 1413 1010; x_wconf 80' lang='lat' dir='ltr'>facit</span> <span class='ocrx_word' id='word_1_116' title='bbox 1437 971 1512 1021; x_wconf 90' lang='lat' dir='ltr'>qui</span> <span class='ocrx_word' id='word_1_117' title='bbox 1575 980 1578 982; x_wconf 73' lang='grc'>’</span> 
     </span>
     <span class='ocr_line' id='line_1_15' title="bbox 137 1028 1512 1080; baseline 0.003 -14"><span class='ocrx_word' id='word_1_118' title='bbox 137 1028 229 1068; x_wconf 88' lang='lat' dir='ltr'>inde</span> <span class='ocrx_word' id='word_1_119' title='bbox 259 1030 448 1080; x_wconf 87' lang='lat' dir='ltr'>procedit.</span> <span class='ocrx_word' id='word_1_120' title='bbox 497 1031 579 1068; x_wconf 92' lang='lat' dir='ltr'>iam</span> <span class='ocrx_word' id='word_1_121' title='bbox 605 1043 684 1069; x_wconf 89' lang='lat' dir='ltr'>non</span> <span class='ocrx_word' id='word_1_122' title='bbox 710 1031 888 1080; x_wconf 88' lang='lat' dir='ltr'>corporis</span> <span class='ocrx_word' id='word_1_123' title='bbox 914 1044 1038 1070; x_wconf 87' lang='lat' dir='ltr'>nexus</span> <span class='ocrx_word' id='word_1_124' title='bbox 1064 1031 1268 1080; x_wconf 87' lang='lat' dir='ltr'>haerebat,</span> <span class='ocrx_word' id='word_1_125' title='bbox 1299 1043 1373 1070; x_wconf 91' lang='lat' dir='ltr'>nec</span> <span class='ocrx_word' id='word_1_126' title='bbox 1398 1030 1512 1070; x_wconf 80' lang='lat' dir='ltr'>aliud</span> 
     </span>
     <span class='ocr_line' id='line_1_16' title="bbox 139 1090 1565 1143; baseline 0.001 -15"><span class='ocrx_word' id='word_1_127' title='bbox 139 1102 259 1139; x_wconf 89' lang='lat' dir='ltr'>quam</span> <span class='ocrx_word' id='word_1_128' title='bbox 289 1090 518 1129; x_wconf 86' lang='lat' dir='ltr'>resederant</span> <span class='ocrx_word' id='word_1_129' title='bbox 554 1090 728 1141; x_wconf 88' lang='lat' dir='ltr'>pondere</span> <span class='ocrx_word' id='word_1_130' title='bbox 760 1093 941 1141; x_wconf 84' lang='lat' dir='ltr'>catenae,</span> <span class='ocrx_word' id='word_1_131' title='bbox 977 1093 1206 1143; x_wconf 86' lang='lat' dir='ltr'>consumpti</span> <span class='ocrx_word' id='word_1_132' title='bbox 1237 1092 1358 1143; x_wconf 86' lang='lat' dir='ltr'>longo</span> <span class='ocrx_word' id='word_1_133' title='bbox 1390 1103 1511 1142; x_wconf 84' lang='lat' dir='ltr'>squa·</span> <span class='ocrx_word' id='word_1_134' title='bbox 1530 1104 1565 1130; x_wconf 83' lang='lat'>15</span> 
     </span>
     <span class='ocr_line' id='line_1_17' title="bbox 138 1149 1512 1203; baseline 0.003 -16"><span class='ocrx_word' id='word_1_135' title='bbox 138 1149 220 1188; x_wconf 92' lang='lat' dir='ltr'>lore</span> <span class='ocrx_word' id='word_1_136' title='bbox 239 1150 389 1198; x_wconf 85' lang='lat' dir='ltr'>vultus,</span> <span class='ocrx_word' id='word_1_137' title='bbox 409 1153 615 1190; x_wconf 89' lang='lat' dir='ltr'>concretae</span> <span class='ocrx_word' id='word_1_138' title='bbox 635 1151 818 1191; x_wconf 90' lang='lat' dir='ltr'>noctibus</span> <span class='ocrx_word' id='word_1_139' title='bbox 838 1152 1058 1203; x_wconf 86' lang='lat' dir='ltr'>diebusque</span> <span class='ocrx_word' id='word_1_140' title='bbox 1078 1165 1197 1203; x_wconf 90' lang='lat' dir='ltr'>super</span> <span class='ocrx_word' id='word_1_141' title='bbox 1217 1165 1288 1192; x_wconf 81' lang='lat' dir='ltr'>ora</span> <span class='ocrx_word' id='word_1_142' title='bbox 1306 1151 1512 1191; x_wconf 79' lang='lat' dir='ltr'>lacrimae.</span> 
     </span>
    </p>

    <p class='ocr_par' dir='ltr' id='par_1_3' title="bbox 89 1207 1565 1989">
     <span class='ocr_line' id='line_1_18' title="bbox 89 1207 1512 1263; baseline 0.002 -15"><span class='ocrx_word' id='word_1_143' title='bbox 89 1207 113 1244; x_wconf 81' lang='grc'>9</span> <span class='ocrx_word' id='word_1_144' title='bbox 229 1210 488 1261; x_wconf 88' lang='lat' dir='ltr'>Miseremini,</span> <span class='ocrx_word' id='word_1_145' title='bbox 526 1212 694 1262; x_wconf 90' lang='lat' dir='ltr'>iudices,</span> <span class='ocrx_word' id='word_1_146' title='bbox 732 1225 781 1251; x_wconf 90' lang='lat' dir='ltr'>ne</span> <span class='ocrx_word' id='word_1_147' title='bbox 818 1212 961 1263; x_wconf 85' lang='lat' dir='ltr'>perdat</span> <span class='ocrx_word' id='word_1_148' title='bbox 998 1213 1285 1252; x_wconf 85' lang='lat' dir='ltr'>auctoritatem</span> <span class='ocrx_word' id='word_1_149' title='bbox 1321 1213 1512 1252; x_wconf 86' lang='lat' dir='ltr'>meritum</span> 
     </span>
     <span class='ocr_line' id='line_1_19' title="bbox 138 1270 1508 1325; baseline 0.003 -17"><span class='ocrx_word' id='word_1_150' title='bbox 138 1270 244 1320; x_wconf 91' lang='lat' dir='ltr'>quod</span> <span class='ocrx_word' id='word_1_151' title='bbox 274 1271 381 1310; x_wconf 88' lang='lat' dir='ltr'>ultra</span> <span class='ocrx_word' id='word_1_152' title='bbox 412 1274 729 1322; x_wconf 87' lang='lat' dir='ltr'>expectationem</span> <span class='ocrx_word' id='word_1_153' title='bbox 755 1274 825 1313; x_wconf 88' lang='lat' dir='ltr'>est.</span> <span class='ocrx_word' id='word_1_154' title='bbox 876 1274 1014 1324; x_wconf 89' lang='lat' dir='ltr'>ponite</span> <span class='ocrx_word' id='word_1_155' title='bbox 1046 1274 1119 1313; x_wconf 92' lang='lat' dir='ltr'>sub</span> <span class='ocrx_word' id='word_1_156' title='bbox 1146 1274 1283 1313; x_wconf 88' lang='lat' dir='ltr'>oculos</span> <span class='ocrx_word' id='word_1_157' title='bbox 1315 1273 1508 1325; x_wconf 81' lang='lat' dir='ltr'>alligatos</span> 
     </span>
     <span class='ocr_line' id='line_1_20' title="bbox 138 1331 1510 1385; baseline 0.004 -17"><span class='ocrx_word' id='word_1_158' title='bbox 138 1343 306 1380; x_wconf 91' lang='lat' dir='ltr'>quorum</span> <span class='ocrx_word' id='word_1_159' title='bbox 338 1331 509 1370; x_wconf 89' lang='lat' dir='ltr'>alterum</span> <span class='ocrx_word' id='word_1_160' title='bbox 540 1333 689 1372; x_wconf 88' lang='lat' dir='ltr'>amicus</span> <span class='ocrx_word' id='word_1_161' title='bbox 720 1333 950 1384; x_wconf 89' lang='lat' dir='ltr'>redemerit,</span> <span class='ocrx_word' id='word_1_162' title='bbox 987 1335 1163 1373; x_wconf 88' lang='lat' dir='ltr'>alterum</span> <span class='ocrx_word' id='word_1_163' title='bbox 1193 1335 1335 1373; x_wconf 85' lang='lat' dir='ltr'>mater.</span> <span class='ocrx_word' id='word_1_164' title='bbox 1397 1346 1510 1385; x_wconf 85' lang='lat' dir='ltr'>rogo,</span> 
     </span>
     <span class='ocr_line' id='line_1_21' title="bbox 136 1391 1565 1445; baseline 0.003 -17"><span class='ocrx_word' id='word_1_165' title='bbox 136 1393 225 1429; x_wconf 90' lang='lat' dir='ltr'>uter</span> <span class='ocrx_word' id='word_1_166' title='bbox 254 1392 344 1442; x_wconf 89' lang='lat' dir='ltr'>plus</span> <span class='ocrx_word' id='word_1_167' title='bbox 375 1391 542 1432; x_wconf 82' lang='lat' dir='ltr'>fecerit?</span> <span class='ocrx_word' id='word_1_168' title='bbox 597 1394 699 1432; x_wconf 88' lang='lat' dir='ltr'>bone</span> <span class='ocrx_word' id='word_1_169' title='bbox 730 1393 927 1444; x_wconf 90' lang='lat' dir='ltr'>Iuppiter,</span> <span class='ocrx_word' id='word_1_170' title='bbox 960 1407 1081 1445; x_wconf 92' lang='lat' dir='ltr'>quam</span> <span class='ocrx_word' id='word_1_171' title='bbox 1113 1395 1242 1445; x_wconf 86' lang='lat' dir='ltr'>avide,</span> <span class='ocrx_word' id='word_1_172' title='bbox 1274 1407 1398 1445; x_wconf 89' lang='lat' dir='ltr'>quam</span> <span class='ocrx_word' id='word_1_173' title='bbox 1428 1394 1508 1434; x_wconf 86' lang='lat' dir='ltr'>for·</span> <span class='ocrx_word' id='word_1_174' title='bbox 1528 1407 1565 1433; x_wconf 58' lang='grc' dir='ltr'>πο</span> 
     </span>
     <span class='ocr_line' id='line_1_22' title="bbox 136 1451 1510 1507; baseline 0.004 -18"><span class='ocrx_word' id='word_1_175' title='bbox 136 1451 231 1490; x_wconf 86' lang='lat' dir='ltr'>titer</span> <span class='ocrx_word' id='word_1_176' title='bbox 261 1452 394 1491; x_wconf 85' lang='lat' dir='ltr'>vincla</span> <span class='ocrx_word' id='word_1_177' title='bbox 424 1455 562 1492; x_wconf 88' lang='lat' dir='ltr'>nostra</span> <span class='ocrx_word' id='word_1_178' title='bbox 592 1455 805 1493; x_wconf 81' lang='lat' dir='ltr'>tractavit!</span> <span class='ocrx_word' id='word_1_179' title='bbox 868 1455 1013 1505; x_wconf 79' lang='lat' dir='ltr'>quibus</span> <span class='ocrx_word' id='word_1_180' title='bbox 1045 1456 1115 1494; x_wconf 91' lang='lat' dir='ltr'>ille</span> <span class='ocrx_word' id='word_1_181' title='bbox 1147 1455 1332 1506; x_wconf 88' lang='lat' dir='ltr'>precibus</span> <span class='ocrx_word' id='word_1_182' title='bbox 1364 1455 1510 1507; x_wconf 85' lang='lat' dir='ltr'>exegit,</span> 
     </span>
     <span class='ocr_line' id='line_1_23' title="bbox 137 1511 1509 1566; baseline 0.004 -17"><span class='ocrx_word' id='word_1_183' title='bbox 137 1513 182 1549; x_wconf 93' lang='lat' dir='ltr'>ut</span> <span class='ocrx_word' id='word_1_184' title='bbox 225 1512 301 1550; x_wconf 88' lang='lat' dir='ltr'>sibi</span> <span class='ocrx_word' id='word_1_185' title='bbox 345 1513 585 1552; x_wconf 79' lang='lat' dir='ltr'>crederetur!</span> <span class='ocrx_word' id='word_1_186' title='bbox 650 1511 829 1565; x_wconf 80' lang='lat' dir='ltr'>‘accipe’,</span> <span class='ocrx_word' id='word_1_187' title='bbox 876 1517 1029 1566; x_wconf 87' lang='lat' dir='ltr'>inquit,</span> <span class='ocrx_word' id='word_1_188' title='bbox 1075 1513 1161 1555; x_wconf 78' lang='lat' dir='ltr'>‘has</span> <span class='ocrx_word' id='word_1_189' title='bbox 1205 1529 1367 1565; x_wconf 86' lang='lat' dir='ltr'>manus,</span> <span class='ocrx_word' id='word_1_190' title='bbox 1410 1515 1509 1554; x_wconf 81' lang='lat' dir='ltr'>haec</span> 
     </span>
     <span class='ocr_line' id='line_1_24' title="bbox 137 1572 1509 1624; baseline 0.004 -15"><span class='ocrx_word' id='word_1_191' title='bbox 137 1572 324 1622; x_wconf 87' lang='lat' dir='ltr'>membra,</span> <span class='ocrx_word' id='word_1_192' title='bbox 357 1574 390 1611; x_wconf 91' lang='lat' dir='ltr'>si</span> <span class='ocrx_word' id='word_1_193' title='bbox 420 1573 508 1612; x_wconf 88' lang='lat' dir='ltr'>fieri</span> <span class='ocrx_word' id='word_1_194' title='bbox 538 1576 682 1624; x_wconf 88' lang='lat' dir='ltr'>potest,</span> <span class='ocrx_word' id='word_1_195' title='bbox 715 1577 760 1614; x_wconf 89' lang='lat' dir='ltr'>ut</span> <span class='ocrx_word' id='word_1_196' title='bbox 792 1576 964 1614; x_wconf 89' lang='lat' dir='ltr'>amicum</span> <span class='ocrx_word' id='word_1_197' title='bbox 996 1576 1119 1616; x_wconf 90' lang='lat' dir='ltr'>matri</span> <span class='ocrx_word' id='word_1_198' title='bbox 1149 1577 1415 1616; x_wconf 80' lang='lat' dir='ltr'>remittamus.</span> <span class='ocrx_word' id='word_1_199' title='bbox 1465 1577 1509 1614; x_wconf 88' lang='lat' dir='ltr'>in</span> 
     </span>
     <span class='ocr_line' id='line_1_25' title="bbox 136 1632 1507 1686; baseline 0.004 -17"><span class='ocrx_word' id='word_1_200' title='bbox 136 1632 266 1670; x_wconf 89' lang='lat' dir='ltr'>totum</span> <span class='ocrx_word' id='word_1_201' title='bbox 298 1634 476 1683; x_wconf 87' lang='lat' dir='ltr'>explebo,</span> <span class='ocrx_word' id='word_1_202' title='bbox 508 1635 542 1673; x_wconf 91' lang='lat' dir='ltr'>si</span> <span class='ocrx_word' id='word_1_203' title='bbox 567 1635 738 1685; x_wconf 85' lang='lat' dir='ltr'>videtur,</span> <span class='ocrx_word' id='word_1_204' title='bbox 770 1637 922 1675; x_wconf 89' lang='lat' dir='ltr'>vicaria</span> <span class='ocrx_word' id='word_1_205' title='bbox 954 1649 1083 1686; x_wconf 89' lang='lat' dir='ltr'>poena</span> <span class='ocrx_word' id='word_1_206' title='bbox 1114 1637 1250 1677; x_wconf 91' lang='lat' dir='ltr'>locum</span> <span class='ocrx_word' id='word_1_207' title='bbox 1273 1636 1507 1677; x_wconf 84' lang='lat' dir='ltr'>recedentis.</span> 
     </span>
     <span class='ocr_line' id='line_1_26' title="bbox 136 1692 1563 1748; baseline 0.004 -19"><span class='ocrx_word' id='word_1_208' title='bbox 136 1692 201 1730; x_wconf 87' lang='lat' dir='ltr'>vel</span> <span class='ocrx_word' id='word_1_209' title='bbox 239 1693 273 1730; x_wconf 89' lang='lat' dir='ltr'>si</span> <span class='ocrx_word' id='word_1_210' title='bbox 309 1692 369 1732; x_wconf 89' lang='lat' dir='ltr'>vis</span> <span class='ocrx_word' id='word_1_211' title='bbox 406 1695 545 1744; x_wconf 89' lang='lat' dir='ltr'>utique</span> <span class='ocrx_word' id='word_1_212' title='bbox 582 1695 659 1734; x_wconf 89' lang='lat' dir='ltr'>tibi</span> <span class='ocrx_word' id='word_1_213' title='bbox 697 1695 861 1735; x_wconf 87' lang='lat' dir='ltr'>dimissa</span> <span class='ocrx_word' id='word_1_214' title='bbox 898 1697 1079 1736; x_wconf 91' lang='lat' dir='ltr'>membra</span> <span class='ocrx_word' id='word_1_215' title='bbox 1115 1698 1294 1747; x_wconf 89' lang='lat' dir='ltr'>restitui,</span> <span class='ocrx_word' id='word_1_216' title='bbox 1331 1697 1508 1748; x_wconf 88' lang='lat' dir='ltr'>spondeo</span> <span class='ocrx_word' id='word_1_217' title='bbox 1528 1708 1563 1736; x_wconf 79' lang='lat'>25</span> 
     </span>
     <span class='ocr_line' id='line_1_27' title="bbox 137 1755 1510 1808; baseline 0.005 -19"><span class='ocrx_word' id='word_1_218' title='bbox 137 1764 410 1802; x_wconf 89' lang='lat' dir='ltr'>quemcunque</span> <span class='ocrx_word' id='word_1_219' title='bbox 446 1755 607 1794; x_wconf 86' lang='lat' dir='ltr'>iusseris</span> <span class='ocrx_word' id='word_1_220' title='bbox 647 1757 785 1805; x_wconf 89' lang='lat' dir='ltr'>aperto</span> <span class='ocrx_word' id='word_1_221' title='bbox 822 1758 962 1808; x_wconf 87' lang='lat' dir='ltr'>iugulo</span> <span class='ocrx_word' id='word_1_222' title='bbox 994 1755 1127 1797; x_wconf 89' lang='lat' dir='ltr'>diem.’</span> <span class='ocrx_word' id='word_1_223' title='bbox 1191 1758 1311 1798; x_wconf 88' lang='lat' dir='ltr'>fidem</span> <span class='ocrx_word' id='word_1_224' title='bbox 1343 1757 1510 1797; x_wconf 88' lang='lat' dir='ltr'>deorum</span> 
     </span>
     <span class='ocr_line' id='line_1_28' title="bbox 135 1812 1510 1868; baseline 0.007 -19"><span class='ocrx_word' id='word_1_225' title='bbox 135 1812 436 1863; x_wconf 89' lang='lat' dir='ltr'>hominumque!</span> <span class='ocrx_word' id='word_1_226' title='bbox 489 1815 584 1864; x_wconf 89' lang='lat' dir='ltr'>quid</span> <span class='ocrx_word' id='word_1_227' title='bbox 627 1828 708 1854; x_wconf 88' lang='lat' dir='ltr'>non</span> <span class='ocrx_word' id='word_1_228' title='bbox 750 1817 903 1856; x_wconf 86' lang='lat' dir='ltr'>factum</span> <span class='ocrx_word' id='word_1_229' title='bbox 945 1820 1022 1868; x_wconf 89' lang='lat' dir='ltr'>est,</span> <span class='ocrx_word' id='word_1_230' title='bbox 1066 1820 1113 1857; x_wconf 88' lang='lat' dir='ltr'>ut</span> <span class='ocrx_word' id='word_1_231' title='bbox 1157 1820 1333 1858; x_wconf 90' lang='lat' dir='ltr'>amicum</span> <span class='ocrx_word' id='word_1_232' title='bbox 1374 1830 1510 1857; x_wconf 81' lang='lat' dir='ltr'>meum</span> 
     </span>
     <span class='ocr_line' id='line_1_29' title="bbox 135 1874 1509 1926; baseline 0.006 -16"><span class='ocrx_word' id='word_1_233' title='bbox 135 1874 374 1922; x_wconf 87' lang='lat' dir='ltr'>paeniteret!</span> <span class='ocrx_word' id='word_1_234' title='bbox 423 1875 624 1926; x_wconf 84' lang='lat' dir='ltr'>ingestum</span> <span class='ocrx_word' id='word_1_235' title='bbox 656 1878 716 1916; x_wconf 89' lang='lat' dir='ltr'>est</span> <span class='ocrx_word' id='word_1_236' title='bbox 740 1877 885 1916; x_wconf 90' lang='lat' dir='ltr'>misero</span> <span class='ocrx_word' id='word_1_237' title='bbox 911 1878 1015 1917; x_wconf 88' lang='lat' dir='ltr'>illud</span> <span class='ocrx_word' id='word_1_238' title='bbox 1041 1880 1208 1919; x_wconf 88' lang='lat' dir='ltr'>carceris</span> <span class='ocrx_word' id='word_1_239' title='bbox 1234 1878 1509 1918; x_wconf 82' lang='lat' dir='ltr'>tenebrarum-</span> 
     </span>
     <span class='ocr_line' id='line_1_30' title="bbox 137 1936 1510 1989; baseline 0.006 -18"><span class='ocrx_word' id='word_1_240' title='bbox 137 1945 212 1982; x_wconf 88' lang='lat' dir='ltr'>que</span> <span class='ocrx_word' id='word_1_241' title='bbox 244 1936 450 1984; x_wconf 88' lang='lat' dir='ltr'>secretum,</span> <span class='ocrx_word' id='word_1_242' title='bbox 482 1936 731 1986; x_wconf 82' lang='lat' dir='ltr'>gravioribus</span> <span class='ocrx_word' id='word_1_243' title='bbox 763 1938 934 1977; x_wconf 81' lang='lat' dir='ltr'>vinculis</span> <span class='ocrx_word' id='word_1_244' title='bbox 967 1951 1066 1989; x_wconf 89' lang='lat' dir='ltr'>opus</span> <span class='ocrx_word' id='word_1_245' title='bbox 1092 1952 1176 1979; x_wconf 87' lang='lat' dir='ltr'>esse</span> <span class='ocrx_word' id='word_1_246' title='bbox 1203 1939 1381 1979; x_wconf 83' lang='lat' dir='ltr'>carnifex</span> <span class='ocrx_word' id='word_1_247' title='bbox 1405 1939 1510 1978; x_wconf 79' lang='lat' dir='ltr'>dixit</span> 
     </span>
    </p>
   </div>
   <div class='ocr_carea' id='block_1_3' title="bbox 136 2037 425 2045">
    <p class='ocr_par' dir='ltr' id='par_1_4' title="bbox 136 2037 425 2045">
     <span class='ocr_line' id='line_1_31' title="bbox 136 2037 425 2045; baseline 0 0"><span class='ocrx_word' id='word_1_248' title='bbox 136 2037 425 2045; x_wconf 95' lang='lat' dir='ltr'> </span> 
     </span>
    </p>
   </div>
   <div class='ocr_carea' id='block_1_4' title="bbox 134 2108 1509 2203">
    <p class='ocr_par' dir='ltr' id='par_1_5' title="bbox 134 2108 1509 2203">
     <span class='ocr_line' id='line_1_32' title="bbox 233 2108 1508 2158; baseline 0.007 -16"><span class='ocrx_word' id='word_1_249' title='bbox 233 2111 250 2142; x_wconf 92' lang='lat'>1</span> <span class='ocrx_word' id='word_1_250' title='bbox 279 2108 435 2144; x_wconf 82' lang='lat' dir='ltr'>adieciti</span> <span class='ocrx_word' id='word_1_251' title='bbox 454 2115 504 2153; x_wconf 86' lang='grc' dir='ltr'>Μ,</span> <span class='ocrx_word' id='word_1_252' title='bbox 531 2121 622 2146; x_wconf 82' lang='lat' dir='ltr'>corr.</span> <span class='ocrx_word' id='word_1_253' title='bbox 643 2126 685 2146; x_wconf 85' lang='lat' dir='ltr'>m</span> <span class='ocrx_word' id='word_1_254' title='bbox 783 2117 804 2148; x_wconf 84' lang='lat'>5</span> <span class='ocrx_word' id='word_1_255' title='bbox 830 2124 930 2149; x_wconf 88' lang='lat' dir='ltr'>nunc</span> <span class='ocrx_word' id='word_1_256' title='bbox 956 2125 1022 2150; x_wconf 84' lang='lat' dir='ltr'>om.</span> <span class='ocrx_word' id='word_1_257' title='bbox 1045 2121 1088 2149; x_wconf 87' lang='grc' dir='ltr'><em>Μ</em></span> <span class='ocrx_word' id='word_1_258' title='bbox 1182 2118 1203 2150; x_wconf 86' lang='grc'>9</span> <span class='ocrx_word' id='word_1_259' title='bbox 1229 2113 1434 2150; x_wconf 78' lang='lat' dir='ltr'>dissimiles</span> <span class='ocrx_word' id='word_1_260' title='bbox 1456 2119 1508 2158; x_wconf 87' lang='grc' dir='ltr'>Μ,</span> 
     </span>
     <span class='ocr_line' id='line_1_33' title="bbox 134 2157 1509 2203; baseline 0.005 -13"><span class='ocrx_word' id='word_1_261' title='bbox 134 2165 226 2191; x_wconf 84' lang='lat' dir='ltr'>corr.</span> <span class='ocrx_word' id='word_1_262' title='bbox 245 2170 288 2190; x_wconf 86' lang='lat' dir='ltr'>m</span> <span class='ocrx_word' id='word_1_263' title='bbox 409 2157 592 2203; x_wconf 86' lang='lat' dir='ltr'>impatiae</span> <span class='ocrx_word' id='word_1_264' title='bbox 618 2166 673 2203; x_wconf 90' lang='grc' dir='ltr'>Μ,</span> <span class='ocrx_word' id='word_1_265' title='bbox 703 2171 795 2196; x_wconf 81' lang='lat' dir='ltr'>corr.</span> <span class='ocrx_word' id='word_1_266' title='bbox 815 2175 858 2195; x_wconf 89' lang='lat' dir='ltr'>m</span> <span class='ocrx_word' id='word_1_267' title='bbox 981 2166 1025 2197; x_wconf 92' lang='grc'>10</span> <span class='ocrx_word' id='word_1_268' title='bbox 1052 2162 1306 2199; x_wconf 87' lang='lat' dir='ltr'>difficiliorem</span> <span class='ocrx_word' id='word_1_269' title='bbox 1330 2174 1377 2199; x_wconf 81' lang='lat' dir='ltr'>eae</span> <span class='ocrx_word' id='word_1_270' title='bbox 1401 2162 1509 2198; x_wconf 85' lang='lat' dir='ltr'>deffi-</span> 
     </span>
    </p>
   </div>
   <div class='ocr_carea' id='block_1_5' title="bbox 131 2220 1512 2475">
    <p class='ocr_par' dir='ltr' id='par_1_6' title="bbox 131 2220 1512 2475">
     <span class='ocr_line' id='line_1_34' title="bbox 134 2220 1470 2283; baseline 0.006 -21"><span class='ocrx_word' id='word_1_271' title='bbox 134 2227 304 2283; x_wconf 76' lang='lat' dir='ltr'>ciliorem</span> <span class='ocrx_word' id='word_1_272' title='bbox 327 2234 366 2264; x_wconf 99' lang='grc' dir='ltr'><em>Β</em></span> <span class='ocrx_word' id='word_1_273' title='bbox 463 2234 505 2264; x_wconf 90' lang='grc'>11</span> <span class='ocrx_word' id='word_1_274' title='bbox 533 2242 626 2276; x_wconf 88' lang='lat' dir='ltr'>quos</span> <span class='ocrx_word' id='word_1_275' title='bbox 651 2238 689 2266; x_wconf 90' lang='grc' dir='ltr'><em>Β</em></span> <span class='ocrx_word' id='word_1_276' title='bbox 774 2236 818 2269; x_wconf 83' lang='grc'>12</span> <span class='ocrx_word' id='word_1_277' title='bbox 845 2220 965 2279; x_wconf 61' lang='grc'><strong>(13(1116</strong></span> <span class='ocrx_word' id='word_1_278' title='bbox 991 2241 1028 2270; x_wconf 90' lang='grc' dir='ltr'><em>Β</em></span> <span class='ocrx_word' id='word_1_279' title='bbox 1114 2246 1174 2271; x_wconf 89' lang='lat' dir='ltr'>me</span> <span class='ocrx_word' id='word_1_280' title='bbox 1200 2242 1281 2280; x_wconf 57' lang='grc' dir='ltr'>Βῆ</span> <span class='ocrx_word' id='word_1_281' title='bbox 1308 2246 1376 2272; x_wconf 88' lang='lat' dir='ltr'>om.</span> <span class='ocrx_word' id='word_1_282' title='bbox 1397 2240 1441 2270; x_wconf 79' lang='grc' dir='ltr'><em>Π</em></span> <span class='ocrx_word' id='word_1_283' title='bbox 1467 2241 1470 2243; x_wconf 87' lang='grc'><em>“</em></span> 
     </span>
     <span class='ocr_line' id='line_1_35' title="bbox 132 2275 1439 2331; baseline 0.006 -21"><span class='ocrx_word' id='word_1_284' title='bbox 132 2275 229 2331; x_wconf 56' lang='lat' dir='ltr'>vidit</span> <span class='ocrx_word' id='word_1_285' title='bbox 255 2285 282 2311; x_wconf 74' lang='lat' dir='ltr'>«r</span> <span class='ocrx_word' id='word_1_286' title='bbox 377 2281 421 2313; x_wconf 87' lang='lat'>13</span> <span class='ocrx_word' id='word_1_287' title='bbox 447 2289 532 2314; x_wconf 89' lang='lat' dir='ltr'>nec:</span> <span class='ocrx_word' id='word_1_288' title='bbox 559 2290 635 2314; x_wconf 92' lang='lat' dir='ltr'>non</span> <span class='ocrx_word' id='word_1_289' title='bbox 659 2286 697 2315; x_wconf 89' lang='grc' dir='ltr'><em>Β</em></span> <span class='ocrx_word' id='word_1_290' title='bbox 780 2280 846 2316; x_wconf 81' lang='lat' dir='ltr'>isse</span> <span class='ocrx_word' id='word_1_291' title='bbox 870 2283 976 2319; x_wconf 80' lang='lat' dir='ltr'>semel</span> <span class='ocrx_word' id='word_1_292' title='bbox 1001 2289 1045 2318; x_wconf 98' lang='grc' dir='ltr'><em>Μ</em></span> <span class='ocrx_word' id='word_1_293' title='bbox 1134 2287 1177 2319; x_wconf 88' lang='grc'>16</span> <span class='ocrx_word' id='word_1_294' title='bbox 1204 2284 1376 2320; x_wconf 75' lang='lat' dir='ltr'>cont-rate</span> <span class='ocrx_word' id='word_1_295' title='bbox 1399 2289 1439 2318; x_wconf 89' lang='grc' dir='ltr'><em>Β</em></span> 
     </span>
     <span class='ocr_line' id='line_1_36' title="bbox 133 2323 1507 2376; baseline 0.006 -17"><span class='ocrx_word' id='word_1_296' title='bbox 133 2323 267 2360; x_wconf 80' lang='lat' dir='ltr'>diebus</span> <span class='ocrx_word' id='word_1_297' title='bbox 292 2325 544 2372; x_wconf 87' lang='lat' dir='ltr'>noctibusque</span> <span class='ocrx_word' id='word_1_298' title='bbox 570 2336 590 2370; x_wconf 80' lang='grc' dir='ltr'><strong><em>β</em></strong></span> <span class='ocrx_word' id='word_1_299' title='bbox 677 2331 721 2363; x_wconf 89' lang='grc'>18</span> <span class='ocrx_word' id='word_1_300' title='bbox 746 2329 841 2376; x_wconf 67' lang='lat' dir='ltr'>{sub</span> <span class='ocrx_word' id='word_1_301' title='bbox 868 2336 912 2365; x_wconf 93' lang='grc' dir='ltr'><em>Μ</em></span> <span class='ocrx_word' id='word_1_302' title='bbox 981 2331 1099 2367; x_wconf 86' lang='lat' dir='ltr'>oculis</span> <span class='ocrx_word' id='word_1_303' title='bbox 1126 2338 1216 2375; x_wconf 68' lang='grc' dir='ltr'>Μβσ</span> <span class='ocrx_word' id='word_1_304' title='bbox 1299 2334 1343 2367; x_wconf 82' lang='grc'>19</span> <span class='ocrx_word' id='word_1_305' title='bbox 1373 2330 1507 2367; x_wconf 80' lang='lat' dir='ltr'>amicis</span> 
     </span>
     <span class='ocr_line' id='line_1_37' title="bbox 131 2372 1510 2426; baseline 0.007 -20"><span class='ocrx_word' id='word_1_306' title='bbox 131 2372 327 2408; x_wconf 70' lang='lat' dir='ltr'>redimfflit</span> <span class='ocrx_word' id='word_1_307' title='bbox 350 2380 388 2409; x_wconf 87' lang='grc' dir='ltr'><em>Β</em></span> <span class='ocrx_word' id='word_1_308' title='bbox 459 2404 465 2411; x_wconf 87' lang='grc'><em>,</em></span> <span class='ocrx_word' id='word_1_309' title='bbox 496 2379 538 2410; x_wconf 82' lang='grc'>21</span> <span class='ocrx_word' id='word_1_310' title='bbox 566 2376 751 2412; x_wconf 82' lang='lat' dir='ltr'>tractabit</span> <span class='ocrx_word' id='word_1_311' title='bbox 775 2384 846 2412; x_wconf 76' lang='lat' dir='ltr'>BV</span> <span class='ocrx_word' id='word_1_312' title='bbox 943 2379 1063 2426; x_wconf 84' lang='lat' dir='ltr'>exigit</span> <span class='ocrx_word' id='word_1_313' title='bbox 1087 2386 1158 2415; x_wconf 76' lang='lat' dir='ltr'>BV</span> <span class='ocrx_word' id='word_1_314' title='bbox 1262 2383 1309 2415; x_wconf 80' lang='lat'>24</span> <span class='ocrx_word' id='word_1_315' title='bbox 1334 2380 1510 2416; x_wconf 78' lang='lat' dir='ltr'>videatur</span> 
     </span>
     <span class='ocr_line' id='line_1_38' title="bbox 132 2421 1512 2475; baseline 0.005 -19"><span class='ocrx_word' id='word_1_316' title='bbox 132 2431 178 2456; x_wconf 86' lang='lat' dir='ltr'>ex</span> <span class='ocrx_word' id='word_1_317' title='bbox 202 2421 345 2458; x_wconf 84' lang='lat' dir='ltr'>vicaria</span> <span class='ocrx_word' id='word_1_318' title='bbox 370 2429 414 2458; x_wconf 89' lang='grc' dir='ltr'><em>Μ</em></span> <span class='ocrx_word' id='word_1_319' title='bbox 507 2423 589 2459; x_wconf 90' lang='lat' dir='ltr'>loco</span> <span class='ocrx_word' id='word_1_320' title='bbox 615 2431 644 2459; x_wconf 77' lang='lat' dir='ltr'><strong><em>V</em></strong></span> <span class='ocrx_word' id='word_1_321' title='bbox 747 2429 792 2460; x_wconf 80' lang='lat'>27</span> <span class='ocrx_word' id='word_1_322' title='bbox 820 2426 886 2472; x_wconf 91' lang='lat' dir='ltr'>qui</span> <span class='ocrx_word' id='word_1_323' title='bbox 913 2433 955 2462; x_wconf 88' lang='grc' dir='ltr'><em>Μ</em></span> <span class='ocrx_word' id='word_1_324' title='bbox 1055 2431 1100 2464; x_wconf 85' lang='grc'>28</span> <span class='ocrx_word' id='word_1_325' title='bbox 1126 2428 1443 2475; x_wconf 88' lang='lat' dir='ltr'>tenebrorumque</span> <span class='ocrx_word' id='word_1_326' title='bbox 1468 2434 1512 2463; x_wconf 84' lang='grc' dir='ltr'><em>Μ</em></span> 
     </span>
    </p>
   </div>
   <div class='ocr_carea' id='block_1_6' title="bbox 1013 2523 1028 2542">
    <p class='ocr_par' dir='ltr' id='par_1_7' title="bbox 1013 2523 1028 2542">
     <span class='ocr_line' id='line_1_39' title="bbox 1013 2523 1028 2542; baseline 0 0"><span class='ocrx_word' id='word_1_327' title='bbox 1013 2523 1028 2542; x_wconf 71' lang='lat'>0</span> 
     </span>
    </p>
   </div>
  </div>
 </body>
</html>
