1638 2560
396 91 718 128 DECLAMATIO
742 91 831 127 XIV
851 95 896 127 12
921 91 991 127 XV
1011 95 1116 127 1-2,
1362 90 1450 133 277

71 207 170 247 dum
197 208 423 259 praesentis
459 209 596 246 reatus
633 207 925 259 indignumque
955 206 1188 256 discrimen,
1225 207 1273 245 ut
1305 206 1454 246 misera

70 267 211 338 puella
246 280 328 308 11011
370 268 598 320 gratuletur
641 267 717 307 sibi
755 267 865 318 quod
907 267 1022 306 illam
1066 279 1221 335 pauper
1265 279 1453 306 accusare

72 329 157 369 iam
179 330 325 381 potest.
372 329 568 367 timuerat
584 328 738 378 infehx‚
763 341 814 366 110
837 327 1015 367 remedio
1040 340 1113 367 suo
1132 328 1189 367 sic
1207 329 1454 395 repugnaret

72 401 240 441 pauper,
269 391 326 428 ut
341 389 472 441 magis
497 390 664 439 amaret,
689 401 739 427 ne
764 388 923 428 iuvenis
947 388 991 426 in
1016 388 1125 427 omni
1157 400 1302 440 genere
1327 388 1454 427 animi

37 464 56 491 5
74 449 351 490 contentiosus
386 462 434 489 30
476 451 663 500 pertinax
706 449 913 500 potionem
955 449 1071 488 issam
1114 448 1251 488 dolore
1291 450 1454 488 coactae

74 510 264 550 sanitatis
294 510 522 561 expelleret.
571 510 685 559 bene,
717 509 825 560 quod
856 511 898 548 01,
926 509 1122 549 terribilis
1154 511 1194 548 et
1224 510 1362 548 minax
1393 510 1456 548 est

73 583 240 623 pauper,
265 570 375 622 quod
397 583 572 622 poenam
595 572 789 620 nostram,
814 570 923 621 quod
946 570 1183 622 sanguinem
1207 569 1323 621 petit.
1373 582 1455 609 non

74 633 270 683 expectes,
294 632 342 670 ut
366 632 504 670 statim
532 632 687 683 gratias
713 633 811 683 agat
836 630 907 682 qui
932 632 1101 670 sanatur
1123 630 1287 670 invitus.
1338 629 1454 669 nobis

73 693 230 742 tamen,
271 690 443 741 iudices,
485 692 723 732 hodiernam
766 692 955 743 pauperis
991 693 1168 730 mentem
1204 704 1284 730 non
1321 692 1456 742 prima

20 766 58 793 10
75 753 209 792 &onte
238 752 509 791 tractantibus
540 753 787 792 miserrimus
817 753 976 791 iuvenis
1000 752 1179 791 nondum
1203 752 1366 791 videtur
1390 764 1455 790 ex-

73 813 253 865 plicitus,
278 815 331 863 et,
361 813 396 852 si
420 812 522 852 bene
545 813 693 864 prioris
718 812 873 852 ardoris
897 813 1184 864 inpatientiam
1206 814 1315 862 novi,
1347 812 1457 864 quod

76 886 168 913 cum
197 875 372 913 maxime
403 873 521 923 facit,
558 875 639 924 ira,
670 886 750 913 non
782 873 918 913 odium
950 875 1022 913 est.
1084 873 1267 924 alioquin
1298 875 1333 913 si
1363 885 1456 924 pro-

74 934 237 974 fecisset
271 933 510 984 remedium,
549 935 591 973 et
620 947 646 973 a
681 933 854 985 pristino
891 934 1026 973 furore
1063 934 1146 973 iam
1181 934 1286 973 liber
1320 935 1456 973 animo

75 994 330 1034 intellectum
361 995 549 1034 sanitatis
583 995 828 1044 admitteret„
860 1007 1018 1034 omnem
1051 994 1181 1034 adhuc
1211 994 1371 1046 puellae
1397 996 1455 1033 vi-

22 1068 59 1096 13
75 1056 186 1094 taret
215 1067 436 1105 occursum,
466 1068 548 1095 non
580 1055 658 1094 sibi
682 1055 862 1095 crederet
892 1055 1089 1094 ultionem
1122 1057 1164 1094 et
1192 1057 1327 1107 ipsum
1358 1068 1455 1106 quo-

77 1128 156 1166 que
179 1115 320 1154 iudicii
344 1116 509 1155 timeret
533 1116 644 1155 adire
669 1116 917 1167 conplexum.
970 1116 1216 1167 deprehensa
1241 1118 1313 1165 est,
1343 1118 1457 1167 puto,

76 1177 294 1217 novissime
329 1176 508 1227 potionis
546 1189 797 1227 supervacua
836 1177 1056 1227 persuasio.
1120 1179 1248 1226 amat,
1291 1177 1457 1226 iudices,

78 1238 190 1277 amat
221 1238 295 1287 qui
326 1236 509 1287 queritur
541 1237 648 1288 quod
679 1251 761 1276 non
793 1240 960 1276 ametur.

168 1296 273 1344 Quid
305 1309 426 1349 agam
455 1298 545 1348 1100,
575 1298 739 1348 iudices,
770 1296 887 1337 loco?
919 1297 992 1336 sub
1024 1311 1103 1348 quo
1136 1299 1454 1349 tempera-mento
1481 1295 1506 1332 2

22 1371 60 1398 30
78 1357 351 1397 defensionem
380 1358 652 1409 periclitantis
684 1356 926 1411 adgrediar?
956 1359 1099 1407 timeo,
1130 1372 1193 1408 110,
1224 1358 1259 1398 31
1290 1371 1458 1410 coepero

78 1419 402 1470 simplicissimae
437 1419 597 1470 puellae
629 1419 794 1458 laudare
832 1431 982 1468 mores,
1013 1419 1163 1458 referre
1199 1419 1458 1470 probitatem,

78 1491 214 1518 amare
243 1491 385 1518 rursus
409 1492 564 1531 pauper
588 1479 769 1531 incipiat.
814 1480 898 1519 sive
924 1481 1044 1529 enim,
1075 1480 1239 1528 iudices,
1270 1480 1458 1532 maligni-

77 1541 143 1579 tas
187 1542 249 1579 est
289 1540 563 1591 persuasionis
606 1540 807 1580 humanae
850 1540 1024 1579 formam
1062 1543 1275 1580 vacantem
1314 1553 1459 1580 vocare

78 1600 342 1649 meretricem,
374 1613 444 1639 seu
469 1601 640 1640 miserae
670 1613 817 1639 nomen
841 1601 884 1639 id
914 1601 1096 1652 inposuit
1128 1602 1276 1652 aliquis
1301 1604 1460 1641 amator

24 1674 61 1700 25
80 1661 146 1700 cui
177 1673 267 1700 cum
299 1660 476 1711 corporis
513 1660 630 1700 bonis
666 1661 832 1700 fortuna
869 1674 949 1700 non
988 1661 1155 1700 dederat
1187 1661 1293 1701 unde
1330 1663 1461 1701 severi

79 1721 330 1760 matrimonii
362 1722 545 1760 castitati
570 1721 782 1771 sufficeret,
812 1721 1016 1762 laboravit
1041 1722 1344 1762 necessitatium
1370 1735 1459 1762 sua-

178 1852 199 1884 2
224 1847 455 1895 gratuletur:
483 1848 627 1885 tuletur
650 1855 689 1884 Β
794 1860 947 1885 accurre
972 1850 1050 1885 iam
1074 1860 1151 1885 non
1176 1851 1304 1896 potest
1328 1856 1366 1885 Β

79 1900 103 1932 4
127 1896 186 1932 in:
212 1907 288 1933 non
314 1903 352 1932 Β
447 1902 468 1932 5
496 1899 651 1933 coactae
677 1909 722 1934 ecc
748 1900 905 1934 aoactae
930 1904 968 1933 Β
1058 1902 1080 1934 6
1104 1899 1169 1945 {et
1193 1898 1376 1934 terribilis
1403 1905 1460 1943 ,ης

80 1944 129 1980 de
153 1950 248 1981 Bw*
344 1949 363 1980 7
390 1944 416 1979 (ἲ
442 1946 669 1992 sanguinem
693 1952 730 1981 P
824 1949 846 1981 8
872 1948 1055 1992 exspecut
1078 1953 1131 1991 Β,
1155 1949 1217 1983 tat
1240 1959 1343 1993 supr.
1364 1954 1388 1982 ο

80 1995 102 2029 9
127 1994 184 2029 ffi
210 2003 246 2038 ρς
271 2005 423 2030 manem
447 2000 500 2038 Β,
526 2005 617 2031 corr.
639 2001 664 2029 b
751 1999 792 2030 11
821 1994 934 2031 ardor
959 2001 997 2030 P
1067 2000 1153 2041 post
1177 1995 1462 2042 impatientiam

79 2053 153 2078 m.
169 2045 319 2078 16—18
339 2043 408 2078 litt.
424 2048 466 2077 Μ
538 2046 583 2078 12
609 2053 694 2080 ctm
718 2054 786 2079 om.
800 2049 891 2086 uper
960 2043 1173 2090 proficit-sset
1190 2050 1229 2079 Β
1301 2047 1346 2080 16
1373 2055 1462 2079 0011-

80 2089 252 2136 plexum:
273 2101 491 2126 consessum
510 2091 608 2136 8011.;
632 2102 816 2127 conexum
834 2092 940 2128 Dess
1019 2096 1061 2127 17
1090 2094 1197 2128 amat
1215 2092 1371 2129 alterum
1390 2103 1461 2128 om.

80 2168 126 2207 P,
151 2162 238 2199 aad.
258 2178 287 2204 p
362 2166 406 2198 19
432 2150 735 2209 tempora-mento
760 2170 798 2199 Β
870 2167 915 2199 20
941 2176 989 2200 110
1016 2165 1067 2200 si:
1095 2165 1168 2200 nisi
1193 2171 1231 2200 Β
1303 2169 1347 2201 21
1375 2175 1462 2211 pro-

79 2221 237 2283 bimum
260 2253 304 2283 ,Ι
417 2250 465 2282 23
488 2247 632 2284 formae
658 2248 903 2285 301134
929 2249 1065 2285 misere
1076 2250 1271 2305 probrum
1295 2249 1460 2286 nominis

79 2295 225 2331 iudices
257 2295 441 2351 imposuit
473 2296 557 2332 ioco
584 2295 724 2346 aliquis
755 2301 817 2334 eet
846 2303 888 2332 ,Ι
983 2298 1147 2333 nominis
1171 2304 1242 2333 BV
1332 2297 1401 2332 iud
1426 2303 1463 2332 Β

81 2347 128 2379 26
155 2344 233 2380 eui:
260 2344 352 2390 quia
377 2345 452 2381 Bu
540 2344 641 2381 bona
665 2351 746 2380 ΒΜ
840 2356 879 2380 se
905 2346 983 2381 veri
1007 2353 1052 2389 1⁷3
1150 2350 1196 2382 26
1223 2346 1394 2382 castitati
1422 2354 1459 2380 s:

80 2393 140 2427 -te
162 2406 194 2427 ω
290 2393 561 2428 necessitatum
592 2399 666 2436 ῐρσ·
