<?xml version="1.0" encoding="UTF-8"?>
<!DOCTYPE html PUBLIC "-//W3C//DTD XHTML 1.0 Transitional//EN"
    "http://www.w3.org/TR/xhtml1/DTD/xhtml1-transitional.dtd">
<html xmlns="http://www.w3.org/1999/xhtml" xml:lang="en" lang="en">
 <head>
  <title>
</title>
<meta http-equiv="Content-Type" content="text/html;charset=utf-8" />
  <meta name='ocr-system' content='tesseract 3.04.00' />
  <meta name='ocr-capabilities' content='ocr_page ocr_carea ocr_par ocr_line ocrx_word'/>
</head>
<body>
  <div class='ocr_page' id='page_1' title='image "./quintilianiquaef00lehnuoft_0034.png"; bbox 0 0 1638 2560; ppageno 0'>
   <div class='ocr_carea' id='block_1_1' title="bbox 186 107 1021 148">
    <p class='ocr_par' dir='ltr' id='par_1_1' title="bbox 186 107 1021 148">
     <span class='ocr_line' id='line_1_1' title="bbox 186 107 1021 148; baseline -0.007 0"><span class='ocrx_word' id='word_1_1' title='bbox 186 112 288 148; x_wconf 88' lang='lat' dir='ltr'>XXX</span> <span class='ocrx_word' id='word_1_2' title='bbox 730 107 1021 144; x_wconf 82' lang='lat' dir='ltr'>PRAEFATIO.</span> 
     </span>
    </p>
   </div>
   <div class='ocr_carea' id='block_1_2' title="bbox 182 221 1571 1845">
    <p class='ocr_par' dir='ltr' id='par_1_2' title="bbox 183 221 1570 578">
     <span class='ocr_line' id='line_1_2' title="bbox 184 221 1569 278; baseline -0.004 -13"><span class='ocrx_word' id='word_1_3' title='bbox 184 228 358 278; x_wconf 81' lang='lat' dir='ltr'>paginae</span> <span class='ocrx_word' id='word_1_4' title='bbox 390 226 572 276; x_wconf 83' lang='lat' dir='ltr'>margine</span> <span class='ocrx_word' id='word_1_5' title='bbox 600 224 794 263; x_wconf 89' lang='lat' dir='ltr'>adnotum</span> <span class='ocrx_word' id='word_1_6' title='bbox 821 225 881 262; x_wconf 87' lang='lat' dir='ltr'>est</span> <span class='ocrx_word' id='word_1_7' title='bbox 907 222 939 268; x_wconf 80' lang='lat' dir='ltr'><strong>Q</strong></span> <span class='ocrx_word' id='word_1_8' title='bbox 969 223 1037 271; x_wconf 86' lang='lat'>39,</span> <span class='ocrx_word' id='word_1_9' title='bbox 1070 221 1174 260; x_wconf 88' lang='lat' dir='ltr'>unde</span> <span class='ocrx_word' id='word_1_10' title='bbox 1201 221 1425 260; x_wconf 87' lang='lat' dir='ltr'>Hammer</span> <span class='ocrx_word' id='word_1_11' title='bbox 1450 221 1569 260; x_wconf 90' lang='lat' dir='ltr'>colle-</span> 
     </span>
     <span class='ocr_line' id='line_1_3' title="bbox 185 282 1570 339; baseline -0.004 -13"><span class='ocrx_word' id='word_1_12' title='bbox 185 288 246 339; x_wconf 88' lang='lat' dir='ltr'>git</span> <span class='ocrx_word' id='word_1_13' title='bbox 295 286 537 325; x_wconf 88' lang='lat' dir='ltr'>Vossianum</span> <span class='ocrx_word' id='word_1_14' title='bbox 589 286 757 323; x_wconf 85' lang='lat' dir='ltr'>alteram</span> <span class='ocrx_word' id='word_1_15' title='bbox 808 285 967 333; x_wconf 85' lang='lat' dir='ltr'>partem</span> <span class='ocrx_word' id='word_1_16' title='bbox 1024 282 1234 322; x_wconf 87' lang='lat' dir='ltr'>cuiusdam</span> <span class='ocrx_word' id='word_1_17' title='bbox 1290 283 1570 332; x_wconf 71' lang='lat' dir='ltr'>excerptorum</span> 
     </span>
     <span class='ocr_line' id='line_1_4' title="bbox 185 339 1570 399; baseline -0.004 -13"><span class='ocrx_word' id='word_1_18' title='bbox 185 347 432 386; x_wconf 73' lang='lat' dir='ltr'>collectionis</span> <span class='ocrx_word' id='word_1_19' title='bbox 472 339 605 399; x_wconf 82' lang='lat' dir='ltr'>esse.¹)</span> <span class='ocrx_word' id='word_1_20' title='bbox 665 358 687 383; x_wconf 89' lang='lat' dir='ltr'>a</span> <span class='ocrx_word' id='word_1_21' title='bbox 726 357 849 382; x_wconf 88' lang='lat' dir='ltr'>manu</span> <span class='ocrx_word' id='word_1_22' title='bbox 888 343 1038 382; x_wconf 89' lang='lat' dir='ltr'>saeculi</span> <span class='ocrx_word' id='word_1_23' title='bbox 1070 342 1183 392; x_wconf 89' lang='lat' dir='ltr'>XVI,</span> <span class='ocrx_word' id='word_1_24' title='bbox 1224 344 1272 381; x_wconf 91' lang='lat' dir='ltr'>ut</span> <span class='ocrx_word' id='word_1_25' title='bbox 1305 342 1486 392; x_wconf 88' lang='lat' dir='ltr'>videtur,</span> <span class='ocrx_word' id='word_1_26' title='bbox 1526 342 1570 381; x_wconf 86' lang='lat' dir='ltr'>in</span> 
     </span>
     <span class='ocr_line' id='line_1_5' title="bbox 183 402 1568 459; baseline -0.004 -12"><span class='ocrx_word' id='word_1_27' title='bbox 183 409 365 459; x_wconf 81' lang='lat' dir='ltr'>margine</span> <span class='ocrx_word' id='word_1_28' title='bbox 408 407 612 457; x_wconf 85' lang='lat' dir='ltr'>superiore</span> <span class='ocrx_word' id='word_1_29' title='bbox 653 405 743 444; x_wconf 84' lang='lat' dir='ltr'>folii</span> <span class='ocrx_word' id='word_1_30' title='bbox 778 407 798 443; x_wconf 88' lang='lat'>1</span> <span class='ocrx_word' id='word_1_31' title='bbox 836 405 1067 455; x_wconf 87' lang='lat' dir='ltr'>appositum</span> <span class='ocrx_word' id='word_1_32' title='bbox 1105 403 1272 456; x_wconf 86' lang='lat' dir='ltr'>legitur:</span> <span class='ocrx_word' id='word_1_33' title='bbox 1315 403 1384 442; x_wconf 74' lang='lat' dir='ltr'>Ea:</span> <span class='ocrx_word' id='word_1_34' title='bbox 1416 402 1568 452; x_wconf 71' lang='lat' dir='ltr'>Qwimti-</span> 
     </span>
     <span class='ocr_line' id='line_1_6' title="bbox 186 463 1570 516; baseline -0.004 -8"><span class='ocrx_word' id='word_1_35' title='bbox 186 469 288 508; x_wconf 72' lang='lat' dir='ltr'>liam</span> <span class='ocrx_word' id='word_1_36' title='bbox 320 470 499 516; x_wconf 72' lang='lat' dir='ltr'>excerpta</span> <span class='ocrx_word' id='word_1_37' title='bbox 529 469 573 505; x_wconf 78' lang='lat' dir='ltr'>ut</span> <span class='ocrx_word' id='word_1_38' title='bbox 610 466 821 505; x_wconf 71' lang='lat' dir='ltr'>verisimile</span> <span class='ocrx_word' id='word_1_39' title='bbox 853 468 909 504; x_wconf 72' lang='lat' dir='ltr'>est</span> <span class='ocrx_word' id='word_1_40' title='bbox 945 465 995 503; x_wconf 87' lang='lat' dir='ltr'>ab</span> <span class='ocrx_word' id='word_1_41' title='bbox 1027 463 1232 503; x_wconf 81' lang='lat' dir='ltr'>Adelardo</span> <span class='ocrx_word' id='word_1_42' title='bbox 1265 466 1336 502; x_wconf 79' lang='lat' dir='ltr'>aut</span> <span class='ocrx_word' id='word_1_43' title='bbox 1366 464 1446 503; x_wconf 77' lang='lat' dir='ltr'>alio</span> <span class='ocrx_word' id='word_1_44' title='bbox 1478 475 1570 513; x_wconf 77' lang='lat' dir='ltr'>quo-</span> 
     </span>
     <span class='ocr_line' id='line_1_7' title="bbox 184 522 335 578; baseline -0.007 -10"><span class='ocrx_word' id='word_1_45' title='bbox 184 522 335 578; x_wconf 68' lang='lat' dir='ltr'>quam.⁵¹</span> 
     </span>
    </p>

    <p class='ocr_par' dir='ltr' id='par_1_3' title="bbox 182 522 1571 1182">
     <span class='ocr_line' id='line_1_8' title="bbox 278 522 1571 639; baseline -0.004 -11"><span class='ocrx_word' id='word_1_46' title='bbox 278 522 409 628; x_wconf 60' lang='lat' dir='ltr'>Codex</span> <span class='ocrx_word' id='word_1_47' title='bbox 442 588 705 626; x_wconf 84' lang='lat' dir='ltr'>Beruensis</span> <span class='ocrx_word' id='word_1_48' title='bbox 737 586 889 624; x_wconf 85' lang='lat' dir='ltr'>latinus</span> <span class='ocrx_word' id='word_1_49' title='bbox 924 586 1008 624; x_wconf 88' lang='grc'>149</span> <span class='ocrx_word' id='word_1_50' title='bbox 1045 579 1119 639; x_wconf 82' lang='lat' dir='ltr'>(B)</span> <span class='ocrx_word' id='word_1_51' title='bbox 1152 585 1387 624; x_wconf 79' lang='lat' dir='ltr'>chartaceus</span> <span class='ocrx_word' id='word_1_52' title='bbox 1419 585 1571 623; x_wconf 89' lang='lat' dir='ltr'>saeculi</span> 
     </span>
     <span class='ocr_line' id='line_1_9' title="bbox 184 645 1571 697; baseline -0.004 -9"><span class='ocrx_word' id='word_1_53' title='bbox 184 649 280 688; x_wconf 91' lang='lat' dir='ltr'>XVI</span> <span class='ocrx_word' id='word_1_54' title='bbox 306 650 435 688; x_wconf 83' lang='lat' dir='ltr'>forma</span> <span class='ocrx_word' id='word_1_55' title='bbox 461 649 639 687; x_wconf 88' lang='lat' dir='ltr'>maxima</span> <span class='ocrx_word' id='word_1_56' title='bbox 664 647 759 685; x_wconf 91' lang='lat' dir='ltr'>olim</span> <span class='ocrx_word' id='word_1_57' title='bbox 785 646 925 685; x_wconf 88' lang='lat' dir='ltr'>Iacobi</span> <span class='ocrx_word' id='word_1_58' title='bbox 950 645 1049 684; x_wconf 91' lang='lat' dir='ltr'>Bon</span> <span class='ocrx_word' id='word_1_59' title='bbox 1058 646 1214 697; x_wconf 86' lang='lat' dir='ltr'>garsii</span> <span class='ocrx_word' id='word_1_60' title='bbox 1244 646 1287 683; x_wconf 86' lang='lat' dir='ltr'>in</span> <span class='ocrx_word' id='word_1_61' title='bbox 1321 658 1400 695; x_wconf 93' lang='lat' dir='ltr'>quo</span> <span class='ocrx_word' id='word_1_62' title='bbox 1431 645 1571 684; x_wconf 88' lang='lat' dir='ltr'>insunt</span> 
     </span>
     <span class='ocr_line' id='line_1_10' title="bbox 185 705 1570 761; baseline -0.003 -13"><span class='ocrx_word' id='word_1_63' title='bbox 185 710 400 761; x_wconf 88' lang='lat' dir='ltr'>Bongarsii</span> <span class='ocrx_word' id='word_1_64' title='bbox 439 709 684 748; x_wconf 87' lang='lat' dir='ltr'>collectanea</span> <span class='ocrx_word' id='word_1_65' title='bbox 721 707 897 745; x_wconf 87' lang='lat' dir='ltr'>iuridica</span> <span class='ocrx_word' id='word_1_66' title='bbox 934 706 1091 745; x_wconf 89' lang='lat' dir='ltr'>medica</span> <span class='ocrx_word' id='word_1_67' title='bbox 1126 705 1350 756; x_wconf 83' lang='lat' dir='ltr'>alehymiea</span> <span class='ocrx_word' id='word_1_68' title='bbox 1387 705 1570 745; x_wconf 87' lang='lat' dir='ltr'>diversae</span> 
     </span>
     <span class='ocr_line' id='line_1_11' title="bbox 184 762 1569 821; baseline -0.002 -13"><span class='ocrx_word' id='word_1_69' title='bbox 184 772 225 809; x_wconf 88' lang='lat' dir='ltr'>et</span> <span class='ocrx_word' id='word_1_70' title='bbox 256 770 424 820; x_wconf 87' lang='lat' dir='ltr'>originis</span> <span class='ocrx_word' id='word_1_71' title='bbox 458 771 498 807; x_wconf 88' lang='lat' dir='ltr'>et</span> <span class='ocrx_word' id='word_1_72' title='bbox 529 769 677 807; x_wconf 87' lang='lat' dir='ltr'>aetatis</span> <span class='ocrx_word' id='word_1_73' title='bbox 686 762 740 821; x_wconf 80' lang='lat'>3),</span> <span class='ocrx_word' id='word_1_74' title='bbox 779 767 976 816; x_wconf 87' lang='lat' dir='ltr'>continet,</span> <span class='ocrx_word' id='word_1_75' title='bbox 1014 768 1061 804; x_wconf 88' lang='lat' dir='ltr'>ut</span> <span class='ocrx_word' id='word_1_76' title='bbox 1092 779 1139 805; x_wconf 89' lang='lat' dir='ltr'>ex</span> <span class='ocrx_word' id='word_1_77' title='bbox 1172 765 1392 816; x_wconf 88' lang='lat' dir='ltr'>Calpurnio</span> <span class='ocrx_word' id='word_1_78' title='bbox 1424 766 1569 805; x_wconf 82' lang='lat' dir='ltr'>Flacco</span> 
     </span>
     <span class='ocr_line' id='line_1_12' title="bbox 182 827 1570 879; baseline -0.003 -10"><span class='ocrx_word' id='word_1_79' title='bbox 182 831 243 869; x_wconf 89' lang='lat' dir='ltr'>ita</span> <span class='ocrx_word' id='word_1_80' title='bbox 263 829 506 876; x_wconf 81' lang='lat' dir='ltr'>Quintiliani</span> <span class='ocrx_word' id='word_1_81' title='bbox 526 841 687 879; x_wconf 87' lang='lat' dir='ltr'>quoque</span> <span class='ocrx_word' id='word_1_82' title='bbox 707 828 1049 866; x_wconf 83' lang='lat' dir='ltr'>declamationum</span> <span class='ocrx_word' id='word_1_83' title='bbox 1072 827 1271 876; x_wconf 86' lang='lat' dir='ltr'>excerpta.</span> <span class='ocrx_word' id='word_1_84' title='bbox 1323 838 1414 865; x_wconf 92' lang='lat' dir='ltr'>cum</span> <span class='ocrx_word' id='word_1_85' title='bbox 1440 839 1570 866; x_wconf 83' lang='lat' dir='ltr'>exem-</span> 
     </span>
     <span class='ocr_line' id='line_1_13' title="bbox 183 886 1569 941; baseline -0.002 -12"><span class='ocrx_word' id='word_1_86' title='bbox 183 891 274 941; x_wconf 85' lang='lat' dir='ltr'>plar</span> <span class='ocrx_word' id='word_1_87' title='bbox 306 903 450 940; x_wconf 89' lang='lat' dir='ltr'>parum</span> <span class='ocrx_word' id='word_1_88' title='bbox 483 890 589 928; x_wconf 89' lang='lat' dir='ltr'>clare</span> <span class='ocrx_word' id='word_1_89' title='bbox 622 892 744 939; x_wconf 87' lang='lat' dir='ltr'>atque</span> <span class='ocrx_word' id='word_1_90' title='bbox 777 888 950 926; x_wconf 81' lang='lat' dir='ltr'>dilucide</span> <span class='ocrx_word' id='word_1_91' title='bbox 984 889 1194 926; x_wconf 87' lang='lat' dir='ltr'>exaratum</span> <span class='ocrx_word' id='word_1_92' title='bbox 1226 888 1347 936; x_wconf 84' lang='lat' dir='ltr'>esset,</span> <span class='ocrx_word' id='word_1_93' title='bbox 1379 886 1569 927; x_wconf 85' lang='lat' dir='ltr'>librarius</span> 
     </span>
     <span class='ocr_line' id='line_1_14' title="bbox 185 947 1568 1003; baseline -0.003 -13"><span class='ocrx_word' id='word_1_94' title='bbox 185 952 255 1001; x_wconf 91' lang='lat' dir='ltr'>qui</span> <span class='ocrx_word' id='word_1_95' title='bbox 287 951 449 1003; x_wconf 87' lang='lat' dir='ltr'>linguae</span> <span class='ocrx_word' id='word_1_96' title='bbox 481 950 633 988; x_wconf 88' lang='lat' dir='ltr'>latinae</span> <span class='ocrx_word' id='word_1_97' title='bbox 671 949 803 987; x_wconf 85' lang='lat' dir='ltr'>minus</span> <span class='ocrx_word' id='word_1_98' title='bbox 842 948 995 999; x_wconf 88' lang='lat' dir='ltr'>peritus</span> <span class='ocrx_word' id='word_1_99' title='bbox 1035 949 1140 997; x_wconf 84' lang='lat' dir='ltr'>erat,</span> <span class='ocrx_word' id='word_1_100' title='bbox 1183 947 1419 998; x_wconf 88' lang='lat' dir='ltr'>compendia</span> <span class='ocrx_word' id='word_1_101' title='bbox 1451 961 1568 998; x_wconf 86' lang='lat' dir='ltr'>quae-</span> 
     </span>
     <span class='ocr_line' id='line_1_15' title="bbox 185 1007 1570 1062; baseline -0.004 -11"><span class='ocrx_word' id='word_1_102' title='bbox 185 1012 278 1051; x_wconf 86' lang='lat' dir='ltr'>dam</span> <span class='ocrx_word' id='word_1_103' title='bbox 308 1023 520 1062; x_wconf 85' lang='lat' dir='ltr'>perperam</span> <span class='ocrx_word' id='word_1_104' title='bbox 546 1010 754 1048; x_wconf 88' lang='lat' dir='ltr'>intellecta</span> <span class='ocrx_word' id='word_1_105' title='bbox 785 1010 889 1048; x_wconf 88' lang='lat' dir='ltr'>falso</span> <span class='ocrx_word' id='word_1_106' title='bbox 916 1009 1208 1058; x_wconf 87' lang='lat' dir='ltr'>interpretatus</span> <span class='ocrx_word' id='word_1_107' title='bbox 1242 1009 1313 1047; x_wconf 90' lang='lat' dir='ltr'>est.</span> <span class='ocrx_word' id='word_1_108' title='bbox 1371 1007 1570 1058; x_wconf 83' lang='lat' dir='ltr'>quaedam</span> 
     </span>
     <span class='ocr_line' id='line_1_16' title="bbox 185 1069 1569 1122; baseline -0.003 -11"><span class='ocrx_word' id='word_1_109' title='bbox 185 1086 287 1122; x_wconf 88' lang='lat' dir='ltr'>quae</span> <span class='ocrx_word' id='word_1_110' title='bbox 321 1071 492 1111; x_wconf 89' lang='lat' dir='ltr'>enodare</span> <span class='ocrx_word' id='word_1_111' title='bbox 525 1084 605 1109; x_wconf 89' lang='lat' dir='ltr'>non</span> <span class='ocrx_word' id='word_1_112' title='bbox 636 1071 783 1120; x_wconf 88' lang='lat' dir='ltr'>potuit,</span> <span class='ocrx_word' id='word_1_113' title='bbox 815 1070 936 1120; x_wconf 90' lang='lat' dir='ltr'>plane</span> <span class='ocrx_word' id='word_1_114' title='bbox 968 1069 1106 1109; x_wconf 87' lang='lat' dir='ltr'>omisit</span> <span class='ocrx_word' id='word_1_115' title='bbox 1131 1069 1190 1108; x_wconf 90' lang='lat' dir='ltr'>ita</span> <span class='ocrx_word' id='word_1_116' title='bbox 1221 1070 1370 1118; x_wconf 89' lang='lat' dir='ltr'>tamen,</span> <span class='ocrx_word' id='word_1_117' title='bbox 1401 1070 1448 1108; x_wconf 91' lang='lat' dir='ltr'>ut</span> <span class='ocrx_word' id='word_1_118' title='bbox 1479 1081 1569 1119; x_wconf 84' lang='lat' dir='ltr'>spa-</span> 
     </span>
     <span class='ocr_line' id='line_1_17' title="bbox 185 1130 845 1182; baseline -0.005 -11"><span class='ocrx_word' id='word_1_119' title='bbox 185 1133 290 1171; x_wconf 90' lang='lat' dir='ltr'>tium</span> <span class='ocrx_word' id='word_1_120' title='bbox 322 1133 556 1182; x_wconf 90' lang='lat' dir='ltr'>suppleturo</span> <span class='ocrx_word' id='word_1_121' title='bbox 588 1130 845 1180; x_wconf 86' lang='lat' dir='ltr'>relinqueret.</span> 
     </span>
    </p>

    <p class='ocr_par' dir='ltr' id='par_1_4' title="bbox 183 1183 1570 1424">
     <span class='ocr_line' id='line_1_18' title="bbox 275 1183 1569 1244; baseline -0.002 -13"><span class='ocrx_word' id='word_1_122' title='bbox 275 1193 411 1231; x_wconf 85' lang='lat' dir='ltr'>Etiam</span> <span class='ocrx_word' id='word_1_123' title='bbox 450 1192 571 1231; x_wconf 86' lang='lat' dir='ltr'>codex</span> <span class='ocrx_word' id='word_1_124' title='bbox 603 1191 876 1229; x_wconf 85' lang='lat' dir='ltr'>Vaticanus</span> <span class='ocrx_word' id='word_1_125' title='bbox 915 1191 1131 1241; x_wconf 84' lang='lat' dir='ltr'>Reginae</span> <span class='ocrx_word' id='word_1_126' title='bbox 1168 1190 1300 1229; x_wconf 81' lang='lat'>1428</span> <span class='ocrx_word' id='word_1_127' title='bbox 1335 1183 1414 1244; x_wconf 82' lang='lat' dir='ltr'>(R)</span> <span class='ocrx_word' id='word_1_128' title='bbox 1445 1203 1569 1228; x_wconf 90' lang='lat' dir='ltr'>mem-</span> 
     </span>
     <span class='ocr_line' id='line_1_19' title="bbox 183 1246 1569 1305; baseline -0.003 -13"><span class='ocrx_word' id='word_1_129' title='bbox 183 1254 404 1292; x_wconf 87' lang='lat' dir='ltr'>branaceus</span> <span class='ocrx_word' id='word_1_130' title='bbox 444 1253 594 1291; x_wconf 87' lang='lat' dir='ltr'>saeculi</span> <span class='ocrx_word' id='word_1_131' title='bbox 625 1246 744 1305; x_wconf 75' lang='lat' dir='ltr'>XV4)</span> <span class='ocrx_word' id='word_1_132' title='bbox 778 1253 838 1290; x_wconf 89' lang='lat' dir='ltr'>est</span> <span class='ocrx_word' id='word_1_133' title='bbox 875 1251 1168 1290; x_wconf 88' lang='lat' dir='ltr'>miscellaneus.</span> <span class='ocrx_word' id='word_1_134' title='bbox 1230 1250 1333 1289; x_wconf 89' lang='lat' dir='ltr'>liber</span> <span class='ocrx_word' id='word_1_135' title='bbox 1371 1250 1443 1300; x_wconf 89' lang='lat' dir='ltr'>qui</span> <span class='ocrx_word' id='word_1_136' title='bbox 1477 1262 1569 1289; x_wconf 90' lang='lat' dir='ltr'>con-</span> 
     </span>
     <span class='ocr_line' id='line_1_20' title="bbox 183 1311 1570 1364; baseline -0.002 -12"><span class='ocrx_word' id='word_1_137' title='bbox 183 1315 288 1352; x_wconf 88' lang='lat' dir='ltr'>tinet</span> <span class='ocrx_word' id='word_1_138' title='bbox 332 1313 524 1364; x_wconf 82' lang='lat' dir='ltr'>opuscula</span> <span class='ocrx_word' id='word_1_139' title='bbox 568 1312 727 1351; x_wconf 86' lang='lat' dir='ltr'>diversa</span> <span class='ocrx_word' id='word_1_140' title='bbox 772 1325 894 1362; x_wconf 85' lang='lat' dir='ltr'>quam</span> <span class='ocrx_word' id='word_1_141' title='bbox 937 1312 1112 1350; x_wconf 86' lang='lat' dir='ltr'>maxime</span> <span class='ocrx_word' id='word_1_142' title='bbox 1157 1313 1196 1350; x_wconf 89' lang='lat' dir='ltr'>et</span> <span class='ocrx_word' id='word_1_143' title='bbox 1238 1311 1487 1362; x_wconf 87' lang='lat' dir='ltr'>argumentis</span> <span class='ocrx_word' id='word_1_144' title='bbox 1529 1312 1570 1349; x_wconf 89' lang='lat' dir='ltr'>et</span> 
     </span>
     <span class='ocr_line' id='line_1_21' title="bbox 183 1371 1567 1424; baseline -0.003 -11"><span class='ocrx_word' id='word_1_145' title='bbox 183 1374 432 1424; x_wconf 87' lang='lat' dir='ltr'>temporibus</span> <span class='ocrx_word' id='word_1_146' title='bbox 459 1372 604 1424; x_wconf 83' lang='lat' dir='ltr'>quibus</span> <span class='ocrx_word' id='word_1_147' title='bbox 631 1374 720 1411; x_wconf 81' lang='lat' dir='ltr'>orta</span> <span class='ocrx_word' id='word_1_148' title='bbox 746 1375 852 1422; x_wconf 88' lang='lat' dir='ltr'>sunt,</span> <span class='ocrx_word' id='word_1_149' title='bbox 884 1371 1052 1422; x_wconf 87' lang='lat' dir='ltr'>praebet</span> <span class='ocrx_word' id='word_1_150' title='bbox 1081 1373 1267 1422; x_wconf 83' lang='lat' dir='ltr'>excerpta</span> <span class='ocrx_word' id='word_1_151' title='bbox 1292 1371 1380 1409; x_wconf 90' lang='lat' dir='ltr'>loco</span> <span class='ocrx_word' id='word_1_152' title='bbox 1413 1372 1567 1410; x_wconf 86' lang='lat' dir='ltr'>octavo.</span> 
     </span>
    </p>

    <p class='ocr_par' dir='ltr' id='par_1_5' title="bbox 182 1431 1569 1787">
     <span class='ocr_line' id='line_1_22' title="bbox 275 1431 1568 1482; baseline -0.002 -9"><span class='ocrx_word' id='word_1_153' title='bbox 275 1434 380 1473; x_wconf 89' lang='lat' dir='ltr'>Usus</span> <span class='ocrx_word' id='word_1_154' title='bbox 423 1446 511 1473; x_wconf 91' lang='lat' dir='ltr'>sum</span> <span class='ocrx_word' id='word_1_155' title='bbox 553 1433 836 1472; x_wconf 86' lang='lat' dir='ltr'>collationibus</span> <span class='ocrx_word' id='word_1_156' title='bbox 886 1433 1102 1472; x_wconf 86' lang='lat' dir='ltr'>Dessaueri</span> <span class='ocrx_word' id='word_1_157' title='bbox 1151 1434 1314 1482; x_wconf 86' lang='lat' dir='ltr'>praeter</span> <span class='ocrx_word' id='word_1_158' title='bbox 1353 1431 1568 1471; x_wconf 88' lang='lat' dir='ltr'>Bernensis</span> 
     </span>
     <span class='ocr_line' id='line_1_23' title="bbox 185 1492 1568 1545; baseline -0.002 -12"><span class='ocrx_word' id='word_1_159' title='bbox 185 1508 303 1545; x_wconf 91' lang='lat' dir='ltr'>quem</span> <span class='ocrx_word' id='word_1_160' title='bbox 333 1494 523 1533; x_wconf 87' lang='lat' dir='ltr'>Monachi</span> <span class='ocrx_word' id='word_1_161' title='bbox 562 1494 692 1532; x_wconf 90' lang='lat' dir='ltr'>hieme</span> <span class='ocrx_word' id='word_1_162' title='bbox 732 1495 827 1531; x_wconf 87' lang='lat' dir='ltr'>anni</span> <span class='ocrx_word' id='word_1_163' title='bbox 866 1495 982 1532; x_wconf 87' lang='lat'>1900</span> <span class='ocrx_word' id='word_1_164' title='bbox 1015 1494 1179 1531; x_wconf 87' lang='lat' dir='ltr'>contuli.</span> <span class='ocrx_word' id='word_1_165' title='bbox 1237 1492 1393 1531; x_wconf 87' lang='lat' dir='ltr'>codices</span> <span class='ocrx_word' id='word_1_166' title='bbox 1432 1493 1568 1531; x_wconf 85' lang='lat' dir='ltr'>autem</span> 
     </span>
     <span class='ocr_line' id='line_1_24' title="bbox 186 1550 1568 1607; baseline -0.001 -14"><span class='ocrx_word' id='word_1_167' title='bbox 186 1554 701 1594; x_wconf 84' lang='lat' dir='ltr'>Gaio—Gonvillensem</span> <span class='ocrx_word' id='word_1_168' title='bbox 760 1567 859 1592; x_wconf 89' lang='lat' dir='ltr'>saec.</span> <span class='ocrx_word' id='word_1_169' title='bbox 905 1550 1109 1607; x_wconf 70' lang='lat' dir='ltr'>XJIJXIII</span> <span class='ocrx_word' id='word_1_170' title='bbox 1163 1555 1203 1592; x_wconf 90' lang='lat' dir='ltr'>et</span> <span class='ocrx_word' id='word_1_171' title='bbox 1247 1551 1568 1592; x_wconf 79' lang='lat' dir='ltr'>oxoniensem</span> 
     </span>
     <span class='ocr_line' id='line_1_25' title="bbox 184 1612 1569 1666; baseline -0.002 -12"><span class='ocrx_word' id='word_1_172' title='bbox 184 1628 285 1654; x_wconf 85' lang='lat' dir='ltr'>saec.</span> <span class='ocrx_word' id='word_1_173' title='bbox 312 1615 532 1666; x_wconf 74' lang='lat' dir='ltr'>XIHJXIV</span> <span class='ocrx_word' id='word_1_174' title='bbox 563 1628 642 1653; x_wconf 91' lang='lat' dir='ltr'>non</span> <span class='ocrx_word' id='word_1_175' title='bbox 677 1615 859 1663; x_wconf 87' lang='lat' dir='ltr'>adhibui,</span> <span class='ocrx_word' id='word_1_176' title='bbox 897 1628 987 1652; x_wconf 86' lang='lat' dir='ltr'>cum</span> <span class='ocrx_word' id='word_1_177' title='bbox 1020 1627 1067 1653; x_wconf 86' lang='lat' dir='ltr'>ex</span> <span class='ocrx_word' id='word_1_178' title='bbox 1100 1615 1157 1653; x_wconf 89' lang='lat' dir='ltr'>eis</span> <span class='ocrx_word' id='word_1_179' title='bbox 1190 1626 1293 1663; x_wconf 89' lang='lat' dir='ltr'>quae</span> <span class='ocrx_word' id='word_1_180' title='bbox 1324 1612 1569 1652; x_wconf 89' lang='lat' dir='ltr'>Dessauer</span> 
     </span>
     <span class='ocr_line' id='line_1_26' title="bbox 184 1673 1568 1725; baseline -0.001 -11"><span class='ocrx_word' id='word_1_181' title='bbox 184 1676 232 1714; x_wconf 88' lang='lat' dir='ltr'>de</span> <span class='ocrx_word' id='word_1_182' title='bbox 264 1676 346 1714; x_wconf 88' lang='lat' dir='ltr'>illis</span> <span class='ocrx_word' id='word_1_183' title='bbox 379 1677 577 1725; x_wconf 77' lang='lat' dir='ltr'>enotavit,</span> <span class='ocrx_word' id='word_1_184' title='bbox 617 1676 858 1724; x_wconf 85' lang='lat' dir='ltr'>evinciatur,</span> <span class='ocrx_word' id='word_1_185' title='bbox 895 1675 978 1714; x_wconf 89' lang='lat' dir='ltr'>illis</span> <span class='ocrx_word' id='word_1_186' title='bbox 1010 1687 1116 1713; x_wconf 85' lang='lat' dir='ltr'>nova</span> <span class='ocrx_word' id='word_1_187' title='bbox 1157 1673 1338 1713; x_wconf 88' lang='lat' dir='ltr'>subsidia</span> <span class='ocrx_word' id='word_1_188' title='bbox 1370 1673 1421 1712; x_wconf 86' lang='lat' dir='ltr'>ad</span> <span class='ocrx_word' id='word_1_189' title='bbox 1451 1675 1568 1712; x_wconf 88' lang='lat' dir='ltr'>resti-</span> 
     </span>
     <span class='ocr_line' id='line_1_27' title="bbox 182 1735 1159 1787; baseline -0.002 -12"><span class='ocrx_word' id='word_1_190' title='bbox 182 1736 373 1775; x_wconf 87' lang='lat' dir='ltr'>tuendam</span> <span class='ocrx_word' id='word_1_191' title='bbox 407 1737 622 1787; x_wconf 86' lang='lat' dir='ltr'>genuinam</span> <span class='ocrx_word' id='word_1_192' title='bbox 654 1735 867 1774; x_wconf 87' lang='lat' dir='ltr'>lectionem</span> <span class='ocrx_word' id='word_1_193' title='bbox 899 1749 979 1774; x_wconf 87' lang='lat' dir='ltr'>non</span> <span class='ocrx_word' id='word_1_194' title='bbox 1010 1736 1159 1786; x_wconf 86' lang='lat' dir='ltr'>parari.</span> 
     </span>
    </p>

    <p class='ocr_par' dir='ltr' id='par_1_6' title="bbox 274 1793 1567 1845">
     <span class='ocr_line' id='line_1_28' title="bbox 274 1793 1567 1845; baseline -0.002 -11"><span class='ocrx_word' id='word_1_195' title='bbox 274 1796 454 1834; x_wconf 86' lang='lat' dir='ltr'>Primum</span> <span class='ocrx_word' id='word_1_196' title='bbox 480 1796 611 1834; x_wconf 86' lang='lat' dir='ltr'>locum</span> <span class='ocrx_word' id='word_1_197' title='bbox 638 1798 749 1835; x_wconf 88' lang='lat' dir='ltr'>tenet</span> <span class='ocrx_word' id='word_1_198' title='bbox 777 1795 997 1845; x_wconf 84' lang='lat' dir='ltr'>Parisinus,</span> <span class='ocrx_word' id='word_1_199' title='bbox 1030 1808 1150 1845; x_wconf 88' lang='lat' dir='ltr'>quam</span> <span class='ocrx_word' id='word_1_200' title='bbox 1178 1795 1228 1834; x_wconf 95' lang='lat' dir='ltr'>ob</span> <span class='ocrx_word' id='word_1_201' title='bbox 1260 1807 1345 1833; x_wconf 86' lang='lat' dir='ltr'>rem</span> <span class='ocrx_word' id='word_1_202' title='bbox 1372 1793 1567 1845; x_wconf 85' lang='lat' dir='ltr'>excerptis</span> 
     </span>
    </p>
   </div>
   <div class='ocr_carea' id='block_1_3' title="bbox 187 1871 349 1877">
    <p class='ocr_par' dir='ltr' id='par_1_7' title="bbox 187 1871 349 1877">
     <span class='ocr_line' id='line_1_29' title="bbox 187 1871 349 1877; baseline 0 0"><span class='ocrx_word' id='word_1_203' title='bbox 187 1871 349 1877; x_wconf 95' lang='lat' dir='ltr'> </span> 
     </span>
    </p>
   </div>
   <div class='ocr_carea' id='block_1_4' title="bbox 183 1908 1567 2439">
    <p class='ocr_par' dir='ltr' id='par_1_8' title="bbox 185 1908 1567 1995">
     <span class='ocr_line' id='line_1_30' title="bbox 283 1908 1567 1956; baseline -0.002 -10"><span class='ocrx_word' id='word_1_204' title='bbox 283 1912 317 1956; x_wconf 89' lang='lat'>1)</span> <span class='ocrx_word' id='word_1_205' title='bbox 344 1910 490 1956; x_wconf 87' lang='lat' dir='ltr'>cogitat</span> <span class='ocrx_word' id='word_1_206' title='bbox 509 1910 556 1946; x_wconf 90' lang='lat' dir='ltr'>de</span> <span class='ocrx_word' id='word_1_207' title='bbox 576 1910 818 1946; x_wconf 83' lang='lat' dir='ltr'>institutione</span> <span class='ocrx_word' id='word_1_208' title='bbox 838 1910 1005 1946; x_wconf 86' lang='lat' dir='ltr'>oratoria</span> <span class='ocrx_word' id='word_1_209' title='bbox 1025 1910 1066 1945; x_wconf 86' lang='lat' dir='ltr'>id</span> <span class='ocrx_word' id='word_1_210' title='bbox 1086 1910 1189 1956; x_wconf 87' lang='lat' dir='ltr'>quod</span> <span class='ocrx_word' id='word_1_211' title='bbox 1208 1921 1343 1956; x_wconf 84' lang='lat' dir='ltr'>parum</span> <span class='ocrx_word' id='word_1_212' title='bbox 1361 1908 1567 1944; x_wconf 83' lang='lat' dir='ltr'>verisimile</span> 
     </span>
     <span class='ocr_line' id='line_1_31' title="bbox 185 1958 572 1995; baseline -0.003 0"><span class='ocrx_word' id='word_1_213' title='bbox 185 1970 266 1995; x_wconf 84' lang='lat' dir='ltr'>esse</span> <span class='ocrx_word' id='word_1_214' title='bbox 293 1958 386 1994; x_wconf 85' lang='lat' dir='ltr'>mihi</span> <span class='ocrx_word' id='word_1_215' title='bbox 413 1959 572 1994; x_wconf 89' lang='lat' dir='ltr'>videtur.</span> 
     </span>
    </p>

    <p class='ocr_par' dir='ltr' id='par_1_9' title="bbox 183 2005 1567 2294">
     <span class='ocr_line' id='line_1_32' title="bbox 282 2005 1567 2053; baseline -0.002 -11"><span class='ocrx_word' id='word_1_216' title='bbox 282 2010 317 2052; x_wconf 82' lang='lat'>2)</span> <span class='ocrx_word' id='word_1_217' title='bbox 344 2018 459 2052; x_wconf 88' lang='lat' dir='ltr'>quam</span> <span class='ocrx_word' id='word_1_218' title='bbox 480 2007 736 2042; x_wconf 88' lang='lat' dir='ltr'>coniecturam</span> <span class='ocrx_word' id='word_1_219' title='bbox 756 2007 967 2043; x_wconf 87' lang='lat' dir='ltr'>Hammer</span> <span class='ocrx_word' id='word_1_220' title='bbox 993 2007 1141 2053; x_wconf 83' lang='lat' dir='ltr'>probat.</span> <span class='ocrx_word' id='word_1_221' title='bbox 1187 2005 1419 2041; x_wconf 82' lang='lat' dir='ltr'>Dessauer</span> <span class='ocrx_word' id='word_1_222' title='bbox 1438 2006 1567 2040; x_wconf 85' lang='lat' dir='ltr'>autem</span> 
     </span>
     <span class='ocr_line' id='line_1_33' title="bbox 183 2053 1567 2091; baseline -0.002 0"><span class='ocrx_word' id='word_1_223' title='bbox 183 2057 313 2091; x_wconf 88' lang='lat' dir='ltr'>monet</span> <span class='ocrx_word' id='word_1_224' title='bbox 339 2066 490 2090; x_wconf 86' lang='lat' dir='ltr'>carmen</span> <span class='ocrx_word' id='word_1_225' title='bbox 515 2055 611 2090; x_wconf 87' lang='lat' dir='ltr'>illud</span> <span class='ocrx_word' id='word_1_226' title='bbox 639 2056 685 2090; x_wconf 87' lang='lat' dir='ltr'>de</span> <span class='ocrx_word' id='word_1_227' title='bbox 710 2055 883 2091; x_wconf 83' lang='lat' dir='ltr'>trinitate</span> <span class='ocrx_word' id='word_1_228' title='bbox 910 2055 1073 2091; x_wconf 81' lang='lat' dir='ltr'>Parisini</span> <span class='ocrx_word' id='word_1_229' title='bbox 1098 2057 1193 2090; x_wconf 80' lang='grc'>4709</span> <span class='ocrx_word' id='word_1_230' title='bbox 1219 2053 1330 2090; x_wconf 87' lang='lat' dir='ltr'>Petro</span> <span class='ocrx_word' id='word_1_231' title='bbox 1350 2053 1567 2089; x_wconf 82' lang='lat' dir='ltr'>Abaelardo</span> 
     </span>
     <span class='ocr_line' id='line_1_34' title="bbox 185 2101 1566 2149; baseline -0.003 -9"><span class='ocrx_word' id='word_1_232' title='bbox 185 2103 232 2140; x_wconf 85' lang='lat' dir='ltr'>ab</span> <span class='ocrx_word' id='word_1_233' title='bbox 260 2103 346 2139; x_wconf 81' lang='lat' dir='ltr'>aliis</span> <span class='ocrx_word' id='word_1_234' title='bbox 371 2103 500 2146; x_wconf 87' lang='lat' dir='ltr'>tribui,</span> <span class='ocrx_word' id='word_1_235' title='bbox 527 2104 626 2139; x_wconf 88' lang='lat' dir='ltr'>unde</span> <span class='ocrx_word' id='word_1_236' title='bbox 647 2103 746 2139; x_wconf 87' lang='lat' dir='ltr'>effici</span> <span class='ocrx_word' id='word_1_237' title='bbox 770 2105 893 2149; x_wconf 74' lang='lat' dir='ltr'>putat,</span> <span class='ocrx_word' id='word_1_238' title='bbox 921 2116 1007 2140; x_wconf 90' lang='lat' dir='ltr'>cum</span> <span class='ocrx_word' id='word_1_239' title='bbox 1027 2102 1242 2139; x_wconf 77' lang='lat' dir='ltr'>Abaelardo</span> <span class='ocrx_word' id='word_1_240' title='bbox 1269 2101 1566 2137; x_wconf 81' lang='lat' dir='ltr'>declamationes</span> 
     </span>
     <span class='ocr_line' id='line_1_35' title="bbox 184 2149 1567 2199; baseline -0.003 -11"><span class='ocrx_word' id='word_1_241' title='bbox 184 2163 278 2198; x_wconf 78' lang='lat' dir='ltr'>quas</span> <span class='ocrx_word' id='word_1_242' title='bbox 306 2151 458 2197; x_wconf 84' lang='lat' dir='ltr'>saepius</span> <span class='ocrx_word' id='word_1_243' title='bbox 491 2152 642 2196; x_wconf 88' lang='lat' dir='ltr'>laudat,</span> <span class='ocrx_word' id='word_1_244' title='bbox 678 2163 753 2187; x_wconf 90' lang='lat' dir='ltr'>non</span> <span class='ocrx_word' id='word_1_245' title='bbox 785 2153 940 2199; x_wconf 86' lang='lat' dir='ltr'>ignotae</span> <span class='ocrx_word' id='word_1_246' title='bbox 966 2152 1126 2196; x_wconf 85' lang='lat' dir='ltr'>fuerint,</span> <span class='ocrx_word' id='word_1_247' title='bbox 1162 2162 1249 2186; x_wconf 90' lang='lat' dir='ltr'>eum</span> <span class='ocrx_word' id='word_1_248' title='bbox 1284 2149 1355 2185; x_wconf 84' lang='lat' dir='ltr'>illa</span> <span class='ocrx_word' id='word_1_249' title='bbox 1389 2151 1567 2196; x_wconf 82' lang='lat' dir='ltr'>excerpta</span> 
     </span>
     <span class='ocr_line' id='line_1_36' title="bbox 184 2199 1567 2246; baseline -0.002 -10"><span class='ocrx_word' id='word_1_250' title='bbox 184 2201 367 2236; x_wconf 85' lang='lat' dir='ltr'>conflasse</span> <span class='ocrx_word' id='word_1_251' title='bbox 429 2202 588 2244; x_wconf 88' lang='lat' dir='ltr'>uterque</span> <span class='ocrx_word' id='word_1_252' title='bbox 616 2202 742 2236; x_wconf 87' lang='lat' dir='ltr'>autem</span> <span class='ocrx_word' id='word_1_253' title='bbox 772 2200 854 2246; x_wconf 81' lang='lat' dir='ltr'>ipse</span> <span class='ocrx_word' id='word_1_254' title='bbox 880 2201 982 2246; x_wconf 89' lang='lat' dir='ltr'>quod</span> <span class='ocrx_word' id='word_1_255' title='bbox 1008 2199 1188 2246; x_wconf 86' lang='lat' dir='ltr'>protulit,</span> <span class='ocrx_word' id='word_1_256' title='bbox 1222 2210 1307 2234; x_wconf 90' lang='lat' dir='ltr'>cum</span> <span class='ocrx_word' id='word_1_257' title='bbox 1341 2199 1567 2245; x_wconf 82' lang='lat' dir='ltr'>argumenta</span> 
     </span>
     <span class='ocr_line' id='line_1_37' title="bbox 185 2246 1565 2294; baseline -0.002 -9"><span class='ocrx_word' id='word_1_258' title='bbox 185 2250 234 2285; x_wconf 86' lang='lat' dir='ltr'>ad</span> <span class='ocrx_word' id='word_1_259' title='bbox 249 2248 498 2284; x_wconf 81' lang='lat' dir='ltr'>stabiliendas</span> <span class='ocrx_word' id='word_1_260' title='bbox 519 2249 727 2284; x_wconf 80' lang='lat' dir='ltr'>sententias</span> <span class='ocrx_word' id='word_1_261' title='bbox 747 2261 822 2284; x_wconf 92' lang='lat' dir='ltr'>non</span> <span class='ocrx_word' id='word_1_262' title='bbox 844 2249 1070 2291; x_wconf 82' lang='lat' dir='ltr'>sufficerent,</span> <span class='ocrx_word' id='word_1_263' title='bbox 1091 2259 1159 2294; x_wconf 86' lang='lat' dir='ltr'>pro</span> <span class='ocrx_word' id='word_1_264' title='bbox 1174 2248 1276 2283; x_wconf 86' lang='lat' dir='ltr'>certo</span> <span class='ocrx_word' id='word_1_265' title='bbox 1290 2257 1366 2282; x_wconf 92' lang='lat' dir='ltr'>non</span> <span class='ocrx_word' id='word_1_266' title='bbox 1379 2246 1565 2282; x_wconf 86' lang='lat' dir='ltr'>vendidit.</span> 
     </span>
    </p>

    <p class='ocr_par' dir='ltr' id='par_1_10' title="bbox 185 2294 1567 2391">
     <span class='ocr_line' id='line_1_38' title="bbox 282 2294 1567 2343; baseline -0.002 -11"><span class='ocrx_word' id='word_1_267' title='bbox 282 2299 317 2342; x_wconf 88' lang='lat'>3)</span> <span class='ocrx_word' id='word_1_268' title='bbox 342 2296 508 2332; x_wconf 90' lang='lat' dir='ltr'>indicem</span> <span class='ocrx_word' id='word_1_269' title='bbox 533 2296 620 2332; x_wconf 87' lang='lat' dir='ltr'>vide</span> <span class='ocrx_word' id='word_1_270' title='bbox 647 2297 749 2342; x_wconf 86' lang='lat' dir='ltr'>apud</span> <span class='ocrx_word' id='word_1_271' title='bbox 774 2297 950 2343; x_wconf 81' lang='lat' dir='ltr'>Hagen,</span> <span class='ocrx_word' id='word_1_272' title='bbox 978 2297 1176 2343; x_wconf 82' lang='lat' dir='ltr'>catalogus</span> <span class='ocrx_word' id='word_1_273' title='bbox 1203 2295 1377 2331; x_wconf 88' lang='lat' dir='ltr'>codicum</span> <span class='ocrx_word' id='word_1_274' title='bbox 1402 2294 1567 2330; x_wconf 79' lang='lat' dir='ltr'>Beruen-</span> 
     </span>
     <span class='ocr_line' id='line_1_39' title="bbox 185 2346 596 2391; baseline -0.005 -10"><span class='ocrx_word' id='word_1_275' title='bbox 185 2346 281 2382; x_wconf 82' lang='lat' dir='ltr'>sium</span> <span class='ocrx_word' id='word_1_276' title='bbox 309 2346 432 2391; x_wconf 80' lang='lat'>(1875)</span> <span class='ocrx_word' id='word_1_277' title='bbox 458 2357 493 2390; x_wconf 87' lang='lat' dir='ltr'>p.</span> <span class='ocrx_word' id='word_1_278' title='bbox 517 2349 596 2379; x_wconf 82' lang='lat'>216.</span> 
     </span>
    </p>

    <p class='ocr_par' dir='ltr' id='par_1_11' title="bbox 282 2392 803 2439">
     <span class='ocr_line' id='line_1_40' title="bbox 282 2392 803 2439; baseline 0 -10"><span class='ocrx_word' id='word_1_279' title='bbox 282 2396 318 2438; x_wconf 84' lang='lat'>4)</span> <span class='ocrx_word' id='word_1_280' title='bbox 345 2393 391 2429; x_wconf 87' lang='lat' dir='ltr'>cf.</span> <span class='ocrx_word' id='word_1_281' title='bbox 419 2392 663 2436; x_wconf 78' lang='lat' dir='ltr'>Dessauer,</span> <span class='ocrx_word' id='word_1_282' title='bbox 690 2406 726 2439; x_wconf 89' lang='lat' dir='ltr'>p.</span> <span class='ocrx_word' id='word_1_283' title='bbox 748 2397 803 2429; x_wconf 83' lang='lat'>64.</span> 
     </span>
    </p>
   </div>
  </div>
 </body>
</html>
