1638 2560
185 122 273 164 406
609 117 867 155 EXCERPTA
892 115 1133 153 PARISINA.

187 237 359 276 moritur
383 235 490 286 quod
519 234 690 285 amplius
717 233 889 272 amicum
910 244 990 271 11011
1012 230 1176 270 videbit.
1230 231 1433 282 postremo
1459 230 1560 270 mihi

188 299 345 348 patrem
377 296 539 335 dimisit.
596 307 669 346 ego
704 307 784 333 non
816 291 951 332 alam?
1007 291 1195 341 viderint,
1225 290 1270 330 P.
1297 289 1352 341 G„
1384 303 1458 343 ego
1498 303 1559 330 re-

189 358 428 407 demptionis
453 368 565 395 meae
591 356 765 406 pretium
790 355 895 404 peto.
947 354 983 392 si
1007 353 1192 404 impetro,
1216 351 1314 391 fecit
1338 353 1456 403 pater
1480 364 1561 391 non

189 417 379 468 quicquid
411 417 559 466 debuit,
592 417 627 455 si
650 417 795 463 minus,
826 427 906 453 non
931 413 1123 465 intellego
1149 412 1350 464 quomodo
1382 424 1408 451 a
1432 413 1559 463 pai-tir

188 478 291 517 cidio
332 490 373 516 se
415 477 597 526 solverit,
639 475 708 515 sed
749 487 820 514 nec
853 486 926 526 ego
967 487 1031 513 me
1063 486 1087 512 a
1119 473 1273 523 debito,
1314 474 1394 512 nisi
1431 475 1471 512 et
1509 472 1561 512 ad
1598 486 1614 513 5

187 540 358 577 mortem
387 540 578 577 revertar.

553 634 599 672 X.
634 633 883 672 SEPVLORVM
916 643 1194 670 INCANTATVM.

276 707 563 757 Arqumentum
594 721 631 745 v.
651 718 694 754 p.
724 706 821 750 189,
850 706 887 743 3.

277 769 422 807 Mater.
461 767 595 816 Nova,
635 765 677 804 P.
707 765 761 816 O„
799 765 1044 804 calamitatis
1077 763 1322 813 differentia,
1363 765 1450 802 tam
1489 775 1562 814 pro

188 829 271 867 filio
304 840 424 879 quam
456 841 528 879 pro
560 829 699 866 matre.
762 827 805 865 in
836 827 1028 865 maritum
1059 825 1191 864 malae
1215 824 1472 864 tractationis
1492 823 1562 868 xla·
1583 838 1617 864 ιο

189 890 332 928 crimas
372 888 541 927 effundo.
598 888 726 927 Pater.
783 887 921 926 fictum
960 888 1000 925 et
1043 884 1238 925 muliebre
1278 886 1563 938 argumentum

190 952 259 989 est.
315 950 375 988 M.
402 961 609 999 nunquam
640 947 777 987 fictum
814 948 894 986 fuit
925 946 1032 998 quod
1070 946 1311 986 exclamavit
1340 945 1562 988 calamitas.

188 1011 232 1049 P.
260 1011 293 1048 si
325 1010 421 1060 quid
453 1010 574 1048 matri
605 1009 653 1047 de
684 1010 813 1047 morte
844 1007 919 1046 filii
958 1007 1174 1046 dolendum
1189 1007 1309 1056 erat,
1349 1005 1401 1045 ad
1431 999 1564 1057 sepul-

190 1084 300 1111 crum
324 1071 458 1120 potius
484 1069 659 1108 flendum
685 1072 798 1108 esset.
849 1070 909 1107 M.
930 1069 1021 1119 plus
1047 1067 1148 1107 mihi
1172 1068 1290 1119 pater
1315 1079 1438 1118 quam
1462 1078 1564 1105 urna
1593 1110 1596 1113 ,

190 1131 369 1170 abstulit.
432 1131 655 1169 venientem
698 1130 747 1168 ab
786 1142 888 1168 urna
928 1129 1058 1168 filium
1100 1128 1307 1180 obligavit.
1364 1127 1408 1166 P.
1443 1140 1466 1165 a
1500 1139 1563 1166 me
1584 1141 1618 1167 15

192 1191 351 1242 quaerit
382 1191 490 1242 quod
516 1190 743 1230 combussit.
800 1191 860 1229 M.
888 1189 956 1229 odi
980 1190 1106 1242 ignes,
1138 1188 1205 1228 odi
1229 1201 1383 1241 rogum.
1440 1187 1564 1226 donec

190 1253 427 1302 eriperetur,
468 1253 597 1301 tenui,
647 1251 777 1290 rediit.
843 1250 1060 1302 impedisti.
1125 1250 1171 1290 P.
1208 1250 1243 1289 si
1282 1248 1564 1300 impeditorem

191 1313 367 1363 quaeris,
407 1314 574 1351 mortem
619 1324 771 1351 accusa.
830 1312 889 1350 M.
922 1324 1030 1351 mors
1070 1311 1243 1350 multum
1284 1308 1478 1359 reddidit,
1517 1309 1564 1354 tu

189 1375 320 1412 totum
362 1372 576 1412 abstulisti.
643 1373 686 1411 P.
721 1371 919 1422 quidquid
958 1373 1051 1423 post
1095 1372 1268 1410 mortem
1306 1370 1565 1418 memoratur,
1613 1411 1618 1414 ,

190 1433 337 1472 doloris
363 1433 570 1473 renovatio
598 1435 667 1472 est.
724 1433 784 1471 M.
805 1445 886 1471 non
911 1434 1045 1484 potest
1070 1431 1118 1471 de
1143 1431 1276 1470 reditu
1302 1430 1436 1470 dolere
1462 1442 1565 1481 quae
1585 1444 1619 1470 20

190 1494 238 1532 de
270 1495 397 1532 morte
429 1507 509 1532 non
540 1495 674 1544 potuit
705 1494 914 1533 consolari.
971 1494 1015 1532 P.
1074 1494 1109 1532 si
1139 1505 1274 1531 meum
1305 1492 1467 1543 repetis,
1497 1490 1565 1530 de-

190 1555 350 1593 functus
384 1557 454 1604 est,
487 1555 521 1593 si
553 1554 689 1603 alium,
721 1567 802 1593 non
832 1554 967 1592 habui.
1025 1554 1086 1592 M.
1112 1566 1193 1592 non
1225 1552 1324 1592 adeo
1353 1552 1564 1591 defunctus

191 1617 251 1653 est
293 1616 363 1664 qui
403 1614 524 1664 redit,
568 1615 637 1664 qui
678 1614 923 1665 consolatur,
966 1615 1037 1665 qui
1076 1614 1196 1653 horas
1237 1614 1390 1662 servat,
1429 1612 1565 1651 venire

191 1675 351 1727 gaudet,
377 1675 505 1714 redire
529 1675 742 1725 promittit.
793 1676 837 1713 P.
858 1675 1097 1724 inauditum,
1122 1675 1402 1725 incontingens
1426 1673 1566 1724 postu·
1615 1714 1617 1717 ,

190 1735 261 1774 lat.
317 1736 378 1774 M.
406 1735 439 1774 si
470 1749 661 1786 magnum
692 1737 768 1785 est,
802 1737 953 1786 quanto
985 1736 1133 1786 rarius,
1174 1737 1290 1774 tanto
1321 1733 1463 1773 maius.
1511 1733 1565 1779 P.
1586 1746 1620 1773 25

191 1795 294 1834 nihil
331 1795 504 1834 deterius
547 1809 666 1845 quam
707 1796 771 1834 die
810 1808 987 1847 sperare,
1027 1797 1144 1835 nocte
1184 1795 1285 1835 falli.
1348 1795 1566 1844 utrumque

190 1857 349 1906 tempus
377 1857 588 1894 amittitur.
645 1857 705 1894 M.
726 1856 829 1895 nihil
852 1857 1066 1896 iucundius
1094 1869 1215 1907 quam
1241 1855 1305 1895 die
1329 1855 1566 1903 desiderare,

192 1918 309 1955 nocte
340 1916 431 1954 frui.
488 1917 531 1954 P.
560 1929 694 1955 omnes
726 1918 875 1956 matres
907 1919 949 1956 in
981 1917 1177 1956 invidiam
1209 1916 1323 1956 ducit
1352 1917 1425 1966 qui
1455 1915 1565 1966 quic-

194 1989 315 2027 quam
347 1977 398 2015 ad
430 1989 495 2016 eas
529 1976 577 2014 ab
610 1990 711 2015 urna
748 1977 877 2016 redire
910 1978 1055 2029 arguit.
1113 1979 1174 2017 M.
1201 1977 1297 2017 illae
1335 1988 1431 2016 sane
1462 1976 1566 2014 invi-
1598 2018 1620 2022 ,-

193 2037 326 2087 deant,
359 2037 453 2075 dum
485 2050 558 2088 ego
590 2037 745 2076 invidia
783 2038 927 2077 solvar.
984 2039 1028 2076 P.
1054 2039 1115 2078 ita
1152 2039 1366 2087 nascimur,
1406 2038 1452 2075 ut
1482 2048 1567 2075 mo·
1586 2050 1621 2077 8⁰

290 2131 310 2162 2
338 2127 500 2163 dimisit:
527 2127 683 2172 reliquit
709 2134 746 2164 R

292 2179 310 2211 7
339 2175 554 2222 sepulcrum
578 2176 797 2212 incantatur
821 2176 917 2212 VIII.
944 2176 1005 2212 lex
1026 2184 1061 2212 P
1147 2181 1190 2213 11
1218 2181 1304 2214 ante
1323 2177 1454 2213 fictum
1478 2176 1565 2212 add.

193 2230 247 2260 R:
280 2235 366 2260 vere
392 2224 537 2260 iudices
562 2236 660 2260 nova
689 2224 913 2260 differentia.
964 2225 1062 2261 nihil
1088 2225 1187 2262 enim
1215 2230 1243 2261 a
1263 2223 1568 2264 calamitate-di*

193 2272 356 2309 stantius
382 2283 497 2318 quam
522 2272 754 2308 calamitatis
789 2272 989 2310 absolutio.
1035 2274 1138 2318 quod
1169 2275 1299 2311 autem
1325 2272 1568 2319 conqueritur

193 2323 274 2357 tam
348 2322 402 2357 et:
429 2332 543 2366 quam
571 2327 607 2357 R
683 2325 726 2356 12
753 2321 919 2357 fructum
946 2328 974 2356 V
995 2323 1100 2367 (corr.
1122 2335 1222 2359 man.
1242 2324 1282 2369 2)
1301 2328 1339 2358 B
1411 2325 1455 2357 15
1482 2319 1568 2356 alli-

193 2369 301 2417 gavit
325 2375 386 2404 VB
500 2374 543 2405 19
570 2371 816 2405 memoratur:
846 2371 1015 2406 tueretur
1035 2377 1072 2406 R
1195 2375 1241 2406 22
1270 2381 1359 2406 nam
1382 2369 1478 2406 adeo
1503 2374 1575 2404 BV

193 2421 240 2453 25
259 2419 384 2454 tanto:
411 2418 527 2454 timeo
554 2424 590 2453 P
686 2422 730 2454 30
758 2418 895 2454 solvari
921 2425 989 2453 BV
1311 2444 1314 2446 ψ
1426 2421 1438 2438 ·“
1465 2444 1468 2447 -
1519 2443 1522 2446 «
1563 2431 1569 2447 -·
