1638 2560
178 127 262 169 190
536 123 827 161 SEPVLORVM
851 121 1180 159 INCANTATVM

175 241 284 280 sione
320 239 507 278 fraudata
543 241 613 278 est.
676 238 769 276 dum
806 251 886 276 non
922 237 1095 287 putabat
1131 237 1280 287 perisse
1316 250 1436 288 quem
1471 251 1543 289 po-

174 303 280 340 terat
310 300 462 348 videre,
494 300 641 350 eripuit
670 299 832 350 ingrata
863 297 945 336 filio
979 298 1150 336 alterum
1180 297 1359 336 titulum.
1421 298 1543 339 miser

174 362 261 410 ille,
299 361 375 399 nisi
411 361 630 408 teneretur,
670 359 753 397 iam
791 360 831 396 ct
869 358 921 396 ad
956 359 1112 408 patrem
1152 359 1319 397 veniret.
1381 359 1543 397 tantum

173 421 318 460 misera
347 420 462 470 petit,
492 433 542 458 ne
573 420 704 458 minus
735 417 954 469 perdidisse
985 418 1172 457 videatur
1203 431 1324 469 quam
1354 419 1444 469 ipsa
1475 418 1542 458 de-

174 481 331 520 siderat.
394 494 474 520 non
516 480 627 518 inani
669 478 926 529 persuasione
970 491 1042 517 nec
1086 478 1398 530 cogitationibus
1448 478 1542 519 ficta
1579 492 1600 519 5

173 542 345 592 lugentis
370 540 512 579 umbra
537 539 733 588 veniebat,
765 552 837 578 nec
863 538 1047 591 agitabat
1074 540 1248 578 incertos
1279 540 1380 579 levis
1405 540 1540 592 imago

173 613 349 651 somnos,
382 614 426 640 ac
458 614 529 640 nec
561 600 715 639 confusi
747 600 907 650 quidem
939 599 1048 638 tristi
1080 600 1210 638 cinere
1242 600 1378 639 vultus
1410 601 1452 639 et
1480 601 1542 638 in—

173 662 329 700 fernum
360 661 502 700 favilla
533 662 654 711 caput
685 659 868 699 noctibus
901 661 982 699 suis
1015 659 1172 709 obibat,
1204 660 1273 699 sed
1303 659 1410 700 filius
1442 662 1541 710 erat,

174 723 303 772 qualis
337 721 565 771 aliquando,
598 722 638 759 et
667 721 823 759 iuvenis
856 721 897 759 et
926 720 1093 770 pulcher
1123 720 1283 770 habitu,
1315 733 1388 760 1100
1416 721 1542 772 aspici

172 783 331 821 tantum
362 782 566 831 viderique
599 782 820 829 contentus,
852 793 1003 830 verum,
1035 781 1070 819 si
1102 781 1200 831 quid
1231 781 1426 820 desiderio
1460 793 1541 820 ere·
1562 794 1599 820 10

173 842 266 881 ditis
298 843 464 881 miserae
497 854 598 892 quae
631 842 716 880 sola
740 841 855 890 vidit,
888 841 1092 892 amplexus
1125 843 1166 880 et
1191 841 1328 880 oscula
1353 841 1477 880 dabat
1501 843 1542 880 et

126 902 148 938 2
174 903 261 941 tota
286 903 401 941 nocte
426 901 598 941 vivebat.
648 902 820 940 multum
848 901 1025 952 perdidit
1049 902 1191 951 mater,
1222 902 1258 940 si
1282 901 1542 954 contingebat

171 963 246 1001 hoc
276 963 356 1011 illi,
394 975 474 1001 non
504 962 654 1011 minus,
692 962 726 1000 si
757 962 979 1000 videbatur.
1043 975 1147 1000 nunc
1185 961 1370 1001 tenebras
1401 963 1540 1002 inanes

172 1024 212 1061 et
237 1023 376 1074 longas
404 1023 527 1061 oculis
553 1021 739 1061 fientibus
764 1023 899 1062 noctes
928 1023 1042 1061 iuxta
1073 1035 1257 1075 somnum
1288 1023 1428 1061 mariti
1451 1035 1539 1073 per-

171 1082 271 1134 vigil
303 1084 343 1121 et
372 1084 531 1121 tantum
564 1083 719 1122 deserta
755 1083 931 1121 metitur.
982 1095 1062 1121 non
1095 1083 1289 1122 desiderio
1320 1082 1439 1122 fictus
1471 1083 1542 1122 aut
1561 1095 1597 1123 15

171 1143 328 1182 fucatus
354 1142 495 1181 habitu
520 1156 603 1193 nec,
634 1145 680 1181 ut
705 1144 951 1182 somniorum
977 1144 1158 1182 vanitate
1184 1144 1441 1195 conspicitur,
1473 1143 1542 1182 sed

172 1204 333 1253 experta
364 1216 444 1242 non
474 1204 606 1241 totum
637 1204 739 1242 mori
764 1204 967 1242 hominem
998 1203 1100 1242 illud
1125 1204 1233 1254 quod
1264 1216 1337 1243 nec
1367 1203 1539 1243 flammis
1582 1231 1585 1234 «

170 1264 301 1301 uritur
343 1276 415 1302 nec
458 1263 653 1302 cineribus
698 1265 947 1315 extinguitur
989 1277 1061 1303 nec
1110 1265 1222 1303 urnis
1269 1265 1540 1315 sepulcrisque

171 1324 268 1362 satis
317 1325 530 1373 premitur,
581 1325 774 1374 expectat,
837 1337 942 1363 nunc
985 1325 1065 1364 ista
1109 1337 1265 1364 carcere
1313 1323 1540 1364 obseratam

171 1384 346 1422 animam
390 1385 430 1422 et
466 1386 756 1435 repugnantem
799 1386 956 1436 magico
999 1386 1184 1424 iuvenem
1223 1386 1378 1437 cogitat
1420 1385 1538 1424 ferro.
1559 1398 1595 1424 20

169 1443 443 1483 infelicissima
482 1445 660 1483 omnium
697 1446 827 1484 mater
862 1446 953 1496 plus
992 1446 1147 1496 aliquid
1178 1458 1261 1485 esse
1295 1458 1416 1496 quam
1452 1459 1538 1484 um-

169 1503 283 1541 bram
314 1503 441 1542 filium
472 1506 608 1554 putat,
639 1506 855 1555 postquam
885 1507 1021 1556 potuit
1051 1506 1222 1556 includi,
1254 1519 1326 1545 nec
1352 1518 1425 1545 sua
1449 1507 1539 1545 tan-

170 1564 374 1602 tummodo
413 1577 542 1614 poena
581 1566 822 1616 proprioque
860 1567 1057 1617 supplicio
1097 1566 1254 1606 deserta
1292 1567 1540 1606 consumitur

169 1625 336 1662 rescissa
367 1623 556 1663 orbitate:
589 1625 652 1664 vel
684 1627 811 1677 magis
844 1627 1046 1665 cruciatur
1077 1627 1185 1677 quod
1215 1639 1297 1666 non
1328 1627 1424 1666 licet
1454 1626 1537 1666 filio

170 1685 304 1722 venire
349 1685 536 1734 cupienti.
598 1699 702 1724 nunc
745 1686 914 1725 barbaro
960 1688 1135 1726 carmine
1179 1700 1344 1739 gravem
1386 1688 1538 1726 terram
1557 1699 1592 1727 25

169 1745 267 1783 totis
303 1744 486 1783 noctibus
523 1745 659 1795 pulsat
705 1748 745 1784 et
781 1747 1015 1797 impositum
1053 1748 1130 1787 sibi
1168 1748 1395 1798 sepulcrum
1432 1747 1540 1799 quod

169 1816 249 1842 non
279 1805 407 1854 possit
438 1806 638 1854 evolvere,
671 1819 772 1856 quae
811 1808 965 1846 solebat
1001 1809 1109 1858 ipsos
1142 1808 1339 1847 discutere
1375 1808 1539 1858 inferos,

169 1863 311 1903 umbra
335 1865 515 1903 miratur.
566 1865 696 1915 miser,
729 1880 847 1917 quem
871 1881 952 1906 non
976 1869 1136 1907 tantum
1162 1868 1284 1908 verba
1310 1869 1539 1908 clauserunt

174 1945 223 1950 --
259 1937 353 1962 nam
384 1925 554 1964 forsitan
584 1938 656 1976 per
686 1927 758 1966 illa
788 1929 998 1967 transisset
1028 1950 1077 1955 —
1114 1929 1183 1968 sed
1214 1929 1378 1968 vincula
1407 1929 1538 1968 ferrea

266 2054 286 2085 2
314 2050 498 2098 alterum}
523 2053 559 2098 <4
579 2053 633 2089 vel
653 2056 675 2088 3
700 2054 767 2089 litt.
790 2055 852 2100 er.)
879 2061 922 2089 M
993 2059 1012 2090 7
1039 2066 1086 2090 ne
1111 2062 1184 2098 Vsscr
1252 2055 1381 2103 tristi}
1405 2057 1444 2102 (2
1466 2055 1534 2092 litt.

169 2100 232 2144 er.)
251 2104 289 2134 Β
382 2099 587 2137 infernum:
614 2101 773 2137 informe
802 2103 884 2147 ὕφη
917 2103 1065 2139 inferna
1092 2104 1190 2149 Sch.;
1222 2103 1434 2150 inspersum
1459 2104 1534 2141 Bu.

170 2150 212 2182 11
240 2147 378 2182 misera
408 2154 436 2182 V
523 2152 566 2183 13
592 2149 717 2185 inanis
744 2159 763 2193 β
850 2155 894 2186 14
919 2151 1067 2198 longias
1094 2159 1130 2187 Ρ
1215 2156 1259 2188 15
1284 2154 1435 2188 tantum
1459 2163 1535 2187 non

169 2194 318 2231 deserta
343 2195 422 2231 Sch.
498 2208 572 2232 non
598 2209 664 2233 om.
687 2204 737 2243 M,
764 2198 850 2234 add.
870 2213 912 2233 m
999 2203 1043 2235 16
1069 2199 1225 2246 fugatus
1250 2207 1322 2236 BV
1402 2204 1446 2236 17
1473 2211 1536 2236 ex-

167 2244 314 2289 pertam
339 2250 377 2278 B
478 2248 523 2279 20
550 2246 715 2291 cogitate
746 2253 775 2280 V
876 2251 919 2282 21
947 2248 1082 2284 umbra
1107 2252 1142 2296 (“
1168 2251 1211 2284 in
1235 2261 1308 2286 ras.
1335 2249 1422 2285 add.
1444 2250 1481 2295 ὁ)
1499 2254 1538 2284 Β

168 2294 213 2327 23
238 2292 467 2337 propriaque
494 2302 513 2335 β
610 2298 655 2329 24
686 2295 827 2330 recissa
851 2302 883 2330 J
978 2300 1022 2332 26
1056 2297 1233 2342 depulsat
1257 2304 1292 2332 J
1383 2301 1428 2332 27
1458 2297 1535 2332 dis-

168 2341 310 2376 cutere:
337 2350 393 2375 -rc
419 2342 460 2376 in
479 2352 551 2377 ras.
572 2343 611 2388 (b
624 2342 656 2389 ,9)
676 2349 714 2377 Β
798 2347 842 2378 28
869 2354 966 2388 quae
992 2351 1029 2379 B
1103 2349 1147 2380 29
1175 2346 1337 2382 sorsitan
1364 2351 1414 2390 M,
1440 2356 1531 2382 corr.

165 2426 207 2447 m
303 2413 528 2448 transissent
550 2421 582 2448 J
676 2391 742 2462 sffiffds
767 2415 828 2462 (ed
852 2427 951 2462 supr.
973 2418 1028 2463 m)
1050 2424 1089 2452 M
