1638 2560
530 116 851 154 DECLAMATIO
876 118 912 154 Π
932 122 1025 154 ’1-9
1411 119 1469 162 27

85 247 210 287 quam
237 234 416 275 occidere
446 233 651 273 hominem
674 234 792 273 iuxta
815 235 857 273 te
880 232 1110 273 iacentem?
1142 234 1309 287 aggredi
1335 247 1471 274 senem

85 296 159 348 qui
187 307 230 335 se
259 295 345 335 tuis
376 294 592 334 crediderit
623 293 904 345 amplexibus?
935 295 1048 334 cuius
1073 308 1235 335 somnos
1265 297 1357 346 ipsa
1389 295 1469 335 dis-

83 354 241 409 ponas?
269 355 363 407 ipsa
393 353 626 395 custodias?
675 355 805 395 omnis
837 355 944 395 alius
975 368 1189 406 percussor
1220 356 1466 408 deprehendi

82 418 231 469 potest,
257 418 479 468 antequam
496 417 629 466 feriat,
649 430 750 456 uxor
768 429 850 456 non
869 417 1057 466 sentitur,
1076 417 1156 456 nisi
1181 417 1281 456 dum
1306 417 1469 457 occidit.

47 493 64 519 5
82 491 164 518 non
195 479 274 528 est,
304 477 473 526 iudices,
504 477 753 526 incredibile,
784 480 832 516 ut
862 477 1055 517 occiderit
1085 478 1233 517 mulier
1262 478 1465 518 hominem

82 551 206 590 quem
235 538 388 578 dicitur
415 540 599 589 potuisse
631 550 772 578 caecus
806 538 995 578 occidere.

172 599 351 639 Facinus
388 601 466 649 est,
502 599 675 649 iudices,
713 599 749 638 si
782 611 921 639 caecos
958 599 1107 639 habere
1144 613 1226 639 non
1264 599 1465 639 credimus
1491 602 1516 638 9

82 660 164 700 nisi
192 661 446 700 necessitatis
483 661 767 699 innocentiam.
829 661 962 711 prima
994 662 1056 699 est
1092 660 1308 700 infirmitas
1340 661 1467 700 caeci-

81 722 200 772 tatis,
237 723 287 760 ut
322 722 436 760 nolit.
498 721 658 759 fallitur
695 721 879 772 quisquis
916 721 1021 760 hanc
1066 721 1343 761 calamitatem
1386 735 1467 761 non

26 797 65 824 ιο
83 782 310 822 animorum
339 783 461 834 putat
492 794 596 832 esse,
634 781 704 820 sed
736 795 958 833 corporum.
1020 783 1150 821 totius
1186 782 1362 822 hominis
1400 782 1468 821 de-

81 842 220 882 bilitas
258 844 320 883 est
358 843 496 883 oculos
533 842 769 894 perdidisse.
832 844 873 882 et
917 843 951 882 si
995 842 1213 895 diligenter
1252 845 1368 882 actus
1405 844 1467 882 'm-

81 904 236 944 tuearis
266 904 477 954 humanos,
508 903 735 943 ministeria
766 904 967 942 luminum
999 916 1147 943 sumus.
1212 916 1353 944 caecus
1385 917 1468 943 non

81 964 284 1015 irascitur,
301 977 383 1004 non
408 964 507 1014 odit,
532 978 614 1004 non
640 965 899 1015 concupiscit.
950 966 991 1004 et
1016 977 1108 1004 cum
1134 977 1303 1016 corpora
1326 967 1467 1005 nostra

59 1025 263 1077 ‚vigorem
300 1025 349 1065 de
386 1025 609 1064 luminibus
649 1026 868 1076 accipiant,
907 1027 1079 1076 pereunt
1115 1038 1210 1065 cum
1240 1027 1323 1065 suis
1363 1026 1466 1065 vitia

26 1099 64 1128 ιε
81 1087 225 1126 causis.
277 1100 327 1126 en
359 1086 410 1126 ad
440 1086 548 1137 quod
579 1090 796 1138 erumpant
826 1099 972 1126 manus
998 1100 1103 1138 quae
1134 1088 1319 1138 proxima
1345 1099 1466 1137 quae-

82 1160 162 1198 que
190 1147 352 1186 tamdiu
377 1148 597 1198 quaerunt,
637 1160 781 1186 manus
813 1160 919 1198 quae
946 1161 1019 1187 sua
1045 1161 1207 1198 quoque
1238 1148 1467 1187 ministeria

80 1220 163 1247 non
201 1207 421 1259 explicant!
485 1208 651 1247 audebit
692 1208 912 1259 quicquam
949 1221 1094 1260 corpus
1133 1208 1237 1247 illud
1272 1208 1382 1259 quod
1415 1209 1467 1248 ad

80 1269 264 1321 singulos
301 1268 381 1308 sibi
410 1268 574 1308 videtur
610 1268 792 1308 decidere
829 1268 995 1308 motus?
1038 1270 1103 1309 cui
1142 1269 1336 1320 quicquid
1372 1272 1466 1309 ante

81 1342 123 1369 se
155 1331 228 1380 est,
260 1329 387 1369 donec
412 1330 654 1381 exploretur,
686 1330 918 1380 abruptum.
938 1328 1030 1370 est?
1079 1331 1237 1369 facinus
1265 1330 1466 1381 admittet,

25 1405 63 1432 ιο
81 1390 125 1429 in
144 1403 225 1441 quo
250 1390 354 1429 nihil
379 1390 466 1442 ipse
490 1391 675 1430 facturus
702 1389 791 1430 est?
840 1391 1012 1440 facinus,
1038 1391 1147 1441 quod
1171 1393 1306 1430 totum
1329 1391 1467 1430 credat

82 1450 193 1491 alio?
254 1451 353 1502 quid
384 1453 420 1490 si
458 1452 631 1491 caecitas
664 1453 736 1501 sit,
774 1464 899 1502 quam
935 1451 1106 1491 fecerint
1143 1450 1287 1504 ignes?
1348 1465 1466 1492 nemo

80 1511 124 1550 in
160 1512 347 1552 incendio
385 1513 491 1552 solos
530 1526 578 1551 ex
614 1512 777 1551 homine
817 1512 954 1564 perdit
991 1513 1138 1552 oculos.
1201 1515 1299 1552 tunc
1342 1513 1465 1552 facies

82 1574 207 1612 sentit
236 1573 479 1622 incendium,
512 1587 603 1612 cum
635 1573 814 1612 ambusti
845 1573 1025 1612 defecere
1058 1586 1238 1625 gressus,
1270 1586 1364 1613 cum
1395 1587 1465 1625 op-

81 1634 180 1684 poni
210 1646 292 1673 non
322 1636 494 1685 possunt
523 1647 598 1684 pro
630 1634 758 1673 oculis
789 1647 950 1684 manus,
983 1637 1023 1673 et
1056 1634 1106 1673 ad
1138 1635 1295 1673 lumina
1326 1637 1465 1674 nostra

25 1708 62 1735 25
81 1694 265 1734 flammas
298 1696 479 1734 omnium
510 1694 782 1734 membrorum
806 1695 1040 1734 vulneribus
1067 1695 1331 1735 admittimus.
1378 1708 1465 1735 cae·

82 1768 174 1794 cum
210 1756 278 1794 vel
314 1755 390 1794 hoc
427 1756 551 1794 faciet
588 1756 843 1795 innocentem
881 1756 989 1806 quod
1025 1756 1122 1795 licet
1159 1756 1331 1806 viribus,
1369 1756 1466 1796 licet

82 1815 259 1856 sufficiat
303 1815 491 1866 audacia,
534 1829 616 1855 non
659 1816 782 1856 habet
821 1818 1127 1869 persuasionem
1169 1818 1344 1857 hominis
1396 1818 1466 1868 qui

81 1878 211 1928 possit
241 1877 461 1927 imponere.

179 2021 200 2052 2
228 2028 395 2053 somnos:
430 2028 567 2053 sonnos
595 2023 639 2053 Π
660 2019 709 2063 (et
733 2018 789 2053 ita
816 2018 893 2062 fere
917 2019 1069 2064 semper)
1169 2022 1191 2053 4
1217 1981 1309 2065 Ροξῖ
1334 2025 1371 2054 Β

83 2068 104 2101 ’1
131 2076 280 2102 caecos:
315 2077 470 2102 caecum
496 2072 540 2101 M
635 2069 656 2101 8
682 2066 923 2102 necessitatis
955 2078 1000 2103 ex
1029 2066 1203 2102 cecitatis
1237 2074 1265 2101 V
1357 2067 1466 2103 inno-

82 2114 484 2150 centiam—cecitatis
509 2126 611 2161 supr.
626 2121 670 2149 .Β
742 2118 763 2149 9
789 2114 904 2150 nollit
928 2122 956 2149 V
1027 2119 1070 2151 11
1098 2115 1131 2151 si
1157 2127 1224 2151 orn.
1246 2122 1291 2159 Β,
1318 2127 1420 2162 supr.
1442 2123 1465 2150 ὸ

84 2190 130 2222 14
156 2187 351 2233 accipiant
377 2188 424 2223 de
449 2187 659 2223 luminibus
686 2197 706 2230 β
779 2190 939 2233 pereant
970 2194 999 2222 V
1093 2192 1138 2225 15
1165 2188 1214 2223 ad
1241 2189 1360 2235 quod:
1389 2176 1465 2235 q‘ad

82 2241 127 2270 11
219 2236 447 2282 proxima—
456 2247 555 2281 quae
581 2237 604 2272 l
625 2239 675 2272 16
701 2247 768 2272 om.
791 2243 827 2271 Ρ
923 2240 966 2272 19
1001 2236 1235 2282 exploretur:
1269 2237 1464 2284 explorea-

81 2284 147 2318 tur
171 2285 277 2331 (corr.
297 2286 338 2330 p)
359 2291 412 2328 1²3
439 2284 701 2331 exploraretur
726 2290 754 2319 S
853 2285 1075 2332 abruptum:
1103 2286 1305 2321 arbitrium
1329 2293 1368 2329 J,
1397 2287 1465 2322 ab·

82 2333 172 2367 rutu
196 2340 212 2367 ι
286 2337 331 2368 21
359 2313 435 2369 alio
463 2336 661 2380 (punctum
680 2334 786 2378 infra
807 2345 828 2369 o
849 2336 912 2379 er.)
938 2340 991 2379 Β;
1018 2333 1095 2369 alio
1121 2341 1162 2379 V,
1189 2334 1257 2370 alii
1282 2335 1418 2380 reliqui

83 2380 197 2425 quid:
224 2382 290 2427 qui
316 2396 342 2416 α
458 2382 585 2428 ignes:
612 2382 744 2441 igneos
770 2388 807 2417 Β
922 2386 967 2418 22
994 2383 1122 2428 perdit
1148 2383 1333 2430 (perdidit
1353 2387 1392 2429 s)
1420 2394 1466 2418 ex

83 2428 237 2465 homine
263 2439 283 2472 β
381 2433 426 2465 26
452 2430 621 2466 faciatt
