1638 2560
150 112 209 155 40
602 106 784 145 CAEGVS
809 106 863 143 IN
888 104 1061 142 LIMINE

151 227 219 265 ubi
249 227 405 277 patrem
435 237 561 275 paene
586 220 833 274 perdideris?
883 221 965 259 iam
989 233 1070 260 non
1097 219 1184 258 erat
1207 217 1311 257 illud
1335 218 1514 268 penates,

150 288 232 326 iam
262 299 342 325 non
373 287 459 324 erat
490 284 649 332 domus,
687 282 833 333 ubique
864 283 1001 320 tamen
1037 278 1175 319 iuveni
1206 277 1420 318 videbatur
1450 289 1514 316 ar-

152 344 244 386 dere
269 348 407 385 mater.
456 345 538 383 iam
563 344 682 383 miser
705 343 881 393 undique
905 339 1173 393 flagrantibus
1197 337 1397 389 membris,
1423 350 1515 378 cum

152 407 434 446 discurrentem
466 405 647 444 clusisset
676 404 794 455 ignis,
829 425 879 429 —-
916 401 1023 452 quod
1054 401 1184 440 solum
1216 400 1425 451 supererat
1454 398 1514 438 vi-

81 467 130 504 24
150 467 254 506 rium
285 478 407 518 genus
437 488 496 492 -
526 466 695 503 matrem
733 462 951 514 quaerebat
981 461 1118 501 oculis.
1180 472 1263 499 non
1293 460 1373 499 fuit
1409 458 1514 498 illud
1552 471 1569 499 5

151 528 323 578 primum
353 526 524 577 ignium,
555 526 684 576 perire
715 525 869 562 lumina
900 522 1103 571 cadentia,
1140 534 1221 561 non
1251 521 1513 572 protexerunt

151 588 386 639 flagrantem
418 599 489 625 sua
520 585 698 624 membra
728 584 883 635 faciem,
915 585 956 622 et
987 583 1093 622 oculi
1118 580 1404 632 quaerentibus
1429 592 1514 619 ma-

151 650 253 686 trem
288 646 470 685 manibus
508 647 701 684 arserunt.
763 656 900 683 rursus
937 643 1079 682 infelix
1109 643 1244 681 totum
1280 643 1394 681 tactu
1424 653 1514 692 per-

151 709 297 747 lustrat
326 706 562 755 incendium,
595 708 634 745 et
664 705 767 744 unde
792 706 989 744 maximus
1021 705 1082 743 est
1106 702 1405 742 conlabentium
1430 702 1513 741 cul-

151 768 303 806 minum
330 768 477 818 fragor,
507 766 578 805 1110
605 765 790 804 debilitas
814 767 1024 815 tamquam
1048 765 1263 803 inventura
1287 763 1510 802 revocatur.
1532 775 1568 802 10

153 829 257 867 solus
277 828 453 866 omnium
473 828 651 866 servatus
679 828 739 865 est
762 825 952 864 beneficio
973 824 1191 864 caecitatis.
1239 823 1512 875 protrahatur,

151 888 311 937 iudices,
343 889 377 926 si
407 887 576 936 videtur,
607 887 650 925 in
676 886 850 925 medium
874 898 982 925 reus:
1014 885 1232 936 plurimum
1263 883 1515 935 probationi·

150 949 225 987 bus
256 948 409 987 adicere
441 947 585 986 debent
621 949 752 986 truces
782 947 937 996 vultus,
974 945 1166 985 terribilis
1205 945 1422 995 minaxque
1453 944 1515 983 fa-

154 1009 241 1047 cies.
302 1008 368 1047 hic
399 1009 476 1057 est,
513 1008 681 1057 iudices,
714 1008 785 1057 qui
817 1007 964 1046 dicitur
1000 1008 1088 1045 tota
1119 1007 1236 1045 nocte
1269 1004 1513 1044 discurrisse.

152 1069 216 1107 hic
246 1068 314 1106 ille
345 1068 660 1118 circumspectus,
691 1067 756 1106 hic
784 1068 854 1106 ille
879 1066 975 1105 felix
1005 1066 1217 1118 parricida.
1267 1067 1518 1106 recessenmt
1537 1077 1571 1104 15
1598 1081 1601 1083 ·

154 1130 296 1168 cuncta
322 1129 540 1167 debilitatis
567 1128 708 1178 officia,
734 1130 772 1167 et
798 1127 970 1167 hominis
1001 1129 1069 1178 qui
1096 1128 1200 1166 circa
1225 1139 1357 1179 genua
1381 1127 1517 1166 vestra

154 1189 354 1227 ducendus
386 1190 458 1237 est,
489 1201 569 1227 non
600 1190 660 1227 est
686 1188 754 1238 qui
786 1189 937 1239 dirigat
967 1200 1136 1239 gressus,
1168 1200 1248 1227 non
1274 1187 1424 1227 servuli
1451 1199 1516 1226 su·

132 1251 335 1305 persuut,
373 1262 452 1288 non
488 1250 662 1299 penates.
724 1249 960 1299 respondete
999 1262 1070 1299 per
1105 1248 1241 1298 fidem,
1279 1247 1517 1299 respondete

154 1309 358 1358 mortales,
399 1310 535 1347 utrum
570 1309 635 1348 hic
671 1310 827 1359 patrem
865 1309 1027 1358 occidit,
1066 1321 1118 1347 an
1154 1307 1358 1359 perdidit?
1419 1307 1518 1359 quid

154 1370 257 1420 agis,
295 1369 563 1408 infelicissime
601 1368 783 1408 iuvenis?
843 1370 1068 1421 rogandum
1106 1371 1183 1419 est,
1223 1382 1352 1420 neque
1392 1367 1517 1407 habes
1536 1381 1573 1407 2⁰

153 1431 259 1468 totas
291 1442 436 1479 preces.
497 1430 602 1480 perit
637 1430 706 1468 ille
738 1431 870 1469 vester
901 1430 1092 1480 ambitus,
1124 1424 1271 1469 vestra'
1297 1429 1517 1479 miseratio,

155 1489 222 1528 sed
259 1490 370 1528 nefas
409 1491 484 1539 est,
524 1492 570 1528 ut
606 1492 740 1529 reatus
778 1490 853 1529 iste
891 1491 1040 1530 sentiat
1078 1489 1299 1529 debilitatis
1338 1489 1517 1529 adversa.

154 1562 225 1588 nos
265 1550 453 1600 agedum,
497 1549 668 1599 iuvenis,
709 1550 904 1600 ducimus,
945 1551 1092 1590 nostris
1132 1550 1327 1600 humeris,
1369 1550 1517 1590 nostris

155 1609 341 1648 manibus
365 1610 546 1659 innitere,
578 1622 650 1649 nos
674 1610 750 1648 tibi
774 1624 921 1660 preces,
953 1624 1024 1651 nos
1055 1611 1399 1651 accommodamus
1425 1623 1518 1650 ocu·

155 1670 224 1708 los.
287 1670 383 1720 quid
420 1670 612 1709 aversaris
650 1670 814 1709 infelix?
865 1671 962 1722 quid
999 1670 1230 1724 repugnas?
1292 1672 1439 1711 scimus
1476 1672 1518 1710 te
1537 1683 1572 1710 25

155 1742 235 1767 non
266 1742 407 1780 rogare
438 1743 510 1780 pro
541 1731 639 1779 vita,
670 1731 739 1769 sed
770 1731 880 1781 dura,
912 1733 1044 1782 miser,
1077 1733 1186 1772 dura.
1238 1732 1382 1771 saltem
1412 1733 1516 1782 vive,

1441 1840 1471 1860 Ο

252 1919 269 1950 1
302 1914 394 1962 ubi}
429 1917 485 1962 (ex
514 1916 693 1963 ubique?)
723 1924 759 1952 Β
877 1930 972 1965 pene
1004 1921 1152 1966 patrem
1184 1928 1203 1963 β
1325 1923 1346 1954 3
1377 1920 1516 1955 mater:

154 1974 246 1998 uxor
279 1969 349 1998 BV
475 1968 497 1998 4
536 1967 728 2010 superaret
763 1973 803 2010 J,
848 1979 936 2004 corr.
970 1976 984 2002 ι
1094 1972 1114 2004 6
1154 1967 1335 2017 primum':
1376 1967 1519 2004 crimen

154 2011 249 2066 βψς
278 2011 433 2066 ’privum
469 2012 602 2048 Baden
728 2014 890 2059 primum
931 2017 1076 2063 ignium
1113 2016 1255 2063 perire.
1301 2026 1518 2062 supremum

154 2071 235 2106 igni
275 2060 468 2105 1mpertire
509 2060 635 2097 Rohde
756 2063 931 2099 cadentia
963 2065 1105 2101 Rohde.
1152 2065 1357 2100 candentia
1392 2078 1422 2098 ω

157 2111 198 2142 11
238 2108 497 2153 protrahatur:
542 2110 782 2154 pertrahatur
821 2117 896 2146 MP
1015 2117 1058 2148 12
1096 2124 1182 2149 reus
1221 2121 1258 2149 e:
1297 2123 1356 2149 res
1391 2127 1422 2147 ω

153 2155 374 2201 plurimum:
407 2156 572 2206 plurium
597 2164 637 2202 J,
669 2169 758 2194 corr
780 2166 794 2192 i
916 2164 959 2196 13
994 2161 1165 2197 adiecere
1190 2167 1242 2207 Βς
1275 2161 1464 2197 adducere
1494 2167 1523 2195 V

155 2207 200 2239 16
232 2203 347 2239 circa:
382 2204 521 2239 circum
546 2219 567 2246 y
666 2209 707 2240 17
741 2208 798 2242 est
822 2219 922 2252 supr
944 2215 986 2243 M
1079 2221 1209 2256 gresus
1229 2216 1266 2245 Β
1362 2208 1516 2245 servuli:

154 2251 276 2288 seuuli
306 2258 346 2296 V;
385 2252 519 2287 servoli
552 2259 588 2287 Ρ
705 2257 748 2289 23
777 2256 964 2300 agendum
988 2263 1062 2302 Β.1,
1102 2270 1192 2294 corr.
1213 2266 1228 2292 ι
1326 2257 1516 2294 ducimus:

154 2299 328 2335 duximus
364 2306 416 2344 Β,
461 2300 620 2336 dicimus
665 2308 704 2345 1,
749 2302 821 2337 duc
858 2303 970 2339 immo
1010 2312 1052 2340 M
1081 2308 1186 2351 (corr
1219 2307 1274 2353 m)
1308 2314 1377 2349 βγεΐ

153 2352 200 2432 ,2¹5
243 2329 531 2384 accomodamus
576 2360 620 2385 ex
664 2351 972 2388 accomendamus
1011 2360 1047 2388 Β
1216 2358 1260 2390 25
1307 2354 1517 2390 adversaris

195 2405 242 2440 βα
