1638 2560
175 138 259 181 186
716 131 998 169 GLADIATOR

173 252 423 302 sentiensque
463 249 698 300 acceperim,
741 260 813 286 nec
851 247 980 286 solum
1017 245 1188 285 donatus
1222 244 1285 285 his
1316 244 1432 285 bonis
1469 244 1538 284 sed

100 313 151 349 21
173 314 335 352 summis
367 309 555 361 periculis
587 309 779 347 liberatus
811 305 925 347 sum?
975 319 1105 345 nonne
1136 319 1200 344 me
1232 318 1279 344 ex
1310 305 1431 345 amici
1460 305 1538 344 fide

172 375 311 412 natum
355 373 394 410 et
436 369 703 409 tenacioribus
746 367 1026 407 beneficiorum
1063 366 1235 406 vinculis
1278 366 1411 405 fatear
1453 377 1538 406 esse

173 433 431 472 constrictum
439 429 459 468 P

259 492 449 531 Miserum
474 490 553 529 me!
587 490 711 528 amice
737 488 976 537 fidelissime,
1007 487 1213 538 ingratum
1243 499 1307 525 me
1332 485 1538 526 moriendo
1576 500 1592 527 5

171 553 312 591 fecisti.
369 553 408 591 et
440 550 680 601 quantulum
712 551 772 588 est
804 548 911 599 quod
942 547 1070 586 adhuc
1102 547 1247 598 loquor
1278 546 1326 585 de
1357 558 1447 586 mea
1477 546 1538 585 in-

172 612 382 661 felicitate,
419 611 467 650 de
504 608 675 661 piratis?
737 610 836 648 levis
869 610 929 647 est
958 608 1038 646 ista
1070 607 1250 658 fortuna,
1286 607 1386 646 haec
1417 607 1541 646 etiam

172 685 275 712 nunc
306 672 455 723 recepit
485 683 648 710 moram.
706 670 837 708 solent
868 669 1075 719 expectare
1107 669 1284 707 latrones
1315 667 1540 718 redempto-

172 747 265 772 rem.
328 733 371 770 in
407 731 501 770 ludo
539 731 616 780 fui,
655 743 734 780 qua
771 742 900 780 poena
939 729 1092 767 nullam
1125 729 1358 767 ulteriorem
1392 728 1542 767 scelera.

172 794 385 842 noverunt,
431 793 540 830 cuius
580 790 630 829 ad
671 791 1013 840 comparationem
1051 789 1300 841 ergastulum
1341 788 1430 827 leve
1469 789 1539 828 est.
1561 802 1596 830 ιο

171 854 246 892 1100
278 853 311 892 si
343 853 499 902 scisses,
530 853 657 903 pater,
690 850 863 900 affirmo,
895 850 1107 900 promitto,
1146 850 1259 888 cuius
1289 848 1455 899 pietatis
1487 860 1540 899 es,

172 926 286 952 nemo
324 915 364 952 te
404 913 689 951 antecessisset.
751 911 842 960 illa,
881 914 1034 949 certum
1071 910 1217 959 habeo,
1255 910 1458 960 expectas,
1496 910 1542 947 ut

173 974 321 1012 dicam:
360 969 561 1012 ‘morabar
597 973 702 1010 inter
739 971 970 1023 sacrilegos,
1014 970 1298 1020 incendiarios,
1340 971 1397 1020 et,
1438 982 1541 1020 quae

174 1033 461 1085 gladiatoribus
505 1045 585 1070 una
628 1033 716 1071 laus
761 1034 836 1082 est,
880 1031 1100 1070 homicidas
1144 1030 1321 1070 inclusus
1360 1031 1541 1080 turpiore

174 1094 356 1133 custodia
394 1095 433 1132 et
464 1093 622 1132 sordido
654 1093 844 1131 cellarum
877 1088 983 1130 situ?
1035 1092 1195 1141 iamque
1227 1091 1270 1129 in
1301 1103 1390 1130 eam
1419 1103 1536 1130 vene·
1559 1102 1594 1130 15

173 1167 256 1192 ram
284 1155 498 1202 fortunam,
530 1155 574 1191 ut
599 1166 662 1190 me
688 1154 839 1191 victum
863 1154 1037 1202 recipere
1063 1164 1144 1190 11011
1168 1163 1317 1202 posses,
1347 1151 1543 1190 victorem

173 1214 310 1253 nolles.
373 1214 514 1252 aderat
549 1214 648 1252 hora
685 1213 873 1263 supplicii
911 1213 991 1251 mei
1030 1225 1110 1262 qua
1147 1224 1347 1262 nusquam
1383 1224 1542 1250 moran-

175 1274 285 1324 dum,
324 1273 406 1312 iam
436 1273 684 1324 praebendus
717 1275 804 1312 erat
834 1273 995 1324 iugulus
1029 1274 1068 1311 et
1099 1271 1303 1311 fundenda
1334 1272 1422 1311 vita
1452 1283 1543 1310 cum

175 1334 377 1385 sanguine.
428 1347 555 1384 neque
587 1335 693 1372 enim
719 1333 902 1372 dubitare
932 1333 980 1372 de
1007 1334 1152 1372 eventu
1183 1332 1289 1372 licet.
1340 1332 1543 1383 exemplar

174 1395 251 1432 fati
280 1395 360 1432 mei
390 1394 484 1433 vidi.
548 1394 581 1432 si
612 1407 675 1432 me
708 1394 756 1432 ab
788 1394 851 1432 his
888 1393 1191 1432 imminentibus
1222 1393 1341 1432 malis
1371 1392 1542 1443 pecunia
1561 1405 1597 1432 so

174 1454 422 1505 redemisset,
460 1454 694 1493 beneficium
730 1456 867 1493 tamen
903 1454 1039 1504 potius
1078 1454 1251 1493 dicerem
1281 1449 1380 1506 <et>
1412 1453 1542 1505 magis

175 1514 466 1553 aestimandum
498 1527 580 1553 esse
613 1527 733 1564 quam
764 1516 949 1564 pretium.
1013 1514 1082 1553 sed
1113 1514 1221 1565 apud
1253 1514 1451 1565 malignos
1482 1513 1542 1551 in-

175 1576 368 1624 terpretes
404 1576 539 1624 posset
570 1575 697 1613 videri
728 1575 791 1613 vel
827 1588 937 1625 spem
975 1576 1133 1614 secutus
1172 1575 1352 1624 aliquam
1382 1574 1544 1612 venturi

176 1634 366 1684 temporis
409 1635 473 1674 vel
517 1636 738 1684 praesentis
782 1635 1042 1685 voluptatem.
1104 1636 1179 1674 hoc
1223 1633 1460 1673 admirabile
1503 1635 1544 1673 et

177 1695 247 1732 uni
277 1695 436 1733 tantum
466 1696 611 1745 pietati
641 1695 891 1734 referendum
924 1697 1000 1734 est:
1033 1696 1144 1734 dedit
1174 1695 1411 1734 beneficium
1436 1693 1544 1744 quod
1562 1706 1597 1734 25

177 1767 382 1803 nunquam
413 1757 617 1805 reciperet,
650 1758 700 1805 et,
732 1769 821 1794 cum
853 1757 1025 1794 amicum
1058 1768 1178 1806 quem
1208 1755 1442 1804 redimebat,
1472 1754 1543 1793 ha-

176 1813 332 1853 biturus
364 1827 443 1853 non
473 1817 586 1865 esset,
617 1816 718 1854 nihil
751 1816 861 1854 aliud
887 1816 984 1855 emit
1016 1829 1137 1866 quam
1167 1817 1378 1855 honestam
1402 1815 1543 1854 mortis

178 1875 470 1914 conscientiam.
521 1876 733 1914 transtulit
758 1889 851 1927 ergo
877 1877 919 1914 in
945 1889 986 1915 se
1014 1878 1221 1915 fortunam
1245 1889 1377 1914 meam
1402 1875 1544 1914 subiit-

273 1980 293 2011 5
319 1977 498 2012 miserum
522 1989 581 2012 me
608 1979 729 2014 Desa:
758 1978 964 2014 miserrime
990 1994 1019 2014 ω
1119 1983 1139 2014 6
1165 1979 1301 2024 loquor
1324 1990 1392 2015 om.
1414 1985 1451 2013 P

178 2028 198 2059 8
224 2024 367 2070 recepit
392 2037 491 2060 nunc
522 2032 549 2059 V
617 2025 782 2062 latrones
809 2029 1007 2072 expectare
1032 2034 1060 2062 V
1121 2027 1268 2063 latrone
1288 2033 1325 2062 P
1395 2029 1416 2061 9
1443 2027 1544 2073 (111Ξ9,

177 2078 214 2107 Β
231 2072 257 2118 (1
277 2074 339 2118 er.)
419 2073 636 2109 interiorem
657 2081 706 2118 M,
732 2074 791 2109 vel
810 2075 1027 2110 ulteriorem
1045 2090 1088 2110 m
1181 2079 1223 2111 11
1251 2075 1401 2111 scisses:
1429 2074 1544 2111 scisse

177 2127 222 2165 B,
250 2133 266 2155 s
293 2121 378 2156 add.
400 2128 423 2155 b
511 2125 553 2157 12
582 2123 784 2158 antecessit
808 2129 853 2167 Β,
881 2134 963 2158 ssae
988 2135 1087 2170 supr.
1111 2131 1133 2158 b
1234 2127 1277 2158 13
1303 2122 1544 2158 incendarios

177 2175 222 2212 P,
248 2180 339 2204 corr.
359 2184 387 2210 p
511 2174 554 2205 14
583 2170 805 2206 homicidias
833 2178 876 2215 P,
902 2183 993 2208 corr.
1012 2187 1040 2212 p
1161 2173 1242 2207 tam
1267 2175 1352 2207 ante
1375 2171 1544 2217 turpiore

176 2228 263 2263 add.
290 2235 318 2262 V
421 2229 586 2265 inclusos
612 2245 658 2274 ω;
685 2231 827 2266 correxi
938 2236 981 2267 15
1009 2232 1084 2267 situ
1108 2238 1146 2267 Β
1241 2232 1396 2267 venerat
1419 2237 1452 2266 J

179 2279 222 2312 16
248 2277 405 2312 victum:
433 2279 584 2313 nectum
605 2280 634 2324 (t
653 2291 696 2314 ex
716 2290 735 2313 c
755 2281 791 2325 b)
819 2294 842 2313 α
909 2291 984 2315 11011
1010 2292 1077 2316 om.
1098 2286 1178 2315 ΒΜ
1250 2283 1293 2314 17
1315 2283 1402 2325 post
1424 2278 1544 2314 nolles

176 2325 262 2360 add.
286 2325 427 2361 victum
453 2330 592 2371 puncto
616 2328 735 2372 posito
761 2331 845 2363 ante
869 2327 988 2363 nolles
1014 2335 1057 2363 M
1174 2328 1267 2363 hora
1291 2339 1393 2372 supr.
1413 2333 1451 2362 Β

177 2376 221 2407 21
248 2374 377 2408 tamen
402 2385 468 2410 om.
496 2381 524 2408 V
591 2374 703 2420 potiis
735 2381 764 2409 V
832 2376 869 2410 et
894 2377 979 2411 add.
1001 2377 1105 2413 Dess.
1181 2380 1225 2411 22
1258 2386 1389 2421 quam:
1417 2386 1491 2421 quo
1511 2381 1549 2410 P

177 2424 223 2455 24
255 2421 492 2457 ammirabile
524 2429 551 2456 V
643 2426 688 2458 25
714 2417 866 2471 tatantfl
892 2430 928 2458 Β
1025 2429 1069 2459 27
1097 2435 1231 2470 quam:
1260 2435 1334 2470 quo
1361 2430 1398 2459 P
