1638 2560
555 90 877 128 DEGLAMATIO
901 90 938 127 V
962 95 1069 127 4—6.
1445 90 1504 134 93

123 221 222 249 sam.
270 207 466 259 explicuit
495 206 696 246 iustitiam
728 205 1043 257 comparationis
1075 206 1146 257 qui
1177 206 1349 245 decessit
1379 207 1504 258 efiam

121 269 366 319 redemptus,
397 269 439 307 et
467 268 512 306 in
542 268 723 318 perituro
753 266 839 306 filio
870 266 973 305 nihil
1002 266 1112 305 aliud
1139 266 1312 306 electum
1337 268 1410 306 est.
1459 267 1503 306 in

122 342 203 381 quo
232 329 295 368 fui
324 328 448 368 miser
484 329 617 367 famae
654 326 864 379 periculo?
923 327 1031 366 filius
1061 340 1173 367 meus
1208 328 1403 380 languore
1435 326 1503 366 de-

121 390 286 430 functus
317 391 389 429 est.
438 390 577 428 tamen
606 390 725 440 pater
755 387 958 427 occiderat
988 400 1166 440 aegrum,
1199 388 1234 428 si
1261 389 1501 439 reliquisset.

87 463 105 492 5
122 450 305 491 videram
341 450 552 500 continuo,
588 449 760 498 iudices,
797 450 842 488 in
878 461 1035 488 carcere
1071 449 1144 488 illo
1177 450 1377 499 quantum
1410 461 1502 500 pro-

121 511 302 552 mitteret
332 511 563 550 constantia
592 509 766 549 hominis
798 522 918 560 quem
949 522 1027 549 non
1062 510 1292 560 captivitas,
1324 522 1406 549 non
1437 522 1503 548 ex-

120 571 299 624 pectatio
329 572 479 622 patris,
516 583 599 610 non
636 571 776 609 fratris
812 571 1002 622 fregisset
1037 570 1263 610 infirmitas.
1326 582 1399 609 nec
1428 571 1503 609 im-

121 633 265 672 merito
298 633 444 672 cuncta
475 632 524 671 de
560 631 782 671 fortissimo
818 632 963 670 iuvene
996 631 1173 682 speravi,
1211 631 1246 670 si
1277 630 1421 670 fuisset
1452 631 1504 670 ad

123 705 261 733 omnes
298 694 466 732 conatus
505 692 705 744 explicato
743 692 961 743 languente
995 691 1171 731 liberior.
1233 691 1398 731 tandem
1428 692 1503 730 mi-

69 767 105 795 1ο
123 766 233 795 seros
269 754 434 793 fortuna
468 752 664 804 respexit,
708 754 749 792 et
783 755 884 803 puto
922 754 1062 792 contra
1104 752 1354 803 praedonum
1398 765 1504 791 com-

123 816 261 855 menta
285 813 503 863 feritatem,
530 815 621 864 ipsa
646 813 860 863 consensit,
885 815 933 852 ut
957 813 1073 852 nobis
1099 826 1219 863 quem
1243 814 1503 865 negaverant,

123 888 206 915 non
235 874 508 914 abstulissent.
569 887 650 913 non
683 873 845 924 quidem
874 874 992 924 mihi,
1023 873 1194 924 iudices,
1225 886 1370 926 arrogo
1400 875 1501 912 tem-
1527 873 1553 909 6

122 937 233 987 poris
262 935 375 975 illius
406 934 722 986 providentiam,
759 934 864 973 nihil
893 948 957 973 me
989 935 1121 974 fateor
1146 934 1292 974 fecisse
1323 934 1504 983 consilio,

79 1023 82 1027 «
123 998 260 1048 potest
295 997 433 1035 tamen
464 995 674 1046 utriusque
706 995 862 1035 iuvenis
900 995 1030 1035 exitus
1062 995 1368 1035 necessitatibus
1402 995 1503 1034 meis

70 1070 106 1098 1⁶
125 1057 338 1109 adsignare
379 1057 590 1096 rationem.
653 1056 777 1107 periit
821 1069 940 1107 quem
989 1055 1161 1105 redemi,
1210 1067 1393 1095 reversus
1443 1057 1505 1094 est

123 1131 246 1169 quem
275 1117 433 1168 reliqui.

213 1177 419 1218 Invenisse
449 1179 492 1216 te
521 1179 661 1227 putas,
697 1176 872 1226 iuvenis,
906 1179 1065 1228 patrem
1095 1177 1204 1216 cibos
1237 1179 1279 1216 et
1310 1177 1505 1216 alimenta

123 1236 384 1290 poscentem?
420 1238 663 1289 quaerebam
681 1239 859 1288 pretium
876 1239 1011 1277 tuum:
1034 1260 1086 1265 -
1102 1239 1231 1277 testor
1249 1238 1505 1277 clementiam

123 1299 362 1339 mitissimae
394 1299 573 1338 civitatis
602 1320 655 1325 —-
688 1298 787 1337 haec
818 1311 974 1349 preces,
1010 1299 1077 1338 hic
1114 1300 1298 1350 rogantis
1331 1298 1506 1338 ambitus

71 1373 108 1400 so
125 1359 223 1399 fuit:
256 1356 529 1408 ‘misereminn
560 1359 654 1399 date
681 1359 818 1409 stipes,
849 1359 1070 1411 indulgete,
1102 1359 1290 1409 conferte,
1320 1356 1505 1410 repeten-

125 1420 200 1460 dus
240 1422 302 1460 est
337 1420 408 1460 ille
446 1421 517 1470 qui
551 1420 696 1458 redimi
738 1420 885 1458 maluit
927 1417 1122 1459 fratrem.'
1173 1419 1258 1472 „sed
1289 1421 1330 1458 et
1359 1419 1436 1458 hac
1465 1420 1506 1458 te

126 1481 294 1521 decebat
328 1493 534 1520 reversum
571 1480 822 1531 proclamare
860 1493 978 1520 voce:
1023 1477 1148 1532 ‘erige
1167 1478 1173 1520 ρ’
1186 1480 1341 1529 vultus,
1377 1481 1507 1531 pater,

119 1541 270 1581 attolle
318 1540 551 1580 tristitiam:
601 1540 799 1580 vindicati
847 1540 896 1579 de
940 1542 1184 1580 saevissimis
1234 1539 1505 1592 praedonibus

128 1614 276 1652 sumus,
307 1601 408 1641 duos
439 1598 672 1640 redemisti?

72 1676 108 1703 2⁶
216 1662 425 1702 Alimenta
454 1674 588 1712 posco,
618 1663 804 1712 poteram
833 1675 915 1702 non
940 1662 1096 1702 adicere
1120 1662 1252 1701 filium
1276 1663 1406 1712 pater,
1437 1661 1508 1700 sed

127 1723 333 1762 mendicus
364 1722 578 1772 hominem,
610 1722 679 1762 sed
710 1724 897 1762 iuvenem
928 1736 1059 1762 senex.
1117 1723 1207 1773 quis
1238 1723 1346 1762 enim
1376 1723 1506 1774 magis

129 1797 176 1823 ex
214 1783 313 1836 ipsis
356 1796 491 1822 rerum
534 1785 704 1822 naturae
746 1785 870 1823 sacris
913 1783 1231 1834 venerandisque
1275 1782 1506 1834 primordiis

128 1844 334 1884 descendit
371 1843 565 1883 affectus?
627 1843 724 1894 quid
762 1843 885 1883 etiam
923 1844 1029 1884 inter
1062 1845 1209 1884 liberos
1242 1856 1289 1883 ac
1319 1845 1507 1895 parentes

127 1907 214 1944 tam
251 1917 477 1954 commune,
522 1906 608 1943 tam
650 1904 856 1955 publicum
902 1918 1024 1955 quam
1060 1907 1107 1944 ut
1148 1905 1318 1944 alicuius
1358 1905 1507 1943 famem

74 1979 111 2008 so
129 1966 333 2016 proximus
371 1965 541 2016 quisque
582 1964 789 2016 depellat?
848 1966 980 2005 voluit
1019 1978 1093 2005 nos
1133 1966 1203 2004 ille
1244 1965 1507 2004 mortalitatis

228 2073 247 2104 1
275 2065 369 2118 quid
392 2075 431 2104 Β
539 2071 560 2102 3
586 2067 688 2104 fame
713 2074 751 2103 Β
859 2073 880 2104 5
906 2068 1092 2104 videram:
1118 2081 1152 2104 v,
1180 2068 1212 2104 si
1237 2075 1290 2113 Β;
1315 2081 1348 2103 v.
1370 2068 1424 2103 sic
1451 2073 1506 2112 Μς

130 2129 183 2153 an
206 2129 239 2153 v.
261 2117 432 2154 scilicet?
477 2165 534 2200 ’d'
551 2120 596 2152 10
628 2118 858 2153 commenta:
893 2119 1081 2153 commota
1110 2117 1194 2154 Obr.
1308 2121 1351 2152 12
1380 2117 1507 2152 abstu-

129 2202 238 2250 lisesst
255 2220 293 2250 B
357 2178 446 2250 110111
446 2177 547 2250 Ὲ11ξ1
567 2219 604 2248 Β
671 2218 716 2250 15
740 2213 842 2260 perit
866 2221 894 2249 t·
964 2218 1007 2249 17
1035 2214 1223 2250 iuvenisse
1242 2220 1280 2249 Β
1347 2217 1391 2249 19
1418 2212 1508 2248 civi-

130 2262 223 2299 tatis
248 2264 292 2299 in
314 2274 388 2299 ras.
409 2265 447 2310 (ὁ
466 2261 499 2309 ,9)
518 2269 556 2298 Β
665 2266 710 2298 22
743 2262 888 2309 erigere
912 2262 1037 2298 voltus
1062 2269 1100 2298 Β
1215 2267 1260 2298 28
1291 2261 1508 2298 mendicum

136 2318 166 2346 V
257 2322 365 2347 senes
396 2317 425 2346 V
523 2311 590 2357 qui
614 2317 685 2346 BV
785 2314 806 2356 e
831 2311 933 2347 enim
959 2311 1082 2358 magis
1108 2317 1146 2346 Β
1254 2314 1301 2346 28
1332 2310 1438 2357 efflet
1463 2315 1508 2352 Ρ,

132 2395 250 2432 etiam
271 2410 300 2437 p
399 2399 444 2432 30
470 2370 632 2442 depellit
655 2402 693 2431 Β
