1638 2560
510 111 831 150 DECLAMATIO
858 112 894 147 Π
912 116 1008 148 2-4
1392 112 1451 155 23

69 231 190 283 pater
227 228 390 269 induxit
433 241 551 268 caeco
587 240 814 268 novercam.
875 227 1031 267 factum
1076 229 1138 267 est
1181 241 1228 268 eo
1268 229 1451 279 tempore

72 303 152 342 quo
181 289 394 331 constabat
422 291 583 340 pata-em
612 289 698 328 filio
730 301 867 328 senem
891 288 1084 328 solvendo
1110 301 1191 328 non
1218 301 1314 328 esse.
1359 301 1451 328 con-

71 351 270 392 tenderim
293 351 394 402 quin
423 351 549 390 immo
580 350 738 390 iuvenis
762 350 887 390 fuisse
914 349 1141 399 consilium,
1172 350 1219 388 ut
1243 351 1361 400 pater
1385 351 1452 389 cui

70 411 376 455 matrimonium
410 411 622 462 filiumque
659 410 883 450 abstulerat
914 410 1163 460 incendium,
1198 411 1361 450 residua
1392 422 1451 450 se-

19 493 53 519 .5
70 474 257 515 nectutis
277 472 360 512 alia
385 473 661 512 consolaretur
684 485 821 523 uxore,
854 473 895 511 et
920 473 967 510 ut
991 471 1134 511 domus
1160 484 1264 522 quae
1290 484 1452 511 caecum

70 535 233 574 tantum
262 533 439 573 habebat
469 535 511 573 et
535 547 682 584 senem,
714 533 914 583 acciperet
939 546 987 571 ex
1012 532 1199 585 coniugio
1225 533 1451 572 ministeria

71 595 285 635 custodita.
346 595 504 634 facinus
537 596 611 644 est,
641 594 812 644 iudices,
844 593 952 644 quod
982 593 1109 633 bonos
1141 594 1350 646 privignos
1380 607 1451 633 no-

69 669 212 696 vercae
241 655 404 695 facilius
434 655 643 706 decipiunt
671 667 744 694 nec
774 655 904 694 levius
930 654 1112 694 oderunt.
1164 667 1286 705 quam
1311 655 1452 694 multis

69 716 247 768 insidiis,
290 729 414 768 quam
456 717 596 756 multis
635 716 790 755 artibus
829 717 948 767 patet
990 716 1163 755 caecitas
1206 716 1451 755 innocentis!

14 795 52 823 10
69 778 219 818 mulier
236 777 305 818 cui
328 790 443 829 spem
465 777 717 817 invadendae
742 777 980 816 hereditatis
1005 776 1243 827 praestabat
1261 776 1451 816 debilitas

70 838 262 891 privigni,
293 840 478 878 senectus
507 840 665 888 mariti,
696 838 900 877 intellexit
929 837 1006 876 hoe
1037 837 1170 876 solum
1201 837 1338 877 deesse
1369 850 1452 877 sce-

69 900 165 940 leris
190 899 403 949 occasioni,
428 902 476 939 ut
499 901 613 951 prius
638 900 908 939 infamaretur
931 898 1145 949 parricidii.
1167 911 1319 938 caecus.
1364 899 1451 938 viso

68 961 198 1012 igitur
226 960 304 1000 hoc
334 961 444 1011 quod
475 961 554 1000 sibi
584 961 741 1000 iuvenis
766 973 848 999 non
874 959 1089 999 videbatur
1113 972 1199 999 esse
1228 959 1451 1010 privignus,

68 1035 268 1062 venenum
293 1021 402 1072 quod
425 1023 471 1061 in
494 1023 633 1062 miseri
658 1023 750 1061 sinu
775 1021 999 1070 abdiderat,
1027 1020 1324 1072 deprehensura
1349 1034 1452 1059 nun-

14 1101 50 1128 15
69 1082 193 1122 tiavit
214 1084 337 1134 patri,
361 1085 572 1134 tamquam
596 1082 861 1134 parricidium
884 1084 1109 1133 pararetur.
1154 1083 1195 1120 et
1221 1083 1318 1132 quia
1342 1095 1452 1120 men-

69 1143 231 1183 dacium
254 1145 417 1195 poterat
440 1144 560 1183 facile
585 1144 744 1193 nudari,
769 1144 806 1182 si
825 1156 945 1194 quem
965 1143 1170 1182 conscium
1191 1144 1452 1191 nominasset,

67 1206 201 1244 totam
241 1204 486 1244 delationem
529 1205 586 1244 sic
627 1205 850 1255 ordinavit,
893 1205 942 1243 ut
979 1203 1058 1243 sibi
1095 1204 1324 1243 crederetur
1360 1216 1452 1254 pro-

67 1265 234 1306 missam
265 1265 477 1305 dimidiam
513 1268 673 1317 partem
710 1266 925 1314 bonorum,
963 1266 999 1304 si
1028 1278 1229 1304 venenum
1266 1266 1353 1303 seni
1383 1278 1452 1303 vo-

51 1326 211 1366 luisset
241 1326 332 1378 ipsa
361 1329 581 1379 porrigere.
637 1326 796 1377 videtis,
827 1326 992 1376 iudices,
1024 1339 1107 1377 qua
1137 1325 1449 1377 praeparatione
1475 1324 1502 1361 4

13 1405 50 1432 ρο
68 1400 241 1427 noverca
269 1387 323 1426 ad
346 1389 638 1428 testamentum
662 1389 792 1439 patris
819 1387 1042 1426 accesserit.
1092 1387 1304 1426 mulierem
1330 1399 1453 1437 quam

69 1448 198 1488 credit
226 1448 399 1488 maritus
429 1449 609 1489 noluisse
640 1451 800 1500 partem
830 1448 1028 1488 bonorum
1057 1449 1238 1498 accipere
1270 1460 1344 1499 pro
1370 1460 1453 1487 sce-

68 1509 164 1559 lere,
182 1521 342 1549 necesse
362 1512 424 1549 est
443 1510 500 1550 sie
517 1511 760 1559 remuneret,
786 1511 835 1548 ut
853 1509 979 1548 faciat
1003 1509 1203 1548 heredem.
1249 1521 1272 1548 ο
1299 1510 1452 1559 quanto

69 1570 189 1609 aliter
225 1570 425 1621 probatur
453 1570 718 1622 parricidium
752 1570 861 1621 quod
897 1570 981 1608 iam
1017 1571 1155 1621 potest
1191 1569 1452 1621 deprehendi!

69 1631 224 1670 mulier
247 1644 350 1682 quae
381 1644 423 1671 se
454 1631 615 1672 dicebat
644 1632 688 1671 in
720 1632 1010 1671 conscientiam
1035 1631 1196 1670 sceleris
1221 1630 1452 1681 admissam,

14 1709 51 1736 25
70 1704 152 1731 non
181 1691 259 1731 hoc
294 1693 471 1743 primum
503 1692 638 1745 exegit
669 1705 694 1731 a
724 1694 860 1744 patre,
896 1694 946 1731 ut
984 1694 1214 1743 quaereret,
1253 1692 1344 1742 quis
1381 1704 1452 1743 pa-

68 1754 199 1792 rasset
230 1766 348 1792 caeco
378 1766 590 1803 venenum,
623 1755 714 1804 quis
746 1753 933 1792 dedisset.
982 1753 1075 1792 inde
1107 1753 1327 1792 maximum
1354 1753 1453 1791 scie-

69 1812 142 1852 bat
171 1826 290 1864 posse
319 1813 408 1853 fieri
440 1815 691 1865 quaestionis
723 1827 915 1853 errorem:
953 1814 1151 1863 instituit,
1186 1816 1233 1852 ut
1263 1814 1453 1853 innocen-

68 1874 251 1914 tissimus
282 1876 438 1914 iuvenis
470 1877 791 1928 interrogaretur
820 1877 1005 1926 repente,
1037 1875 1170 1914 subito
1202 1874 1452 1913 infamatura

67 1935 184 1974 velut
220 1934 456 1986 deprehensi
487 1936 819 1988 trepidationem,
856 1948 927 1975 seu
958 1936 1151 1975 tacuisset
1183 1948 1343 1985 caecus,
1381 1947 1452 1974 seu

166 2092 187 2123 2
215 2098 303 2124 sene
334 2095 364 2123 Γ
444 2088 626 2136 εοΙνεῃᾱΞ
649 2095 683 2124 J
771 2089 1042 2125 contenderam
1067 2095 1105 2124 P
1200 2092 1222 2124 5
1249 2075 1344 2124 alid‘s
1371 2096 1407 2124 P

69 2141 163 2188 ceci-1
186 2148 289 2183 supr.
310 2143 348 2172 B
438 2140 460 2172 8
485 2148 556 2173 nec
580 2138 623 2173 in
647 2149 723 2174 ras.
744 2144 782 2173 B
854 2138 1032 2173 oderunt:
1061 2138 1170 2173 odeit
1196 2144 1233 2173 P
1323 2142 1367 2172 12
1394 2138 1451 2173 in-

70 2210 294 2246 famaretur:
321 2209 577 2246 infirmaretur
607 2217 636 2245 Γ
739 2214 784 2246 14
810 2186 990 2246 {tenderat
1021 2217 1050 2245 Γ
1158 2214 1202 2246 15
1229 2211 1453 2247 mendatum

71 2265 130 2304 ,1,
161 2259 175 2294 i
199 2270 300 2305 supr.
322 2265 366 2294 n
386 2259 441 2296 vel
465 2273 508 2294 m
609 2263 654 2295 16
682 2259 892 2296 conscium:
920 2259 1087 2314 occisum
1112 2266 1146 2294 J
1241 2264 1284 2295 21
1314 2260 1451 2295 credit:

72 2331 225 2367 eredere
251 2338 289 2367 Ρ
383 2335 428 2367 22
456 2334 601 2378 quanta
627 2339 655 2367 Γ
749 2337 794 2367 23
821 2321 1056 2378 parricidiim
1081 2338 1120 2367 B
1204 2337 1248 2368 26
1276 2333 1343 2368 sed
1363 2333 1452 2367 inde

73 2380 178 2416 Dess.
254 2383 300 2418 28
326 2380 576 2416 infamatum:
604 2381 814 2417 infamatur
840 2392 884 2416 ac
909 2387 992 2423 ΒΓς
1019 2392 1087 2417 om.
1111 2387 1161 2425 11,
1187 2393 1288 2428 supr.
1309 2396 1368 2424 ηις
1395 2381 1453 2415 in-

72 2427 315 2466 flammatura
340 2438 361 2472 β
386 2431 446 2476 (ex
471 2441 562 2466 corr.
585 2432 624 2475 S)
725 2433 770 2465 29
797 2429 1056 2475 trepidatione
1082 2436 1151 2465 ΒΓ
