1638 2560
210 109 301 153 ,366
590 106 850 144 EXCERPTA
876 104 1208 142 MONACENSIA.

215 226 331 275 pater
361 225 507 275 impius
538 237 663 261 unum
688 221 833 261 occidit
863 233 936 272 pro
967 220 1122 260 incerta
1148 219 1316 259 alterius
1347 219 1478 259 salute
1509 231 1591 259 cre-

217 285 312 324 dens
343 284 507 324 medico.
564 284 620 323 310
652 283 802 322 debetis
835 281 1013 320 occidere
1043 281 1215 331 patrem,
1248 281 1460 330 tamquam
1490 279 1589 320 duos

217 345 380 395 occidit,
418 345 528 384 cuius
560 357 640 383 non
670 343 858 382 interfuit
891 343 981 381 uter
1013 341 1270 380 occideretur.
1326 341 1423 392 plus>
1450 339 1591 380 debuit

216 405 372 444 credere
417 406 534 455 pater
573 403 737 443 medicis
778 403 960 453 pluribus
1007 402 1055 440 de
1098 401 1230 441 salute
1271 401 1483 440 amborum
1522 401 1589 440 de-

215 465 466 516 sperantibus
499 477 619 515 quam
650 464 721 502 uni
753 464 830 502 soli
860 463 1015 502 medico
1046 475 1132 501 rem
1162 474 1312 502 novam
1342 461 1511 511 dicenti,
1542 462 1589 501 ut
1627 476 1638 504 ε

214 525 416 564 videretur
453 526 543 565 aliis
581 526 817 575 sapientior,
858 528 899 563 et
928 524 1107 562 varianti
1143 522 1386 562 sententiam
1427 523 1468 561 et
1497 535 1589 573 pro-

213 586 393 625 mittenti
432 586 539 636 quod
580 585 697 624 debet
736 597 851 623 nemo
894 584 1075 635 experiri.
1147 583 1319 623 salutem
1360 582 1589 633 spopondit,

214 647 247 685 si
278 647 415 686 liceret
447 646 615 685 alterum
655 645 850 694 occidere,
881 645 1077 694 lacerare,
1118 645 1354 695 perspicere.
1414 656 1496 682 non
1526 656 1588 682 re-

212 707 309 745 tulit
338 707 437 745 haec
466 706 667 757 parricida
699 705 750 744 ad
781 707 952 744 matrem
993 718 1066 744 nec
1102 705 1352 756 propinquos
1387 703 1590 743 consuluit

212 780 284 806 1100
316 768 476 817 amicos,
506 767 575 806 sed
600 779 672 805 sua
696 767 857 805 tantum
886 767 1145 817 persuasione
1170 765 1393 815 medicique
1426 765 1587 804 conten·
1607 779 1638 806 ια

212 828 277 866 tus
303 829 504 867 victurum
536 827 694 867 occidit.
750 828 785 866 si
816 828 922 865 enim
947 826 1093 866 medici
1123 838 1204 866 11011
1234 825 1421 864 interfuit
1451 826 1588 864 utrum

212 887 424 937 occideret,
466 889 623 927 constat
659 889 794 926 vivere
832 889 1047 938 utrumque
1087 887 1285 937 potuisse3
1326 885 1360 925 si
1390 882 1587 935 interfuit,

211 950 368 987 constat
399 961 479 987 non
517 948 686 987 eundem
717 948 840 987 fuisse
877 949 1123 1000 languorem.
1187 946 1295 998 quod
1330 948 1467 986 tamen
1497 947 1587 996 ipsa

212 1008 430 1058 asserebat,
469 1008 589 1048 redde
629 1008 746 1058 mihi,
790 1009 950 1059 marite,
988 1008 1117 1046 filium
1159 1020 1278 1058 quem
1316 1006 1394 1046 tibi
1433 1007 1588 1057 pariter

211 1069 442 1119 medicoque
475 1069 672 1119 commisi,
706 1070 837 1119 recipe
870 1082 988 1119 quem
1019 1069 1120 1107 mihi
1151 1067 1367 1108 credidisti.
1428 1067 1495 1107 hic
1526 1068 1587 1106 est
1606 1081 1638 1109 15

209 1129 279 1167 ille
310 1131 446 1168 noster
469 1129 717 1179 insanabilis,
749 1130 819 1169 ille
843 1130 1076 1179 moriturus,
1107 1130 1173 1168 hic
1203 1141 1322 1179 quem
1345 1129 1585 1179 permiseras

210 1189 381 1240 medico,
422 1190 456 1229 si
496 1190 704 1230 maluisset
745 1190 932 1229 occidere.
990 1190 1088 1240 quid
1129 1189 1236 1240 quod
1272 1188 1402 1228 filium
1440 1188 1587 1228 occidit

209 1250 460 1289 innocentem
486 1252 551 1290 0111
575 1251 676 1289 nihil
702 1250 869 1301 obicere,
900 1250 1003 1289 nihil
1027 1252 1188 1301 poterat
1217 1250 1348 1299 irasci,
1379 1248 1519 1299 filium,
1551 1248 1586 1288 si

209 1310 287 1360 ipsi
313 1310 485 1361 creditis,
515 1324 588 1361 pro
614 1311 739 1350 fratre
764 1313 869 1350 mori
893 1313 1093 1362 paratum,
1126 1312 1238 1350 cuius
1263 1322 1451 1361 suprema
1481 1310 1585 1349 ferre

209 1383 289 1409 non
329 1372 498 1421 poterat.
557 1373 747 1422 amplius,
789 1374 942 1422 quanta
978 1372 1229 1418 immanitas,
1271 1370 1379 1421 quod
1420 1383 1585 1422 aegrum
1604 1384 1638 1411 so

210 1431 356 1470 occidit
387 1433 451 1470 cui
485 1433 738 1483 potissimum
770 1433 933 1483 conpati
970 1433 1111 1472 debuit
1149 1433 1359 1481 tamquam
1391 1443 1512 1483 aegro
1545 1432 1586 1469 et

210 1503 345 1531 amare
369 1493 564 1542 tanquam
588 1492 726 1531 filium.
785 1493 957 1544 amplius
983 1493 1138 1532 medico
1162 1493 1206 1531 in
1233 1493 1395 1531 tantum
1425 1490 1584 1531 credere

209 1564 289 1589 non
321 1552 470 1602 debuit,
503 1566 593 1592 cum
617 1554 783 1593 fallaces
816 1555 899 1592 sint
929 1554 1075 1593 medici
1100 1555 1141 1592 et
1173 1553 1389 1592 casualiter
1419 1564 1584 1603 operen—

209 1614 285 1650 tur.
350 1625 431 1651 non
470 1613 668 1653 medicina
709 1616 843 1664 sanat,
884 1614 953 1654 sed
998 1613 1190 1664 quicquid
1230 1613 1391 1652 videtur
1429 1624 1584 1661 sanare,

209 1672 405 1711 medicina
431 1674 500 1712 est.
551 1675 586 1713 si
609 1674 787 1714 medicus
813 1687 955 1713 sanare
979 1676 1119 1725 nescit,
1143 1673 1342 1724 numquid
1365 1672 1455 1712 ideo
1480 1673 1585 1712 mori
1603 1686 1638 1713 25

208 1745 366 1772 necesse
391 1732 477 1772 est?
533 1735 691 1773 fatuum
717 1736 789 1785 est,
814 1735 873 1774 ibi
896 1735 1016 1774 finem
1041 1736 1151 1774 vitae
1176 1735 1332 1786 putare,
1355 1733 1583 1783 ubicunque

209 1794 398 1832 scientiae
430 1793 654 1834 substiterit
690 1795 915 1835 infirmitas.
972 1796 1270 1846 iniquissimum
1308 1795 1369 1834 est
1400 1793 1583 1844 despera-

207 1853 336 1892 tiones
377 1854 529 1904 vocari,
574 1856 757 1904 quotiens
800 1856 1020 1895 remedium
1059 1856 1259 1895 medicina
1298 1867 1379 1894 non
1408 1854 1581 1894 invenit.

208 1925 260 1951 an
285 1913 585 1964 desperantibus
611 1916 717 1955 credi
737 1916 929 1966 debuerit,
954 1930 1025 1956 vos
1053 1915 1330 1956 aestimabitis.
1367 1916 1438 1966 qui
1461 1927 1581 1966 nega-

206 1975 302 2012 runt
345 1986 484 2026 aegros
527 1988 641 2026 posse
686 1978 835 2026 sanari,
880 1990 952 2016 nec
995 1978 1037 2015 in
1079 1978 1154 2017 hoc
1193 1975 1467 2027 probaverunt
1513 1975 1583 2025 qui
1602 1988 1638 2015 ³0

208 2034 353 2084 evasit,
385 2048 456 2074 nec
486 2036 529 2073 in
560 2037 631 2075 illo
665 2050 783 2086 quem
813 2050 894 2076 non
924 2038 1096 2090 languor
1126 2037 1282 2077 occidit.
1341 2037 1425 2076 esto
1458 2036 1581 2074 etiam

207 2094 314 2144 quod
344 2095 489 2134 medici
520 2096 746 2147 desperent,
786 2099 844 2147 tu,
874 2099 1007 2148 pater,
1047 2111 1207 2148 sperare
1247 2096 1420 2136 debuisti
1457 2097 1498 2135 et
1530 2095 1582 2134 ad

206 2168 318 2204 spem
348 2157 519 2194 matrem
549 2157 713 2196 hortari.
769 2158 889 2196 fidem
920 2158 1043 2197 habes
1080 2157 1308 2197 hominibus
1342 2168 1439 2208 quos
1470 2168 1582 2195 men-

205 2216 276 2253 tiri
301 2215 403 2254 alius
429 2216 615 2266 affirmat,
641 2220 780 2257 contra
801 2232 898 2268 quos
923 2220 1070 2258 iterum
1090 2218 1217 2258 credis
1236 2218 1307 2256 uni
1331 2216 1579 2268 praesertim.

204 2275 362 2325 fratres,
392 2277 537 2326 inquit,
570 2279 609 2316 et
640 2280 790 2330 gemini
823 2280 953 2328 erant,
985 2279 1154 2329 ideoque
1187 2278 1374 2318 credibile
1406 2278 1467 2317 est
1495 2277 1579 2316 illis
1598 2289 1634 2316 35

301 2406 345 2438 33
373 2403 490 2439 ortari
516 2410 559 2438 M
