1638 2560
193 96 278 140 112
629 91 865 129 CORPORIS
891 89 1118 128 PROIECTI

190 223 290 249 uxor
320 210 487 248 nimium
519 207 659 247 dilexit
689 208 730 246 et
766 206 884 244 filius.
949 205 1046 255 quid
1084 218 1158 257 ego
1196 205 1383 256 putarem
1419 205 1463 243 in
1499 217 1559 243 re-

191 285 280 310 rum
305 271 449 308 natura
473 281 588 319 posse
613 268 782 319 reperiri
802 266 909 317 quod
929 266 1101 305 orbitate
1127 265 1309 305 acerbius
1328 263 1561 304 videretur?

193 344 272 370 non
313 330 508 381 contingit
547 329 647 367 mihi
682 350 732 354 —-
770 326 877 377 quod
918 327 1060 365 ceteris
1101 326 1370 366 miserrimum
1411 326 1472 364 est
1506 346 1557 352 -—

193 391 320 429 filium
357 390 502 429 efferre.
565 402 709 439 parum
746 390 806 427 est
838 387 944 437 quod
974 387 1112 426 iuveni
1143 386 1358 439 singularis
1390 385 1563 436 exempli

194 464 313 490 causa
343 451 481 489 mortis
514 450 576 488 fui
607 451 647 488 et
676 451 762 488 tam
793 448 971 498 pretiosa
999 447 1232 498 redemptus
1264 448 1400 494 anima
1432 458 1562 497 senez,
1601 460 1616 486 5

195 512 395 550 ominosus
420 512 548 548 morte
579 509 654 548 filii
684 510 773 559 mei,
805 508 909 547 vivo.
961 521 1105 559 parum
1137 502 1331 558 estquod
1355 507 1456 546 mihi
1480 507 1562 546 luc-

193 574 281 610 tum
306 584 438 609 meum
463 570 607 609 fluctus
633 570 885 619 nuntiarunt,
918 570 958 607 et
984 568 1095 607 aliud
1121 569 1259 620 agenti
1290 567 1398 619 patri
1430 567 1563 607 subito

195 632 246 670 ad
276 632 372 670 litus
405 630 555 669 orbitas
588 630 758 680 appulsa
790 631 866 680 est,
899 629 1007 680 quod
1039 629 1229 668 miserum
1258 628 1445 669 iuvenem
1475 629 1563 667 toto

193 693 387 731 iactatum
417 691 519 729 mari
552 691 692 740 etiam,
731 690 766 729 si
796 702 911 728 nemo
944 690 1259 740 interpellasset,
1298 701 1385 729 sero
1422 688 1564 739 sepeli-

194 765 294 790 rem:
329 752 455 791 adhuc
488 763 672 801 supremo
705 750 919 801 prohibeor
950 750 1094 799 officio,
1128 752 1178 800 et,
1211 761 1260 788 ne
1293 744 1398 800 quid*
1422 748 1562 788 solacii
1585 762 1619 788 10

195 813 410 864 contingat,
441 811 564 862 perdo
597 813 719 850 etiam
750 813 873 850 maris
905 810 1231 850 misericordiam.
1283 809 1399 849 inicit
1431 822 1565 848 erran-

194 874 276 911 tem
307 874 463 923 corpori
500 885 663 910 manum
701 872 845 910 mulier
877 873 917 910 et
953 872 1098 922 piratis
1131 873 1171 910 et
1205 870 1445 921 tempestate
1477 883 1564 910 cru-

196 933 337 983 delior3
376 934 514 982 atque⁷
553 934 599 970 ut
639 932 802 971 accedat
841 932 970 971 dolori
1005 945 1093 971 meo
1133 931 1315 970 cumulus
1348 943 1454 981 quae
1490 931 1566 970 hoc

148 994 172 1030 2
198 994 313 1043 facit,
350 1006 448 1031 uxor
484 1005 573 1032 mea
610 995 679 1031 est.
742 1006 792 1031 ne
824 992 912 1042 quis
950 994 1087 1031 tamen
1124 994 1230 1031 erret
1266 992 1447 1044 ignotus,
1485 1004 1566 1030 non

197 1055 256 1092 est
286 1053 359 1091 filii
390 1053 468 1091 mei
499 1066 685 1102 noverca,
731 1053 799 1092 sed
836 1054 975 1091 mater.
1039 1066 1062 1092 o
1100 1053 1275 1102 facinus,
1319 1056 1350 1092 0'
1382 1051 1565 1091 cladibus
1586 1060 1620 1091 15

195 1114 343 1152 nostris
373 1115 529 1151 mutata
560 1114 722 1152 natura!
779 1115 908 1152 mater
939 1115 1074 1165 ignem
1105 1112 1409 1161 ultimumfilio
1442 1113 1567 1165 negat

198 1175 238 1212 et
268 1174 410 1212 mulier
438 1186 539 1223 quae
572 1175 763 1212 maritum
790 1187 948 1224 quoque
975 1187 1091 1213 suum
1117 1174 1330 1213 debilitata
1354 1172 1565 1212 desiderat.

198 1235 286 1284 quis
318 1234 391 1272 hoc
424 1234 470 1272 de
502 1235 580 1273 ista
613 1233 780 1273 credat?
830 1234 958 1272 filium
989 1247 1069 1273 non
1100 1234 1182 1284 flet,
1213 1234 1396 1273 funditus
1429 1245 1568 1274 eversa

197 1294 348 1332 fulmen
387 1294 461 1332 hoc
503 1295 761 1345 gladiumque
802 1308 884 1334 non
925 1296 1057 1334 sentit.
1122 1296 1327 1346 comparet
1371 1294 1566 1334 dolorem!

198 1356 348 1404 quanto
373 1355 525 1393 minore
551 1368 670 1394 causa
699 1357 910 1394 excaecata
936 1357 1005 1394 est.
1056 1356 1188 1406 huius,
1219 1354 1382 1405 iudices,
1413 1367 1566 1405 poenae
1586 1367 1621 1393 20

199 1414 247 1453 ab
279 1415 366 1465 ipsa
397 1417 524 1453 morte
556 1416 726 1465 repetite
760 1416 918 1454 crimen.
982 1429 1056 1468 ego
1089 1429 1189 1466 sum,
1221 1428 1295 1467 ego
1328 1417 1369 1455 et
1401 1414 1567 1467 alligavi

198 1474 324 1513 filium
361 1489 494 1513 meum
531 1478 571 1514 et
608 1476 802 1515 infamavi
839 1478 897 1526 et,
935 1490 984 1515 ne
1019 1490 1100 1516 non
1139 1477 1303 1516 accedat
1339 1475 1568 1528 gravissimi

200 1535 347 1573 doloris
385 1548 514 1574 comes
551 1538 818 1586 paenitentia,
856 1537 898 1575 in
929 1537 1047 1575 illum
1084 1537 1339 1576 mortiferum
1370 1548 1569 1576 carcerem

199 1596 329 1634 mersi.
381 1608 457 1645 quo
489 1595 572 1634 fato
604 1598 787 1646 parentes
819 1599 939 1636 miser
971 1598 1135 1637 sortitus
1169 1599 1241 1647 est,
1273 1599 1320 1636 ut
1349 1597 1413 1636 illi
1440 1597 1569 1637 vitam

199 1656 325 1704 pater,
358 1656 605 1705 sepulturam
635 1658 764 1695 mater
802 1657 1006 1696 auferret?
1066 1672 1161 1697 nam
1192 1660 1238 1697 ut
1269 1657 1464 1708 pietatem
1493 1656 1570 1695 filii
1589 1669 1623 1696 25

200 1715 278 1753 mei
311 1716 430 1754 semel
467 1715 648 1766 indicem,
686 1719 842 1767 patrem
879 1718 1059 1757 redemit.
1123 1718 1156 1758 si
1189 1718 1297 1769 quod
1330 1731 1403 1770 ego
1441 1717 1569 1757 redie-

200 1775 293 1823 rim,
331 1788 430 1814 uxor
466 1776 670 1827 irascitur,
708 1778 849 1816 reddat
879 1780 1078 1817 rationem
1111 1792 1180 1818 cur
1211 1780 1386 1829 acceptis
1420 1777 1568 1818 litteris

200 1836 298 1873 meis
329 1836 493 1875 fleverit.
558 1838 697 1886 atquin
735 1838 979 1878 miserrimus
1017 1840 1173 1879 iuvenis
1207 1839 1406 1890 quomodo
1437 1839 1568 1890 magis

299 1990 316 2021 1
345 1986 485 2022 delexit
511 1994 545 2022 Ρ
641 1999 728 2034 ergo
755 1995 797 2023 M
892 1993 911 2024 2
939 1991 1107 2026 acervius
1139 1997 1168 2025 V
1261 1995 1282 2026 3
1309 1990 1499 2038 contingit
1522 1996 1568 2035 Β,

200 2083 227 2105 11
252 2070 318 2106 del.
340 2078 379 2115 ὃς
407 2071 567 2117 contigit
587 2078 629 2106 M
698 2077 721 2107 4
742 2049 882 2108 iuveniS
893 2038 1095 2120 sissgularis
1115 2082 1161 2119 Β
1187 2087 1289 2122 supr.
1310 2083 1350 2120 ⁶3
1376 2050 1522 2111 iuvenis
1547 2081 1576 2109 V

200 2122 223 2154 6
257 2119 504 2154 ominosus—
520 2120 595 2155 mei
620 2127 746 2156 om.1’
773 2122 815 2156 in
847 2122 982 2158 lacuna
1098 2124 1306 2160 ominosus:
1340 2123 1494 2159 odiosus
1518 2129 1569 2168 Μ,

200 2166 261 2202 vel
286 2167 475 2202 ominosus
501 2182 542 2202 m
617 2168 764 2215 'lpatri
790 2181 855 2205 om.
877 2176 922 2214 Β,
949 2183 991 2206 m
1016 2183 1130 2219 mary.
1158 2173 1244 2208 add.
1267 2179 1290 2207 b
1365 2175 1408 2208 11
1434 2171 1568 2207 maris:

200 2215 332 2250 mortis
357 2221 408 2260 Β;
441 2217 596 2251 meroris
628 2223 657 2251 ἱ
760 2217 1059 2254 misericordiam
1083 2220 1193 2255 inicit
1218 2231 1327 2256 erran
1353 2231 1420 2257 om.
1447 2220 1490 2256 in
1515 2220 1568 2256 la—

202 2286 300 2324 mma
325 2293 361 2322 P
457 2291 501 2322 14
527 2287 645 2332 faciat
669 2295 706 2323 Β
804 2293 847 2324 17
875 2302 982 2326 suum
1009 2304 1158 2337 quoque
1184 2299 1211 2327 v
1290 2269 1554 2329 debilitat-'⁸¹3

204 2335 402 2371 debilitate
434 2342 533 2371 VPm
656 2341 699 2371 22
732 2348 802 2373 nec
829 2344 883 2383 M,
916 2339 976 2374 vel
1008 2351 1055 2375 ne
1086 2355 1128 2375 m
1243 2353 1319 2378 non
1351 2353 1418 2378 om.
1440 2347 1476 2377 P

203 2387 249 2420 25
274 2384 419 2430 pietate
447 2393 465 2427 β
1453 2402 1455 2405 ·
