1638 2560
211 111 240 153 4
666 110 840 147 PARIES
864 110 1125 146 PALMATVS

211 226 381 276 putetis,
419 226 496 264 nisi
534 227 574 264 et
610 226 798 264 innocens
837 225 975 275 fuerit,
1013 238 1093 264 non
1130 226 1250 276 petit,
1291 228 1338 265 ut
1374 226 1579 266 adflictum

211 286 406 335 allevetis,
431 286 509 324 nisi
535 286 575 324 et
599 284 866 336 probaveritis
893 298 975 324 sese
1001 285 1265 325 infeliciorem
1290 286 1398 337 quod
1422 289 1579 338 patrem

211 346 358 396 amisit,
389 359 510 396 quam
537 345 642 396 quod
668 346 812 384 oculos.
871 347 1079 384 aestimate
1104 347 1290 386 iuvenem
1314 347 1376 386 his
1401 347 1577 403 moribus

212 406 355 456 quibus
386 406 589 445 videntem
621 406 898 456 aestimaretis,
929 406 1026 455 vita,
1058 405 1220 457 pudore,
1251 407 1435 457 pietates?
1476 420 1578 459 quae

210 468 245 506 si
277 466 410 505 omnia
443 466 533 517 sibi,
565 468 611 505 ut
642 468 757 505 erant
785 467 992 517 promissa,
1025 468 1289 515 constiterint,
1320 468 1437 506 11111Ιό
1457 470 1577 508 terre·
1617 481 1632 509 5

210 527 321 565 bitur
352 527 525 566 crimine.
582 539 654 565 nec
686 526 791 577 quod
821 526 1126 566 sceleratissima
1151 527 1390 566 feminarum
1416 528 1578 567 calami-

209 588 336 625 tatem
362 589 541 625 nostram
567 588 775 626 cruentato
800 588 953 638 pariete
978 586 1141 626 imitata
1165 590 1237 638 est,
1270 590 1576 639 expavescimus.

211 660 313 697 quae
351 647 562 698 diligentia
605 647 815 686 sollicitior
858 647 953 697 fuit,
998 660 1046 686 ne
1086 647 1464 698 deprehenderetur:
1504 649 1579 689 hoc

208 708 337 758 magis
374 707 571 747 indicavit
602 706 678 746 sibi
711 707 844 746 oculos
876 720 957 747 11011
987 707 1172 747 defuisse.
1234 710 1387 761 gratias
1422 710 1578 763 agimus

209 767 316 818 quod
348 767 517 806 nimium
548 767 665 806 avide
697 768 933 819 suspicionis
964 768 1007 807 in
1038 769 1218 807 nostram
1247 769 1458 809 transtulit
1486 782 1578 822 par·
1598 784 1633 810 ιο

208 830 302 867 tem.
358 841 437 866 non
470 839 553 866 esse
585 827 692 867 caeci
724 828 850 867 scelus
882 827 1085 867 difficilius
1110 828 1360 880 probaretur,
1391 830 1470 869 nisi
1495 843 1578 870 om-

209 889 278 928 nia
311 888 366 926 sic
398 890 489 926 acta
521 890 663 937 essent,
695 890 741 926 ut
771 888 910 928 fecisse
943 901 1081 928 caecus
1113 889 1326 929 videretur.

161 947 185 984 2
304 947 433 993 Quare
458 949 595 1000 igitur,
625 948 786 998 iudices,
818 961 898 987 non
926 948 1092 1000 inprobe
1118 951 1362 1000 speraverim
1385 951 1577 1001 futurum,

210 1010 256 1047 ut
294 1010 479 1059 suspecta
516 1010 596 1047 sint
632 1008 745 1048 vobis
785 1021 885 1060 quae
919 1010 1004 1048 tam
1035 1010 1327 1050 inconsiderate
1358 1010 1453 1050 ficta
1484 1014 1579 1050 sunt

211 1070 350 1108 contra
386 1069 573 1107 miseram
610 1070 855 1107 caecitatem.
917 1070 1093 1119 primum
1128 1070 1235 1120 quod
1267 1071 1443 1123 spatium
1473 1071 1578 1111 illud
1598 1084 1631 1112 15

210 1130 350 1180 ingens
383 1129 522 1168 domus
556 1129 662 1179 quod
691 1130 735 1167 111
765 1129 896 1169 medio
929 1130 1024 1180 fuit,
1065 1131 1125 1169 ita
1156 1129 1312 1182 digesto
1345 1144 1484 1171 cruore
1515 1144 1577 1172 sa·

204 1183 356 1228 ‘tiatum
383 1190 443 1228 est
473 1201 598 1239 usque
630 1189 680 1228 ad
712 1189 939 1228 cubiculum
968 1191 1147 1229 miserini
1172 1192 1339 1241 iuvenis,
1369 1194 1578 1243 tamquam

210 1249 329 1301 plane
360 1250 541 1288 timuerit
570 1250 785 1300 parricida,
815 1263 864 1288 ne
895 1263 975 1290 11011
1007 1250 1378 1302 deprehenderetur.
1435 1252 1577 1292 deinde

210 1309 349 1349 sceleri
374 1322 453 1349 nox
477 1311 730 1361 potissimum
756 1310 882 1349 electa
909 1323 986 1361 quo
1011 1311 1191 1362 tempore
1216 1313 1388 1351 inveniri
1407 1314 1576 1353 maritus

210 1369 294 1409 sine
332 1382 452 1408 uxore
489 1383 570 1409 11011
605 1371 750 1421 posset.
811 1372 899 1410 tum
937 1370 1073 1422 caede,
1111 1373 1154 1410 in
1191 1385 1271 1423 qua
1301 1386 1417 1412 nemo
1448 1374 1578 1413 utitur
1597 1387 1632 1414 20

210 1442 281 1469 suo
313 1430 418 1469 ferro
450 1431 528 1469 nisi
554 1430 696 1480 alieno,
728 1430 885 1483 gladius
912 1430 1190 1482 adulescentis,
1221 1446 1270 1472 ne
1296 1435 1578 1485 argumentum

210 1489 365 1529 deesset
388 1503 592 1541 novercae,
620 1491 793 1530 relictus.
849 1492 1050 1542 postremo
1073 1494 1283 1544 peractum
1307 1493 1472 1533 vulnere
1495 1506 1576 1535 uno

210 1550 337 1589 scelus
370 1549 477 1601 quod
511 1550 733 1590 obiceretur
763 1551 946 1591 manibus
973 1553 1154 1592 errantis.
1212 1554 1252 1592 et
1275 1553 1412 1593 tamen
1437 1556 1577 1594 contra

210 1612 294 1649 tam
331 1611 461 1648 multa
498 1611 749 1650 incredibilia
786 1612 915 1651 solum
953 1612 1124 1652 advocat
1159 1625 1331 1654 noverca
1360 1615 1576 1654 testamen-

209 1671 296 1708 tum
333 1670 499 1720 vultque
537 1670 638 1709 illud
676 1683 758 1710 esse
795 1673 968 1723 pretium
1005 1673 1230 1724 parricidii,
1269 1676 1316 1713 ut
1352 1687 1486 1714 rerum
1515 1676 1575 1714 in-
1596 1688 1630 1715 25

307 1776 326 1806 2
355 1774 392 1807 et
412 1784 456 1809 ex
474 1774 518 1808 111
542 1780 585 1808 Μ
642 1774 891 1819 probaveritis
911 1781 991 1810 BV:
1019 1776 1236 1822 probaverit
1254 1777 1390 1824 reliqui
1450 1781 1471 1812 3
1496 1788 1576 1813 mo-

209 1819 313 1856 ribus
346 1821 413 1856 del.
438 1820 520 1857 Obr
630 1785 667 1856 5p
683 1824 791 1858 erant
816 1829 871 1859 M:
905 1824 1014 1858 erunt
1039 1830 1077 1859 Β
1106 1826 1165 1870 (ex
1196 1835 1287 1860 erun
1318 1837 1408 1862 corr.
1436 1827 1474 1871 ὃ)
1503 1832 1576 1870 Vm

211 1871 231 1903 7
257 1868 408 1904 imitata
433 1870 475 1904 i‘n
498 1881 571 1905 ras.
598 1876 641 1904 M
735 1871 997 1907 Ssollicitior:
1028 1871 1212 1909 sollicitor
1236 1879 1274 1908 P
1368 1873 1441 1919 dep
1442 1874 1575 1910 rehen-

211 1915 376 1952 deretur:
409 1917 704 1973 prehenderetur
728 1925 784 1963 M,
817 1919 864 1955 de
889 1930 989 1966 supr.
1015 1934 1058 1955 m
1156 1924 1176 1955 9
1202 1920 1325 1968 magis
1349 1886 1441 1958 del}³
1443 1922 1525 1958 Obr.

213 1968 256 1999 10
290 1965 528 2010 suspicionis:
565 1967 611 2010 cf.
632 1967 736 2003 Dess.
758 1978 797 2013 Ρ
820 1971 894 2004 100
993 1972 1035 2004 12
1069 1970 1156 2004 acta
1186 1970 1327 2006 essent:
1360 1972 1575 2006 acraement

210 2019 280 2047 BV
306 2014 414 2059 (falso
445 2025 490 2050 ex
514 2020 551 2049 Β
582 2018 800 2062 agraessent
831 2016 1025 2052 adnotavit
1049 2017 1267 2063 Enderlet'aen)
1381 2021 1426 2054 13
1457 2018 1575 2065 igitur

209 2083 278 2108 om
304 2083 346 2116 βγ
434 2078 476 2108 14
509 2074 600 2110 sint:
628 2075 647 2109 s
670 2082 708 2110 Β
787 2078 830 2112 17
862 2076 1030 2112 miserini
1061 2078 1224 2122 correoei;
1255 2078 1300 2122 cf.
1321 2078 1410 2122 Leo,
1436 2079 1575 2115 Archiv

211 2121 273 2156 lat.
294 2122 385 2156 Lex.
407 2123 497 2157 XII
515 2124 658 2178 (1900),
678 2126 728 2159 96
753 2128 786 2160 et
811 2135 889 2172 cap.
912 2127 947 2168 5,
969 2136 1006 2171 Ρ.
1025 2127 1143 2169 7,18,
1167 2125 1296 2162 miseri
1320 2136 1411 2162 corr.
1433 2138 1478 2163 ex
1503 2127 1574 2163 mi-

210 2169 321 2204 serim
357 2176 408 2213 Β;
444 2170 645 2207 miserrimi
679 2173 814 2218 reliqui
920 2176 964 2208 18
1001 2152 1138 2210 deinde
1171 2185 1216 2210 ex
1251 2173 1407 2210 deindes
1442 2181 1480 2209 Β

211 2220 254 2251 19
282 2217 449 2254 invenire
468 2225 517 2262 M,
544 2230 633 2256 corr.
654 2234 697 2255 m
771 2224 815 2256 20
841 2222 940 2257 111111.
967 2232 1053 2257 011111
1070 2228 1104 2257 J
1171 2222 1302 2259 caede:
1329 2222 1369 2258 in
1389 2223 1505 2259 caede
1529 2231 1574 2258 ες

211 2281 254 2312 21
276 2277 350 2313 nisi
371 2277 510 2314 alieno:
531 2283 667 2315 rectene
688 2281 894 2316 traditu-m?
913 2281 1002 2317 nisi:
1030 2271 1055 2318 11
1074 2293 1118 2317 eae
1137 2285 1162 2316 fi
1182 2288 1224 2318 M
1279 2281 1524 2319 adoliscentis
1538 2289 1575 2318 Β

211 2328 256 2360 22
290 2325 444 2362 relictus
480 2338 636 2377 noverce
669 2329 732 2365 sed
761 2333 901 2377 transp.
927 2335 956 2364 V
1048 2333 1091 2366 23
1127 2330 1339 2367 obiceretur
1371 2341 1417 2368 ex
1448 2331 1572 2368 obice-

209 2399 356 2433 ceretur
374 2404 426 2441 B;
453 2398 687 2445 obigceretur
712 2402 747 2447 (e
772 2401 864 2447 er.?)
890 2408 933 2437 M
1031 2390 1135 2438 agua
1154 2408 1191 2437 Β
