1638 2560
156 85 190 121 X
699 87 990 125 PRAEFATIO.

158 202 355 241 mationes
386 201 543 241 inutilis
577 204 654 252 est,
694 215 784 241 cum
816 216 862 241 ea
902 203 1047 253 quibus
1081 216 1104 242 a
1137 204 1427 257 Bambergensi
1459 204 1539 244 dis-

158 263 282 301 sentit
313 263 529 300 maximam
561 264 720 312 partem
750 264 872 302 meris
904 263 1127 303 debeantur
1159 265 1410 305 coniecturis.

250 321 361 368 Quae
392 322 559 362 librario
592 323 733 373 culpae
772 323 862 362 dari
898 326 1104 375 nequeunt
1142 338 1190 364 ea
1221 326 1350 365 multo
1381 325 1539 365 fidelius

158 384 336 422 servavit
367 383 471 422 alius
504 383 627 422 codex
652 384 735 421 iam
767 386 860 422 ante
889 384 1119 423 Parisinum
1152 399 1200 424 ex
1231 385 1539 439 Bambergensis

158 443 376 494 archetypo
418 443 658 493 descriptus,
701 444 789 483 dico
828 443 1066 484 Leidensem
1097 445 1389 486 Vossianum
1420 447 1540 486 lati-

157 517 266 542 num
306 504 356 542 in
401 506 575 554 quarto
611 499 740 558 1111)
774 498 854 558 (V)
883 499 1000 560 (22,7
1030 514 1087 547 ><
1111 508 1208 557 13,3
1236 502 1330 561 cm).
1378 509 1439 546 est
1469 507 1540 546 ille

157 563 483 603 membranaceus
510 565 660 603 saeculi
691 564 838 604 decimi
864 566 1044 606 exeuntis
1077 567 1141 606 vel
1166 566 1369 606 undecimi
1398 569 1540 607 ineun-

156 625 210 663 tis
251 624 441 663 foliorum
483 625 566 663 138
610 637 797 664 versuum
840 627 1017 665 28—29
1061 622 1172 681 (inde
1215 641 1237 666 a
1277 628 1377 668 folio
1422 623 1540 683 104),

158 697 328 734 quorum
348 686 523 736 primum
551 685 709 735 excidit,
734 687 781 724 ut
800 685 883 724 iam
907 688 1062 726 restent
1086 689 1170 726 137
1193 688 1304 727 folia.
1361 688 1430 727 fol.
1454 690 1537 728 136

156 746 291 784 textus
323 746 456 784 media
487 745 530 783 in
557 746 848 785 declamatione
876 747 972 785 XIX
1004 743 1201 802 desinit.²)
1257 749 1416 799 reliqua
1445 761 1540 800 pars

156 806 266 844 illius
292 806 381 845 folii
407 808 447 845 et
473 807 616 844 folium
645 807 727 845 137
755 819 883 846 vacua
912 809 1016 847 sunt.
1075 808 1172 847 ordo
1199 809 1542 849 declamationum

158 868 219 905 est
252 868 288 904 2.
314 868 350 905 1.
373 868 531 906 3—19.
589 867 767 906 codicem
793 868 1051 907 confecerunt
1076 869 1235 908 librarii
1258 871 1341 909 tres
1369 883 1540 921 quorum

157 927 329 976 primus,
363 927 542 966 omnium
575 927 918 977 accuratissimus,
951 929 1114 979 scripsit
1146 930 1213 968 fol.
1245 931 1404 980 1-47,
1436 931 1542 970 alter

157 987 225 1026 fol.
260 987 481 1037 48-116,
525 988 669 1026 tertius
719 988 889 1038 reliqua.
894 983 928 1043 8)
998 991 1154 1040 primae
1199 990 1542 1030 declamationum

156 1047 318 1086 litterae
344 1048 527 1087 caeruleo
554 1048 618 1087 vel
643 1048 764 1088 rubro
790 1050 922 1088 colore
948 1051 1083 1100 pictae
1109 1052 1213 1089 sunt.
1272 1064 1374 1102 quae
1400 1064 1540 1102 pecca-

157 1110 317 1157 verant,
362 1108 519 1147 librarii
563 1109 727 1160 linguae
764 1110 916 1149 latinae
960 1124 1041 1149 non
1081 1112 1217 1173 ignari
1256 1113 1337 1162 ipsi
1381 1112 1429 1151 de
1468 1124 1540 1151 suo

157 1171 414 1207 correxerunt
448 1182 576 1219 neque
618 1170 731 1208 aliud
768 1171 972 1220 exemplar
1009 1158 1207 1210 adierunt.
1264 1172 1541 1225 distinguendi

158 1230 278 1267 notae
321 1230 621 1268 accuratissime
662 1231 818 1280 positae
861 1233 964 1270 sunt.
1029 1233 1055 1270 d
1086 1233 1225 1271 littera
1267 1235 1362 1272 ante
1398 1234 1424 1282 f
1450 1235 1490 1272 et
1522 1245 1541 1272 s

158 1289 240 1328 fere
272 1302 428 1339 semper
454 1291 712 1329 assimilatur.
760 1294 775 1330 t
799 1293 840 1330 et
865 1303 895 1337 c,
923 1304 942 1330 c
968 1293 1009 1331 et
1034 1305 1080 1331 ac
1105 1294 1338 1343 saepissime
1364 1306 1540 1333 commu-

156 1351 308 1388 tantur.
378 1351 598 1400 scripturas
645 1352 869 1403 singulares
914 1366 1103 1392 enumero
1147 1353 1238 1392 has:
1291 1354 1540 1393 adholescens

159 1403 308 1463 (scriba
326 1405 397 1464 ΙΙ),
421 1411 560 1459 adque,
581 1412 791 1457 archanus,
813 1413 1083 1458 benivolentia,
1103 1414 1344 1463 calumpnia,
1365 1415 1541 1464 cathena,

158 1471 393 1518 dampnum,
425 1472 581 1520 inquid,
613 1472 803 1522 iutelliyo,
842 1474 1000 1522 langor,
1030 1475 1167 1520 michi,
1203 1475 1342 1521 nichil,
1375 1476 1542 1514 obtimus

159 1525 251 1584 (scr.
271 1525 344 1585 ΙΙ),
370 1532 454 1570 0th
482 1527 573 1585 (scr.
598 1527 672 1587 Π),
698 1534 864 1579 occulus,
892 1534 1152 1583 sepulchrum,
1178 1547 1378 1584 sompnus,
1404 1537 1539 1585 sydus,

158 1591 323 1637 thorum,
355 1592 482 1631 velud.

248 1651 428 1690 Primum
462 1653 607 1692 folium
639 1653 869 1693 Vossiani
901 1667 1006 1693 nunc
1045 1655 1299 1707 deperditum
1331 1657 1542 1708 suppletur

159 1711 293 1751 codice
334 1712 555 1752 Seldensi
587 1713 657 1752 Nr.
690 1709 789 1768 364)
834 1714 930 1754 olim
970 1716 1087 1755 3350
1128 1716 1396 1757 bibliothecae
1435 1717 1541 1756 Bod-

158 1772 327 1823 leyanae
363 1773 667 1813 membranaceo
705 1775 836 1813 forma
876 1777 1052 1815 maxima
1093 1771 1213 1831 (39,3
1235 1785 1293 1819 ><
1315 1779 1414 1827 20,4
1446 1773 1540 1832 cm).

157 1832 261 1871 liber
291 1834 352 1872 est
383 1834 663 1874 miscellaneus
703 1835 953 1874 saeculorum
988 1838 1177 1886 12—14,
1210 1838 1401 1877 foliorum
1443 1838 1540 1877 169.

158 1893 289 1943 primo
322 1894 421 1943 loco,
454 1895 520 1932 fol.
550 1896 695 1933 2—69
729 1898 822 1945 post
846 1897 1022 1946 primum
1052 1898 1194 1936 folium
1228 1898 1335 1948 quod
1361 1898 1541 1937 continet

159 1954 292 2003 initia,
324 1957 370 1992 ut
395 1954 566 2004 videtur,
592 1955 851 2005 psahnorum,
878 1957 1068 2007 leguntur
1094 1958 1408 1997 declamationes
1434 1958 1540 1998 binis

159 2014 354 2053 columnis
388 2015 442 2053 36
482 2028 669 2054 versuum
708 2017 880 2066 scriptae
921 2017 970 2055 ab
1008 2030 1087 2057 uno
1126 2018 1293 2057 librario
1333 2019 1437 2058 circa
1470 2032 1539 2058 an-

158 2088 255 2113 num
278 2077 393 2114 1200
413 2075 540 2114 nitide
561 2078 601 2114 et
621 2078 853 2115 constanter
878 2077 1072 2116 adhibitis
1093 2078 1340 2129 compendiis
1366 2081 1540 2118 maxime

258 2226 291 2271 1)
319 2225 364 2262 cf.
386 2226 614 2271 Hammer,
641 2239 676 2272 p
701 2231 757 2271 15,
784 2227 1028 2272 Dessauer,
1056 2242 1092 2275 p
1116 2233 1171 2264 18.

257 2279 291 2319 2)
319 2274 364 2309 cf.
387 2275 435 2310 ad
462 2287 497 2320 p.
520 2278 601 2319 347,
623 2279 655 2310 2.

257 2324 292 2369 3)
319 2322 365 2358 cf.
387 2323 436 2358 ad
462 2335 499 2369 p.
523 2327 602 2367 132,
625 2327 669 2359 22
696 2325 734 2359 et
761 2327 842 2369 302,
865 2328 920 2360 18.

256 2373 291 2418 4)
319 2371 365 2406 cf.
387 2371 630 2416 Dessauer,
657 2384 694 2418 p
716 2375 773 2407 20.
