1638 2560
153 72 241 123 328
318 55 324 59 “
556 72 759 109 INFAMIS
783 72 838 108 m
863 72 1079 109 MATREM
1102 73 1121 108 1

152 187 350 237 formitas,
381 187 639 238 pulchritudo
670 201 750 227 non
783 189 916 239 auget.
980 200 1114 227 amare
1147 187 1294 229 liberos
1326 201 1430 233 unus
1461 189 1530 229 ad-

152 248 281 287 fectus
314 250 384 287 est.
446 248 576 299 liberi,
607 249 765 298 marite,
797 248 916 287 liberi
947 261 1028 287 non
1060 251 1248 291 amantur
1279 249 1420 300 oculis,
1449 263 1530 291 non

152 308 433 359 complectitur
462 311 594 348 mater
625 323 711 359 ore,
742 322 823 348 non
854 309 989 361 vultu,
1025 309 1093 349 sed
1126 311 1187 350 est
1217 311 1261 349 in
1291 309 1376 351 filio
1405 312 1531 353 matri

152 370 285 408 nescio
331 369 428 419 quid
469 370 630 408 homine
680 371 904 409 formosius.
968 370 1097 420 possit
1146 370 1318 411 forsitan
1368 371 1529 412 novitas

152 430 369 468 sollicitare
395 430 516 479 visus,
550 443 776 481 expugnare
806 433 978 481 mentes,
1010 430 1052 468 in
1077 431 1221 470 matris
1247 434 1414 483 aspectu
1439 445 1530 473 coa-
1553 445 1583 473 ·5

151 490 267 528 lescit
303 490 494 540 infantia,
532 491 709 541 pueritia
741 491 964 543 consurgit,
1002 492 1170 531 iuventa
1202 491 1403 543 subrepit,
1440 505 1528 544 spe·

151 550 302 589 ciosum
343 563 460 590 suum
505 551 649 590 cotidie
688 551 817 599 videt,
861 552 1045 602 miratur,
1091 552 1362 603 amplectitur.
1425 566 1529 605 quae

149 610 306 649 tamdiu
339 612 502 660 amavit,
535 612 694 662 quando
726 612 899 663 incipiat
931 626 1065 652 amare
1098 611 1308 652 desinere?
1356 627 1437 654 non
1469 619 1530 655 est

150 683 261 721 opus,
293 671 573 711 nocentissime
605 685 736 722 seneX,
769 673 820 711 ad
851 673 927 712 hoc
954 674 1068 713 nefas
1101 674 1272 714 caritate
1298 674 1368 714 sed
1393 688 1528 717 amen-

147 732 220 780 tia,
246 731 315 770 sed
334 731 476 771 furore.
528 735 575 771 ut
599 734 642 771 in
667 734 812 771 iuvene
839 746 910 773 suo
937 735 1068 773 mater
1092 735 1224 785 possit
1245 736 1527 787 concupiscere
1546 748 1584 777 ιο

150 792 256 842 quod
287 792 484 831 formosus
517 796 590 842 est,
622 794 752 832 oderit
784 796 945 844 oportet
975 794 1085 845 quod
1114 795 1222 835 filius
1249 798 1329 847 est,
1360 798 1403 836 et
1427 796 1526 836 adeo

147 854 270 892 sacris
310 852 531 893 adfectibus
569 867 650 892 non
691 854 907 893 adiuvatur
942 856 985 894 in
1024 856 1198 907 facinus,
1240 857 1287 895 ut
1325 857 1376 896 ad
1416 857 1527 896 aliud

147 913 226 951 nisi
257 926 329 963 per
363 913 605 953 oblivionem
638 915 701 954 sui
731 916 904 954 transire
935 929 1016 955 non
1048 916 1187 967 possit.

77 973 128 1010 10
241 972 372 1019 Quid?
410 975 517 1024 quod
549 977 589 1013 et
619 976 685 1014 hic
715 976 991 1015 incredibilius
1024 978 1085 1016 est
1116 976 1224 1028 quod
1258 990 1398 1028 parem
1429 977 1527 1018 duo-

147 1047 238 1071 rum
270 1035 401 1084 poscit
430 1035 660 1074 insaniam?
691 1038 732 1074 et
758 1037 808 1075 ad
837 1037 1035 1076 incestum
1061 1050 1161 1088 opus
1187 1039 1261 1088 est,
1292 1039 1339 1078 ut
1365 1032 1527 1078 adamet
1546 1052 1581 1085 15

148 1095 189 1132 et
219 1093 338 1143 filius,
369 1108 449 1133 non
474 1097 520 1134 ut
546 1096 764 1135 adametur.
817 1097 866 1136 ab
899 1099 990 1137 utro
1025 1098 1166 1138 deinde
1192 1099 1317 1139 vultis
1348 1099 1527 1150 incipere

147 1167 302 1204 preces,
334 1156 469 1194 venire
507 1156 757 1196 sermonem?
821 1158 984 1197 audebit
1014 1159 1090 1198 hoc
1121 1172 1265 1210 rogare
1302 1159 1410 1206 filius
1441 1173 1525 1201 ma-

146 1213 277 1252 trem?
309 1218 439 1254 mater
469 1217 544 1255 hoc
575 1218 871 1267 inpetraturam
902 1232 943 1258 se
976 1219 1156 1270 sperabit
1187 1233 1211 1259 a
1243 1219 1359 1259 filio?
1419 1221 1527 1260 hunc

148 1275 329 1314 animum
360 1278 495 1325 tuum,
530 1290 666 1327 senex,
706 1292 878 1328 quocum
915 1281 1089 1320 maxime
1120 1282 1248 1331 taces,
1287 1282 1322 1320 si
1352 1293 1434 1320 non
1465 1284 1527 1321 est

147 1335 307 1385 callida,
338 1349 419 1375 non
450 1338 629 1389 maligna
656 1338 875 1389 simulatio,
908 1340 955 1379 de
982 1340 1058 1380 fide
1085 1342 1193 1380 tanti
1218 1341 1378 1381 sceleris
1401 1343 1525 1381 inter-
1545 1355 1583 1385 so

145 1407 263 1447 rogo,
302 1410 352 1435 an
391 1398 525 1447 potest
562 1401 692 1438 mater
731 1400 944 1439 admittere
977 1401 1084 1452 quod
1121 1402 1236 1452 loqui
1272 1415 1354 1442 non
1390 1404 1526 1453 potest

144 1454 292 1506 pater?

239 1512 465 1566 eSpeciosus
498 1516 603 1558 fuit?
654 1520 754 1559 libet
785 1522 1036 1574 interrogare
1067 1523 1143 1562 hoc
1175 1523 1263 1563 loeo
1291 1536 1428 1563 omnes
1452 1524 1525 1563 hu-

145 1578 257 1615 mani
294 1578 449 1628 generis
488 1579 679 1619 adfectus.
742 1581 877 1631 placet
915 1596 1028 1635 ergo,
1066 1585 1113 1622 ut
1145 1585 1180 1624 si
1216 1583 1300 1623 filio
1333 1585 1526 1638 optigerit

144 1637 420 1689 indulgentior
463 1639 606 1690 facies,
645 1641 781 1681 vultus
824 1644 1009 1693 erectior,
1053 1644 1232 1696 refugiat
1271 1647 1401 1692 mater
1442 1658 1525 1685 am-
1545 1658 1580 1689 ιδ

145 1696 316 1748 plexus?
380 1700 414 1738 si
445 1700 645 1751 virginem
676 1715 803 1752 usque
836 1703 887 1741 ad
919 1704 1141 1743 notabilem
1173 1706 1346 1755 speciem
1376 1707 1526 1744 natura

145 1758 400 1808 formaverit,
443 1761 588 1799 timeat
632 1762 768 1800 oscula
817 1765 935 1813 pater
978 1760 1238 1815 horreatque‘
1268 1760 1525 1805 contactum?

146 1818 203 1856 dii
245 1818 421 1870 deaeque
459 1821 564 1859 male
602 1822 790 1872 perdant·
813 1825 901 1862 tam
937 1825 1176 1875 inpudentes
1222 1826 1525 1877 sollicitudines,

244 1937 261 1968 1
290 1933 506 1979 pulcritudo
534 1935 572 1982 (h
597 1939 713 1983 supr.)
733 1944 771 1972 Β
892 1941 980 1986 aget
1006 1947 1051 1985 P,
1075 1953 1101 1976 u
1125 1954 1227 1988 supr.
1246 1956 1275 1983 p
1388 1952 1525 1982 ¹amare

145 1982 274 2016 autem
299 1981 438 2018 liberos
465 1992 485 2026 β
600 1988 620 2021 2
647 1985 758 2020 liberi
785 1991 869 2022 ante
894 1999 969 2023 non
997 2001 1064 2025 om.
1091 1996 1119 2024 V
1228 1994 1250 2026 4
1276 1990 1430 2027 homine
1454 2001 1523 2027 om.

148 2034 178 2063 V
277 2030 503 2076 formosssius
528 2039 566 2067 Β
684 2037 704 2068 5
733 2034 894 2071 sollicite
919 2043 948 2070 V
1059 2038 1226 2074 cobescit
1249 2045 1279 2074 V
1389 2041 1410 2074 6
1437 2038 1525 2074 sub-

103 2126 106 2129 ,
142 2076 272 2127 repssit
289 2085 327 2114 B
405 2083 426 2115 8
454 2091 477 2115 a
501 2082 624 2116 matre
649 2088 718 2116 BV
794 2087 814 2117 9
840 2084 954 2119 nefax
975 2092 1017 2120 M
1095 2091 1138 2122 12
1165 2087 1263 2122 illud
1284 2095 1305 2122 ς
1386 2090 1430 2122 13
1456 2098 1526 2133 per

142 2161 211 2186 om.
231 2156 270 2185 Β
379 2156 422 2187 14
454 2154 667 2200 ΡαΞτθΠι-(ᾑ
692 2156 754 2200 er.)
776 2161 819 2189 M
924 2161 967 2192 15
997 2147 1185 2195 incertgm
1209 2164 1247 2194 Β
1351 2146 1521 2195 adamet:

142 2198 324 2234 admanet
348 2206 399 2244 Β;
427 2201 632 2237 admoneat
657 2209 700 2237 M
835 2208 878 2239 16
906 2206 1107 2242 adamatur
1132 2214 1169 2243 Β
1295 2208 1457 2254 utroque
1483 2213 1527 2243 M

143 2268 188 2307 18
214 2270 475 2317 inperaturam
500 2280 529 2307 V
628 2276 794 2320 speravit
819 2282 889 2311 BV
989 2282 1034 2313 24
1062 2268 1286 2327 optegiterit
1311 2280 1338 2326 (i
1362 2291 1464 2326 supr.
1484 2282 1522 2326 δ)

139 2325 194 2376 -Βς
226 2321 368 2366 optimo
401 2322 540 2368 tegerit
569 2329 598 2357 V
715 2327 761 2359 25
793 2324 995 2372 amplexu}
1025 2334 1052 2362 V
1177 2332 1222 2365 28
1258 2328 1445 2374 pudentes
1471 2334 1522 2373 Μ,

141 2379 156 2402 1
181 2379 282 2414 supr.
303 2383 346 2404 m
1450 2387 1453 2402 ³
