1638 2560
180 82 267 124 282
705 78 807 115 onn
830 76 975 114 POTIO
1002 76 1037 111 11

181 197 292 236 cuius
317 209 389 247 per
412 195 514 234 hanc
541 194 791 246 expugnatus
818 190 1002 232 animus?
1047 192 1136 242 quis
1163 190 1345 242 queritur
1368 188 1554 230 iuvenis?

182 258 270 308 quis
308 254 451 295 senex?
496 255 584 305 quis
623 252 761 293 dives?
806 254 895 304 quis
926 265 1081 303 pauper
1119 249 1251 291 alius?
1311 251 1355 290 in
1385 251 1426 291 te
1458 263 1552 304 ergo

181 318 265 357 solo
304 315 494 364 venefica,
537 316 580 353 in
618 316 657 354 te
701 315 862 353 tantum
907 313 1019 352 aliud
1061 313 1141 351 ista
1186 324 1307 362 quam
1349 311 1550 351 meretrix.

180 377 303 417 vultis
334 376 611 428 integritatem
642 375 799 426 puellae
832 374 1010 413 breviter
1041 370 1236 424 probem?
1295 372 1399 412 hanc
1431 385 1553 423 quam

179 451 283 477 nunc
319 449 473 487 pauper
510 436 743 484 detestatur,
791 437 969 483 accusat,
1015 445 1150 472 amare
1190 432 1343 472 mallet.
1406 432 1553 482 omnia,
1591 444 1607 472 5

178 498 340 546 iudices,
372 497 562 545 facinora,
595 497 638 534 ni
669 496 800 545 fallor,
833 507 972 534 causas
999 494 1064 533 vel
1090 493 1138 533 de
1165 492 1388 544 cupiditate
1413 493 1479 532 vel
1504 493 1553 533 de

179 557 451 598 simultatibus
482 557 658 596 trahunt.
723 555 830 606 quod
862 555 1000 594 odium
1031 553 1079 593 de
1112 555 1291 593 amatore
1322 551 1554 593 meretrici?

180 631 280 669 quae
312 617 462 668 praeda
494 617 541 655 de
572 614 778 668 paupere?

269 674 460 724 ‘Odium',
504 678 653 728 inquit,
687 673 865 727 ‘accepi'
931 675 1091 726 ecquid,
1135 675 1305 725 iudices,
1349 675 1448 714 satis
1489 687 1552 714 me

179 740 317 777 contra
359 739 571 776 infamiam
613 737 757 776 veneni
800 737 865 776 vel
909 736 1038 775 solum
1082 735 1364 775 medicamenti
1407 747 1553 774 nomen
1573 748 1608 775 ιο

179 797 429 838 absolveret}>
490 811 562 837 nec
606 798 785 847 invenio,
831 810 901 836 cur
942 797 1086 836 debeat
1127 796 1237 836 idem
1272 795 1401 835 videri
1443 795 1553 846 quod

180 872 259 898 non
289 860 423 910 potest
453 858 559 897 idem
590 859 736 897 vocari.
802 857 991 909 agedum,
1023 856 1198 907 iuvenis,
1234 857 1411 907 potionis
1443 856 1552 907 inple

177 919 294 958 huius
331 919 629 958 inmanitatem:
669 918 749 958 dic:
787 914 940 957 ‘odium
978 917 1115 968 accepi
1152 919 1292 956 contra
1329 917 1553 969 coniugem,

179 982 317 1019 contra
354 979 498 1018 liberos
537 992 663 1029 meos,
701 980 760 1018 ut'
779 992 803 1018 a
834 981 957 1018 sacris
997 990 1189 1018 avocarer
1226 976 1468 1027 adfectibus,
1506 979 1553 1016 ut

178 1040 347 1092 pignora
379 1041 517 1080 sancta
549 1036 818 1090 despicerem.’
877 1038 979 1078 illud
1011 1039 1148 1078 odium
1179 1038 1222 1076 in
1253 1038 1461 1077 meretrice
1492 1037 1551 1076 fa·
1573 1051 1607 1077 15

179 1101 290 1139 cinus
323 1102 383 1139 est
415 1113 492 1150 quo
524 1101 654 1139 utitur
684 1101 727 1138 in
759 1100 821 1139 sui
854 1100 1076 1139 caritatem.
1127 1100 1187 1138 ita
1217 1099 1282 1138 vel
1312 1098 1388 1137 hoc
1423 1098 1554 1138 solum

179 1160 327 1200 sufficit
357 1161 603 1199 excusationi
634 1161 741 1211 quod
773 1161 845 1199 illa
877 1162 1017 1199 contra
1049 1173 1089 1200 se
1121 1160 1282 1199 tantum
1313 1158 1436 1198 dedit.

272 1218 462 1270 ‘Odium',
491 1221 635 1271 inquit,
663 1218 840 1271 ‘accepi’
893 1234 998 1260 nunc
1023 1222 1062 1259 te
1088 1220 1153 1260 hic
1178 1231 1356 1271 reposco,
1381 1220 1552 1269 iuvenis,

178 1282 374 1321 invidiam
400 1294 523 1332 quam
554 1282 740 1320 fortunae
772 1284 933 1321 nostrae
964 1282 1087 1332 paulo
1114 1282 1206 1319 ante
1232 1280 1418 1319 faciebas.
1470 1279 1552 1319 dic:

179 1338 383 1381 ‘meretrix
420 1342 548 1390 dedit,
586 1342 805 1392 prostituta
843 1338 1048 1392 porrexit.'
1112 1354 1135 1381 o
1169 1353 1292 1391 quam
1324 1342 1552 1390 timueram,
1572 1353 1607 1382 20

177 1415 226 1441 ne
252 1402 419 1441 diceres:
453 1399 711 1442 ‘amatorium
736 1399 824 1442 sui.’
877 1415 1071 1454 consurge
1101 1402 1284 1453 agedum,
1309 1400 1479 1451 iuvenis,
1512 1402 1554 1440 et

177 1462 274 1502 totis
301 1463 476 1513 corporis
510 1462 711 1513 animique
738 1462 890 1502 viribus
915 1463 1025 1513 inple
1052 1464 1260 1513 susceptae
1286 1460 1552 1501 accusationis

177 1523 390 1562 horrorem.
464 1525 523 1562 est
567 1523 674 1574 quod
717 1522 905 1562 audiente
956 1525 1045 1562 tota
1096 1523 1261 1563 civitate
1310 1522 1553 1574 proclames:

178 1579 436 1622 ‘miseremini
467 1584 563 1633 mei,
597 1584 804 1633 adiuvate,
837 1583 1066 1633 succurrite,
1101 1583 1185 1623 bibi
1217 1582 1553 1622 medicamentum

180 1643 348 1693 crudele,
381 1656 556 1692 saevum,
588 1644 688 1683 desii
719 1657 874 1694 pauper
906 1657 1041 1683 amare
1073 1645 1335 1683 meretricem.
1385 1643 1552 1682 iamiam
1572 1655 1607 1683 25

178 1716 257 1742 non
293 1703 484 1754 inquietis
525 1703 707 1743 noctibus
746 1717 872 1756 vagus
911 1705 1099 1745 vilissimi
1141 1705 1332 1755 cuiusque
1373 1703 1551 1754 perditos

177 1764 310 1814 patior
341 1765 456 1813 ictus,
487 1777 559 1803 nec
592 1765 771 1803 exclusus
798 1767 891 1804 ante
923 1765 1182 1816 lupanarium
1213 1765 1317 1804 fores
1345 1765 1553 1815 posterum

274 1894 294 1925 2
327 1890 393 1936 qui
420 1890 523 1926 dives
549 1897 585 1926 Β
681 1891 747 1937 qui
778 1903 924 1938 pauper
950 1899 1019 1928 BV
1136 1896 1157 1927 3
1190 1891 1372 1928 veneficia
1396 1897 1448 1935 Βς
1478 1891 1552 1926 -tia

183 1968 250 1998 VM
335 1961 431 1998 alius
457 1969 536 1998 ΒΜ
631 1966 652 1999 4
678 1964 899 2010 brevelviter
925 1971 976 2009 Β;
1003 1954 1070 2001 ber
1095 1955 1153 2001 uit
1178 1971 1207 2000 V
1299 1967 1320 2000 5
1348 1965 1494 2000 entatu:
1519 1969 1556 1998 P

178 2014 198 2046 6
231 2010 305 2046 nisi
336 2017 408 2054 Vtw
524 2012 565 2047 ni
593 2011 705 2047 fallor
730 2012 900 2048 facinora
925 2013 988 2049 sed
1014 2018 1155 2060 transp.
1178 2019 1221 2049 M
1314 2011 1492 2059 puditate
1517 2017 1556 2046 Β

180 2098 199 2129 7
226 2060 500 2142 511111113δ1ἒ18111
571 2099 592 2131 8
619 2107 734 2142 quae:
755 2108 829 2142 quo
852 2103 893 2131 M
965 2101 984 2132 9
1012 2097 1146 2143 etquid
1164 2103 1234 2132 BV
1305 2101 1348 2133 12
1375 2095 1492 2143 imple
1513 2104 1550 2131 e:

177 2142 295 2188 impie
320 2158 350 2178 ω
438 2147 481 2179 13
509 2144 630 2190 accipi
656 2151 694 2180 Β
770 2149 814 2179 14
840 2145 1051 2181 adfectibus
1078 2152 1114 2181 Β
1201 2149 1245 2181 15
1271 2145 1509 2181 meretricem
1533 2153 1553 2188 β

180 2195 223 2227 16
257 2191 359 2237 quod
383 2198 489 2228 ΒΜσ
585 2196 628 2229 18
654 2193 710 2228 ibi
730 2199 786 2238 Μ,
813 2193 875 2228 hic
897 2205 998 2239 supr.
1019 2209 1061 2229 m
1160 2198 1204 2230 21
1232 2194 1396 2231 atorium
1421 2199 1459 2228 Β

178 2240 237 2275 sui
264 2248 299 2275 e:
328 2239 401 2275 sibi
427 2255 456 2275 ω
555 2245 599 2276 22
628 2241 840 2287 animisque
867 2248 903 2276 Β
1008 2246 1054 2277 24
1080 2242 1168 2278 bibe
1194 2249 1231 2278 Β
1340 2245 1385 2278 26
1411 2241 1552 2288 quietis

178 2330 229 2368 Μ,
255 2327 271 2359 i
297 2336 397 2370 supr.
421 2339 464 2359 m
585 2313 764 2361 nofitibus
790 2332 826 2361 Β
947 2330 991 2361 27
1025 2301 1216 2373 1υραθὲ1111111
1241 2333 1292 2371 Β;
1325 2326 1554 2373 lupanarum

179 2383 252 2409 exc.
277 2373 382 2409 Mon.

1634 2388 1638 2406 l

1625 2443 1638 2560 i
