1638 2560
187 107 243 150 62
604 101 848 139 TRIBVNVS
874 100 1131 138 MARIANVS

186 225 220 262 et
250 223 400 271 fortior,
432 223 466 259 et
497 221 532 259 ei
561 220 642 258 vim
671 220 849 268 irroyare
874 217 1057 255 tribunus
1082 216 1206 255 voluit
1228 214 1462 256 imbecillis?
1507 226 1556 258 m

182 283 329 328 medio,
365 282 510 330 inquit,
548 280 638 319 belli
673 279 853 327 strepitu,
890 277 933 316 id
964 279 1037 323 est,
1073 278 1118 316 in
1155 276 1278 316 ocutis
1309 275 1475 321 civium,
1509 275 1556 319 in

187 343 393 387 communi,
425 344 513 380 ante
544 342 786 388 conspectum
809 339 1091 388 puynasntium.
1140 337 1209 376 sed
1234 348 1347 386 quem
1371 347 1453 377 non
1474 347 1557 385 μιν·

187 403 274 442 deat
310 404 354 441 in
389 403 450 441 his
485 402 623 440 saltem
660 400 840 448 operibus
878 399 995 438 etiam
1033 397 1295 447 deprehendi?
1356 399 1392 437 et
1426 397 1464 436 si
1499 397 1556 446 fe-

185 464 316 502 minae
346 463 560 507 miscearis,
590 462 627 500 si
657 463 792 500 eontra
821 462 1010 499 naturam
1040 470 1122 497 non
1147 462 1271 504 eneas,
1301 458 1390 507 qwis
1420 458 1466 497 in
1497 459 1555 496 ta·-
1577 469 1608 496 -5

186 524 288 562 libus
318 534 398 561 non
429 523 635 562 abhorreat
663 521 863 559 inveniri?
893 531 1006 569 quem
1029 530 1120 559 vero
1145 519 1267 558 multo
1294 518 1556 560 vehementiam

185 595 264 622 non
296 583 512 632 confundat
541 583 719 621 virorum
748 581 822 620 illa
852 581 981 629 turpis
1012 579 1260 619 comminatio?

139 645 163 682 5
278 644 332 682 In
368 654 454 689 vos,
497 654 518 682 o
554 642 720 688 iudice-5²,
761 644 796 681 et
830 642 958 690 mayis
997 642 1043 680 in
1078 651 1310 680 mnversmn
1346 640 1556 681 εωενσοῐιωηα

185 705 278 743 haec
308 704 470 753 refundi
499 703 653 742 videtur
684 702 887 741 calumnia
917 703 985 751 qwi
1008 701 1181 742 videntes
1211 701 1460 750 iniquitatem
1489 711 1556 739 ne-

185 766 346 813 fariam,
376 766 410 802 et
434 766 525 803 tunc
551 776 576 802 a
600 763 775 802 vindicta
799 774 975 808 manwm,
1007 764 1043 801 et
1065 773 1171 801 nwnc
1196 761 1377 811 binyuam
1402 772 1429 800 a
1452 761 1557 800 tesa-
1575 773 1612 808 10

185 826 314 863 monio
346 826 534 864 coercetis.
597 823 699 873 quod
722 823 867 872 procul
898 823 1016 862 dubio
1054 823 1308 862 temerarium
1339 832 1420 862 esse
1450 821 1556 861 iudi-

187 897 320 924 camus
352 887 386 924 et
415 886 600 933 impium,
637 887 681 923 ut
711 884 937 933 relictionem
961 883 1148 932 publicae
1177 883 1399 923 sanctitatis
1431 882 1558 931 turpi—

186 946 315 984 tudini
357 948 438 984 tam
481 945 664 983 obscenae
708 956 936 983 consensum
985 943 1266 983 crediderimus
1309 943 1555 992 praebuisse..

187 1008 352 1045 ceterum
382 1008 425 1044 ut
462 1005 509 1044 de
538 1005 675 1044 militis
708 1007 742 1044 et
778 1006 921 1043 actoris
952 1005 1036 1043 eius
1068 1007 1211 1044 constet
1239 1003 1463 1050 mendam,
1493 1014 1556 1042 ve·

186 1069 311 1104 strum
349 1067 434 1104 sisne
472 1066 574 1104 nube
613 1066 882 1114 manifestavit
919 1066 1130 1104 silentium.
1193 1065 1247 1104 ad
1278 1065 1556 1114 probationem
1575 1075 1609 1103 15

186 1127 346 1175 impacti
376 1127 567 1175 facinoris
597 1127 642 1164 in
672 1127 874 1165 tribunum
903 1127 1025 1164 unius
1057 1127 1254 1164 accusatio
1284 1126 1445 1175 linquae
1474 1135 1557 1167 non

185 1187 355 1235 suffieit,-
381 1187 557 1235 alioquin
582 1187 675 1235 leyis
701 1187 794 1225 latio
813 1198 990 1234 parvum
1007 1186 1181 1235 prodest,
1199 1187 1236 1225 si
1260 1186 1384 1225 solius
1403 1185 1555 1235 ayentis

186 1258 274 1286 voce
305 1247 407 1295 quod
437 1248 612 1292 obicitur,
644 1249 678 1285 et
700 1247 908 1296 probatur.
957 1249 1103 1295 oportet
1127 1249 1171 1286 ut
1195 1247 1383 1286 obiectum
1407 1246 1556 1287 ermen

186 1307 246 1346 vel
276 1308 439 1355 impetiti
462 1307 611 1355 prodat
641 1308 830 1356 confessio
854 1307 915 1346 vel
944 1309 1092 1347 invicta
1122 1308 1374 1357 manifestant
1402 1306 1556 1349 indicia

186 1367 246 1406 vel
276 1370 594 1416 aryumentorum
631 1367 893 1415 deficientium
930 1369 1052 1407 vicem
1083 1369 1305 1408 testimonia
1341 1379 1555 1415 conyruen-
1573 1379 1611 1413 29

187 1428 284 1466 tium
326 1428 535 1476 suppleant
569 1439 846 1476 personarum.
916 1429 1002 1467 sine
1044 1429 1105 1468 his
1149 1430 1298 1468 crimen
1339 1429 1556 1477 inwactwm

185 1488 286 1526 nihil
319 1489 480 1536 proficit
519 1488 572 1526 ad
613 1490 867 1527 conviciantis
903 1490 1117 1538 neyotiivm,
1156 1489 1226 1528 sed
1263 1489 1317 1528 ad
1353 1489 1556 1528 criminati

186 1550 331 1596 spectat
354 1549 580 1587 convicium.
631 1560 672 1587 eo
698 1551 839 1594 tamen,
869 1550 1083 1598 imperator
1100 1551 1295 1598 piissime,
1326 1548 1438 1588 miles
1462 1551 1556 1589 tuus

189 1610 222 1646 et
253 1610 342 1646 actu
365 1610 463 1647 vixit
489 1611 523 1647 et
546 1610 693 1654 habitu,
723 1612 768 1647 ut
793 1611 908 1648 etiam
933 1611 1035 1649 inter
1061 1622 1177 1649 arma
1200 1611 1424 1659 prostitisse
1448 1609 1556 1649 credi

180 1669 362 1716 potuerit.
423 1680 503 1707 non
534 1681 622 1708 amo
659 1670 893 1718 femininam
923 1671 1022 1709 cutis
1054 1683 1193 1710 curam
1222 1672 1267 1710 in
1297 1671 1437 1716 milite,
1473 1681 1609 1716 nonas

180 1728 445 1776 petulantiam
475 1730 686 1774 oculorum,
716 1741 796 1768 non
826 1731 994 1779 furtivos
1027 1734 1061 1770 et
1091 1732 1233 1771 oblicos
1262 1732 1445 1776 intuitus,
1473 1742 1555 1773 non

187 1789 313 1827 crines
345 1791 427 1827 arte
458 1791 701 1839 compositos,
738 1801 818 1828 non
849 1791 1072 1840 affectatam
1105 1794 1286 1841 qestwum
1315 1803 1386 1831 seu
1422 1791 1555 1830 verbe»

186 1860 277 1886 rum
316 1849 531 1894 mollitiem,
574 1861 654 1888 non
694 1850 857 1898 denique
897 1853 1158 1891 remissiorem
1197 1853 1410 1897 incessum,
1452 1851 1555 1890 nihil

187 1909 344 1947 omnino
382 1909 484 1956 quod
515 1910 567 1948 ad
604 1910 953 1949 lenocinamentum
989 1915 1162 1961 spectare
1192 1914 1321 1961 possit
1354 1912 1554 1952 lasciviae.

283 2002 304 2033 3
337 1999 524 2034 communi
551 2002 654 2035 ante:
689 2002 883 2044 cemeanhe
911 2006 954 2036 Ν
1045 2006 1063 2037 7
1090 2014 1166 2038 11011
1192 2013 1259 2039 om.
1281 2007 1327 2038 Ν
1417 2006 1439 2039 8
1470 2014 1552 2039 vos:
1590 1996 1597 2020 ³

186 2058 254 2082 nos
280 2051 324 2082 N
413 2048 535 2092 magis
562 2059 628 2083 om.
656 2049 698 2083 in
723 2049 857 2084 lacuna
885 2055 927 2084 Ν
1020 2055 1063 2086 10
1090 2052 1138 2098 a}
1163 2051 1202 2098 (d
1228 2053 1292 2098 er.)
1318 2057 1362 2086 M
1435 2063 1552 2087 nune:

186 2108 277 2142 tune
302 2111 346 2142 N
451 2111 493 2142 12
522 2109 560 2142 et
585 2108 743 2154 impium
769 2120 836 2145 om.
859 2115 902 2144 N
1013 2114 1057 2146 14
1082 2111 1233 2147 militis:
1260 2100 1391 2148 multiS
1418 2118 1461 2147 Μ

189 2159 231 2192 15
257 2155 358 2190 nube
384 2155 426 2190 in
451 2155 588 2191 lacuna
616 2167 683 2192 om.
705 2161 749 2191 Ν
841 2162 884 2192 16
911 2158 1081 2204 linguae:
1109 2160 1149 2195 ‘m
1174 2160 1263 2206 igne
1290 2165 1335 2195 Ν
1425 2164 1470 2196 19
1496 2160 1554 2196 in·-

185 2227 274 2264 ficta
300 2232 370 2262 No
443 2230 487 2262 23
515 2206 644 2273 specta}
670 2230 698 2274 (h
722 2240 822 2274 supi.
844 2232 898 2276 m>
926 2237 967 2264 M
1043 2235 1088 2267 24
1115 2232 1248 2267 etiam:
1276 2233 1315 2268 et
1343 2239 1372 2267 o
1444 2243 1554 2280 prae-

187 2299 329 2336 stitisse
361 2299 519 2343 codices;
550 2311 641 2335 corr.
667 2300 747 2336 Obr.
873 2306 916 2337 25
949 2291 1128 2339 feminfim
1155 2311 1197 2339 M
1220 2307 1254 2352 (e
1278 2317 1379 2352 supr
1401 2307 1456 2352 m)

187 2351 232 2384 26
257 2347 514 2394 petulanciam
533 2360 577 2383 ex
595 2348 737 2393 pestul-
758 2356 813 2393 11·
833 2350 959 2395 pecul·
974 2356 1017 2386 N
1078 2352 1250 2398 obliquos
1278 2358 1323 2388 N
1384 2357 1428 2389 29
1454 2353 1554 2401 las}-

188 2395 308 2432 eiviae
335 2398 368 2443 (c
394 2397 456 2442 er.)
483 2402 527 2431 Μ
