1638 2560
214 115 301 158 226
641 112 986 151 CADAVERIBVS
1012 112 1155 149 PASTI

214 229 358 269 incidit
389 231 460 269 aut
490 222 623 268 facies‘
645 230 717 267 aut
749 228 906 278 aliquid
932 227 1103 278 denique
1130 226 1237 278 quod
1264 227 1472 278 hominemv
1499 241 1592 279 pro-

216 291 304 342 pria
336 292 432 329 nota
464 290 609 342 signat.
672 302 777 328 nunc
809 288 888 327 cibi
920 291 1157 328 succurrunt
1189 299 1288 338 quos
1326 289 1518 339 inponere
1549 290 1593 328 in

215 363 393 390 mensam
425 363 504 390 non
538 363 656 390 ausus
689 363 787 389 sum.
838 348 1109 389 confitendum
1141 350 1202 388 est
1227 350 1352 388 enim:
1384 348 1592 389 devoravi-

215 425 301 450 mus
332 412 512 450 homines
545 412 586 450 et
618 410 778 460 quidem
805 409 921 448 avide
954 410 1025 460 qui
1057 409 1127 448 diu
1158 409 1262 448 nihil
1293 409 1520 461 ederamus3
1552 411 1594 450 et

214 474 349 510 tamen
387 472 563 522 coepisse
602 470 886 510 difficillimum
927 470 1016 509 fuit.
1079 471 1296 521 postquam
1333 471 1398 510 ius
1438 470 1593 510 factum
1627 486 1638 512 1

215 535 286 581 est,
311 533 528 583 postquam
552 544 669 570 nemo
690 532 778 569 erat
802 531 844 569 in
865 532 1030 570 civitate
1057 543 1177 580 quem
1203 529 1385 570 confiteri
1408 530 1593 582 puderet,

214 595 301 631 tum
331 605 427 632 vero
458 593 541 632 iam
572 592 614 630 in
646 594 852 642 posterum
889 591 1158 642 prospicimus
1191 593 1232 630 et
1265 590 1408 630 funera
1439 591 1592 632 horreis

215 652 432 692 condimus.
505 655 612 691 retro
664 653 839 703 aguntur
883 652 1091 702 exequiae,
1143 653 1215 690 aut
1265 652 1372 692 circa
1421 653 1492 691 aut
1515 685 1519 688 ,
1542 652 1593 692 ad

213 726 331 764 rogos
362 726 499 765 pugna
531 715 601 752 est.
666 713 778 751 heres
811 712 982 751 cadaver
1014 713 1152 751 cernit.
1212 724 1362 752 novum
1394 714 1435 752 et
1465 713 1592 752 incre·

214 773 347 825 dibile,
373 774 450 813 nisi
477 785 694 822 nossemus,
719 775 943 812 monstrum
968 773 1202 812 habuimus:
1227 773 1313 812 sine
1334 774 1444 826 rogis
1469 774 1592 825 pesti·
1612 788 1638 815 1(

214 834 381 872 lentiam
431 834 581 873 mortui
627 835 732 872 ratio
780 846 859 872 non
907 834 1101 873 constitit.
1163 834 1315 884 perisse
1362 835 1469 874 cives
1509 835 1592 875 scio

144 894 195 931 10
215 896 393 944 tantum,
427 895 524 945 quia
560 895 668 933 inter
698 895 879 933 viventes
915 907 996 933 non
1026 894 1154 934 video.
1219 895 1332 947 aegri
1363 894 1591 935 adsidentes

214 955 411 994 timebant
462 957 502 994 et
551 955 753 994 labentem
807 956 984 994 animam
1035 956 1232 1006 supremis
1282 954 1593 995 domesticorum

216 1016 361 1054 osculis
393 1015 648 1054 reducebant.
699 1016 828 1066 primo
861 1018 996 1054 tamen
1028 1016 1131 1054 nihil
1156 1016 1358 1068 rogabant
1389 1028 1482 1056 suos
1512 1015 1593 1056 nisi

215 1078 344 1114 totam
376 1076 635 1126 sepulturam.
685 1078 732 1114 ut
762 1077 892 1115 maior
923 1089 1065 1128 urgere
1097 1077 1315 1116 necessitas
1349 1077 1593 1127 patientiam
1612 1091 1638 1118 11

216 1137 365 1186 coepit,
409 1136 645 1175 beneficium
688 1136 842 1175 factum
886 1139 946 1176 est
990 1138 1219 1188 expectare,
1269 1136 1366 1176 dum
1408 1138 1590 1177 moritur.

215 1209 329 1235 nemo
362 1196 460 1235 adeo
494 1196 636 1236 adfinis
668 1197 758 1247 fuit,
790 1210 907 1236 nemo
939 1199 1025 1236 tam
1051 1198 1290 1238 coniunctus
1316 1210 1436 1248 quem
1459 1198 1592 1248 pietas

215 1256 445 1296 abstineret.
506 1259 664 1296 nostros
697 1257 958 1307 comedimus,
996 1260 1166 1298 nostros.
1229 1270 1341 1309 nam,
1373 1259 1409 1298 si
1440 1259 1592 1298 alienos

214 1317 418 1367 vellemus,
449 1329 565 1356 nemo
599 1317 784 1368 audebat,
816 1314 990 1372 (nemo)
1022 1318 1200 1358 cedebat.

303 1377 418 1416 Nihil
450 1379 510 1417 est
547 1380 682 1417 tamen
715 1378 822 1428 quod
852 1379 1059 1431 indignari
1090 1380 1243 1419 velitis:
1281 1380 1446 1419 narravi
1476 1379 1591 1419 vobis
1611 1393 1638 1420 2(

214 1438 369 1476 lucrum
400 1440 589 1477 vestrum.
653 1439 901 1478 frumentum
939 1440 1063 1491 duplo
1095 1440 1370 1490 vendidimus,
1409 1442 1449 1480 et
1480 1440 1592 1480 calli·

216 1498 401 1537 dissimus
450 1498 608 1550 legatus
654 1499 810 1538 vicinae
856 1501 1015 1539 civitati
1063 1501 1254 1551 inposuit.
1317 1500 1438 1551 plena
1486 1513 1593 1540 nunc

214 1559 368 1608 horrea,
400 1559 527 1597 bonae
553 1560 742 1611 rationes,
775 1563 941 1600 onustae
973 1573 1095 1600 naves
1128 1564 1233 1612 sunt,
1267 1563 1319 1611 et,
1351 1573 1430 1612 quo
1461 1562 1593 1614 magis

216 1619 460 1670 gaudeamus
491 1621 606 1658 tanto
638 1620 755 1669 bono,
787 1622 907 1671 pauci
938 1634 1085 1661 sumus.
1143 1634 1238 1660 nam
1270 1622 1377 1672 quod
1409 1621 1461 1661 ad
1491 1624 1591 1661 tem-

216 1680 324 1729 poris
352 1680 649 1719 excusationem
675 1682 862 1731 pertinet,
887 1682 990 1721 nihil
1017 1685 1089 1732 est,
1116 1684 1270 1734 opinor,
1292 1682 1399 1733 quod
1424 1684 1590 1723 aestuet.
1611 1695 1638 1723 21

215 1739 257 1777 in
290 1739 491 1778 desertum
522 1753 601 1779 non
626 1741 769 1780 incidit
800 1743 1006 1793 populum,
1038 1756 1111 1782 nec
1138 1755 1233 1783 sane
1258 1743 1351 1793 fuit,
1383 1755 1455 1782 cur
1480 1743 1593 1783 festi-

216 1801 349 1850 naret,
389 1800 511 1839 etiam
549 1813 654 1840 nunc
689 1804 897 1852 expectare
936 1805 1180 1854 poteramus.
1243 1804 1329 1843 sola
1361 1805 1422 1843 est
1452 1805 1593 1843 nostra

216 1860 359 1899 civitas
393 1873 496 1910 quae
528 1861 634 1900 fame
665 1864 796 1912 perire
828 1876 909 1902 non
943 1865 1082 1914 possit.
1146 1864 1497 1904 dissimulaturum
1527 1877 1591 1903 me

214 1921 368 1971 putatis
412 1920 529 1960 istius
573 1921 827 1972 patrocinia?
896 1924 1104 1970 confiteor,
1149 1925 1263 1965 venit
1306 1925 1359 1964 ad
1401 1924 1592 1964 ultimum

215 1981 332 2031 diem,
353 1981 502 2020 adtulit
526 1982 784 2034 frumentum,
811 1984 1061 2036 gratulemur
1081 1985 1188 2035 quod
1213 1985 1296 2024 iam
1315 1985 1429 2025 nulla
1449 1985 1592 2025 civitas
1611 1997 1638 2026 3(

215 2041 321 2079 fame
353 2041 521 2081 laborat.

313 2148 333 2179 2
360 2143 537 2190 designat
557 2151 599 2179 M
668 2147 794 2193 111111οΞ
812 2153 849 2182 Β
916 2151 936 2182 6
964 2150 1002 2184 et
1020 2150 1225 2195 postquam
1245 2158 1265 2192 β
1334 2152 1354 2184 7
1380 2148 1421 2184 in
1439 2159 1542 2195 supr.
1556 2154 1594 2183 Β

215 2195 237 2228 8
263 2192 360 2227 citra
387 2201 434 2235 βό
499 2194 566 2228 aut
586 2193 636 2228 ad
660 2205 727 2230 om.
749 2201 777 2229 V
847 2199 889 2231 11
917 2197 1096 2233 mortium
1123 2207 1159 2242 βς
1184 2197 1298 2234 morti
1324 2197 1390 2235 Gr.
1461 2200 1506 2232 14
1532 2207 1592 2232 os·

215 2240 310 2275 culis
337 2241 434 2277 Soli:
462 2241 580 2276 oculis
608 2257 636 2276 ω
713 2247 756 2278 15
782 2244 827 2279 ut
851 2246 985 2290 gerent
1009 2252 1064 2290 B3
1089 2247 1244 2292 urgeret
1267 2252 1297 2280 V
1363 2244 1592 2292 patientiam

214 2290 362 2335 scripsi:
389 2290 609 2334 putaremus
629 2296 710 2335 BV3
737 2303 804 2328 om.
827 2299 916 2335 Μβσ
988 2298 1029 2328 17
1055 2295 1279 2330 coniunctus
1300 2306 1352 2330 an
1371 2293 1591 2329 convinctus

214 2337 268 2372 .9V
363 2342 406 2372 19
439 2348 549 2373 1101110
576 2339 732 2375 alterum
758 2351 825 2375 om.
847 2355 895 2385 ως
922 2342 1007 2377 add.
1031 2351 1052 2377 ς
1150 2347 1194 2379 21
1220 2341 1419 2379 vendimus
1447 2348 1500 2385 βΙ

216 2398 464 2445 011111ᾶ1ἒ1111110
490 2416 528 2445 Β
625 2415 668 2446 23
695 2411 880 2448 honustae
906 2420 942 2448 Β
1040 2418 1084 2450 25
1112 2415 1262 2461 opinor:
1293 2414 1445 2451 omnino
1472 2421 1500 2450 V
