1638 2560
215 135 302 177 418
611 135 617 141 ’
641 131 901 168 EXCERPTA
927 130 1168 167 PARISINA.

215 251 378 301 incipio.
435 262 516 288 non
549 248 747 297 emendor.
781 247 849 286 sed
880 247 1113 286 transferor.
1147 247 1208 286 M.
1235 259 1317 286 non
1349 248 1597 299 sumpsisses.

215 324 296 350 non
327 311 442 361 potui
475 310 594 348 aliter
625 321 706 347 non
744 307 918 347 amanda
957 319 1155 358 separare.
1210 307 1257 346 P.
1283 308 1403 358 atqui
1432 309 1599 348 coniun-

215 372 320 410 xisti.
375 370 471 421 quid
494 371 665 409 interest
691 369 890 419 quomodo
916 381 999 407 non
1022 368 1146 407 liceat
1174 366 1388 408 oblivisci?
1438 369 1499 408 M.
1527 366 1599 420 qui

214 444 398 483 perosam
430 443 510 469 non
542 430 812 478 obliviscitur,
843 430 887 467 in
920 441 1057 468 amore
1090 441 1194 479 quae
1226 430 1267 468 et
1299 431 1454 480 quanta
1483 432 1597 481 pate-

214 493 342 532 retur!
400 491 515 530 dolor
546 492 612 530 1110
645 503 762 541 saepe
796 491 880 542 egit
911 491 955 528 in
985 490 1163 540 laqueos.
1219 489 1443 530 remedium
1474 492 1599 530 morti
1635 507 1638 530 2

213 553 301 592 tuli.
358 552 402 591 P.
429 565 510 591 non
551 551 678 590 1101100
711 552 898 603 gratiam.
957 551 1017 589 M.
1044 563 1126 590 11011
1167 552 1354 602 exspecto
1391 551 1600 591 immodici

214 613 368 652 ardoris
399 612 559 652 fidelem
598 624 682 651 esse
720 613 860 651 statim
899 612 1128 651 sanitatem.
1187 612 1259 662 qui
1293 613 1382 651 tam
1411 613 1599 664 ingratus

213 677 284 723 est,
315 686 397 712 non
427 674 564 723 potuit
594 674 675 712 nisi
699 685 847 724 magno
881 673 1028 712 sanari.
1086 672 1130 711 P.
1156 673 1278 712 nimis
1309 685 1460 725 magna
1491 675 1596 713 sunt.

211 748 291 774 non
323 736 492 785 possunt
522 734 656 773 totum
682 735 863 773 animum
896 733 948 772 ad
971 747 1098 772 unum
1131 734 1404 786 constringere
1436 745 1599 774 sensum

211 796 289 835 nisi
321 796 502 834 omnium
532 794 805 833 membrorum
843 795 1114 845 corruptione.
1171 793 1322 845 ubique
1355 795 1493 834 anima
1523 796 1595 834 est.
1618 811 1638 835 ιι

210 857 271 895 Μ.
297 856 440 905 timeo,
480 868 531 894 ne
568 856 675 894 levia
714 856 814 905 sint,
845 858 942 894 tunc
980 855 1256 906 intelligemus
1287 857 1330 894 te
1362 868 1499 895 amare
1530 855 1597 896 de-

211 918 334 966 siisse,
367 929 458 956 cum
490 916 654 956 desieris
687 916 829 956 odisse.
886 916 928 954 P.
958 917 1048 966 quis
1080 916 1211 968 magis
1250 915 1338 955 odit
1370 929 1503 966 quam*
1525 917 1598 967 qui

209 976 391 1016 veneficii
415 990 589 1028 poenam
615 975 770 1029 exigit?
820 977 879 1016 M.
908 977 1006 1026 quid
1031 977 1091 1016 ais
1118 975 1309 1016 demens?
1356 977 1597 1030 intellegite,

208 1038 378 1087 iudices,
423 1039 458 1077 si
501 1039 673 1077 mortem
716 1051 848 1077 meam
893 1038 998 1077 ferre
1041 1038 1211 1088 poterit,
1260 1036 1313 1076 ob
1357 1037 1596 1078 beneficium

210 1099 451 1149 supplicium
484 1099 587 1147 fero,
623 1100 658 1138 si
687 1100 840 1148 minus,
873 1098 924 1138 ob
963 1098 1210 1138 calumniam
1234 1099 1493 1138 immeritam.
1549 1099 1595 1138 P.
1618 1113 1638 1141 11

209 1161 355 1209 fateor,
395 1159 566 1199 iudices:
606 1172 679 1198 nec
717 1160 873 1199 viventi
921 1161 1060 1211 gratus
1102 1172 1194 1199 sum
1240 1172 1314 1199 nec
1354 1161 1596 1199 morientem

208 1221 312 1259 ferre
343 1233 516 1270 possum.

665 1329 772 1367 XVI.
813 1329 944 1368 AMICI
974 1340 1124 1368 VADEs.

296 1413 588 1463 Aryumentum
622 1427 654 1453 υ.
674 1427 718 1463 p.
747 1416 849 1460 290,
878 1417 947 1454 11.
1631 1412 1638 1444 ³

295 1474 442 1514 Filius.
499 1487 590 1514 cum
621 1475 837 1525 invidiam,
870 1475 914 1514 P.
945 1474 999 1525 0.,
1030 1476 1167 1526 patiar
1203 1475 1380 1515 hominis
1413 1476 1484 1526 qui
1515 1474 1638 1522 5111124

205 1547 285 1574 non
316 1535 545 1587 reliquerit,
583 1537 630 1574 ut
663 1538 820 1575 amaret
853 1538 894 1575 et
925 1537 1116 1586 matrem,
1153 1534 1198 1575 id
1227 1537 1391 1575 tantum
1423 1548 1448 1575 a
1478 1536 1594 1576 vobis
1634 1541 1638 1582 Ῐ

204 1596 411 1645 postulare
436 1597 542 1645 volo,
573 1609 623 1635 ne
656 1596 765 1647 apud
789 1609 861 1636 vos
888 1609 1078 1647 praesens
1104 1597 1269 1635 miseria
1295 1609 1418 1647 quam
1450 1596 1594 1637 absens
1632 1606 1638 1644 f

204 1656 295 1705 plus
321 1657 459 1706 possit.
511 1658 726 1707 utramque
751 1660 1007 1709 praesentem
1027 1658 1252 1697 aestimate.
1303 1658 1450 1697 Mater.
1501 1670 1594 1697 011111
1629 1645 1638 1704 ⁴5

205 1717 355 1756 multas
389 1717 654 1767 calamitates,
686 1718 857 1768 iudices,
896 1719 1039 1757 timere
1071 1719 1246 1758 caecitas
1278 1718 1422 1758 edocta
1453 1719 1518 1768 sit,
1549 1717 1594 1758 id
1624 1706 1638 1780 ff

204 1789 412 1827 nunquam
445 1780 763 1828 expectaverarn,
794 1791 845 1818 ne
875 1779 986 1818 filius
1019 1779 1174 1819 solutus
1206 1780 1330 1818 matri
1362 1790 1594 1819 succurrere
1611 1783 1638 1834 91

204 1837 341 1876 nollet.
398 1839 446 1877 F.
476 1839 546 1888 qui
584 1838 768 1879 solutus?
805 1840 1224 1879 11111111110.01111011111
1261 1841 1369 1879 enim
1411 1840 1591 1893 alligavi.
1624 1851 1638 1894 ξ

204 1899 378 1947 tyranno
405 1898 463 1938 dii
487 1899 749 1950 hominesque
776 1900 1005 1939 invideant!
1063 1901 1140 1940 scit
1164 1901 1294 1961 ligare
1321 1901 1482 1969 01111005,
1515 1901 1594 1940 scit
1624 1892 1638 1939 3

204 1959 340 1998 tenere
370 1959 565 1999 dimissos.
623 1961 683 1999 M.
712 1960 763 1999 ad
787 1963 1009 2011 tyrannum
1034 1961 1125 2011 ibis,
1156 1962 1310 2013 insane,
1338 1962 1409 2012 qui
1433 1962 1475 2001 te
1500 1965 1592 2000 ex'o—
1632 1982 1634 1985 ·

205 2031 295 2058 sum
314 2019 448 2069 habet,
470 2021 539 2070 qui
559 2022 786 2060 venientem
805 2020 1051 2061 interficiet?
1106 2022 1155 2061 F.
1176 2035 1259 2061 non
1285 2022 1372 2061 odit
1390 2023 1592 2073 tyrannus
1620 2059 1632 2074 ,μ

300 2161 321 2192 2
348 2168 371 2192 0
396 2170 471 2194 non
498 2159 663 2195 amanda
695 2166 771 2205 ΥΒ,
798 2172 820 2195 0
846 2163 885 2196 te
913 2162 1078 2197 amanda
1100 2161 1271 2208 separari
1292 2166 1329 2197 R
1429 2163 1449 2197 '1
1477 2160 1591 2197 ardo-
1620 2143 1630 2172 '.

202 2217 282 2242 rem
312 2212 374 2241 VB
477 2211 497 2242 8
531 2211 630 2244 esset
655 2215 756 2243 PVB
859 2213 879 2244 9
906 2211 1029 2245 totam
1062 2210 1231 2246 animam
1257 2215 1364 2246 RVB
1469 2213 1511 2245 11
1538 2209 1590 2246 ti·
1619 2211 1633 2246 '2

202 2265 322 2339 ξιιέἓοὶε
330 2254 445 2338 1,ξὲωο
465 2262 502 2290 Β
586 2258 693 2293 tunc:
720 2268 797 2292 non
816 2264 853 2292 B
939 2258 1089 2294 dedisse
1115 2265 1176 2293 VB
1263 2262 1307 2294 13
1335 2257 1452 2305 erigit
1481 2264 1543 2293 VB
1623 2260 1629 2270 '¹

215 2403 223 2422 ,ι
282 2390 345 2423 -18
373 2387 486 2424 amici
511 2388 628 2424 vades
648 2364 734 2424 ΧῨΙΙ
759 2389 820 2425 lex
841 2397 877 2424 P
973 2394 1017 2425 22
1044 2391 1232 2437 postulari
1257 2398 1287 2426 V
1375 2395 1426 2427 25
1453 2390 1634 2437 expee-f‘gy

201 2437 372 2471 tavei-am
392 2443 428 2472 Ρ
445 2448 544 2473 man.
565 2441 605 2473 «1ι
633 2437 923 2484 desperaveram
943 2445 980 2474 P
1002 2449 1100 2475 man.
1122 2442 1147 2476 2
1164 2446 1273 2476 RVB
1580 2449 1587 2471 1
