1638 2560
160 97 247 133 XIV
706 94 997 132 PRAEFATIO.

160 224 249 250 mus
279 212 444 261 feliciter
484 213 630 261 incipit.
689 211 812 250 codex
843 211 951 250 haud
989 224 1080 250 raro
1120 223 1278 250 summa
1314 222 1406 249 cum
1437 208 1542 248 diffi-

161 273 312 311 cultate
349 273 509 325 legitur.
568 273 741 322 scriptus
780 273 840 311 est
880 272 981 310 enim
1022 271 1171 311 litteris
1211 270 1449 310 minusculis
1480 272 1541 309 in-

161 333 322 373 clinatis
354 333 461 371 inter
492 346 532 372 se
564 333 787 383 implicitis,
819 333 1030 382 permultis
1058 331 1250 371 adhibitis
1283 330 1542 382 compendiis,

159 393 363 432 interdum
394 406 474 432 non
507 395 616 432 certa
646 393 803 431 ratione
830 393 1040 431 solvendis.
1097 393 1287 431 librarius
1318 392 1406 442 ipse
1438 404 1541 442 quae

161 454 322 504 scripsit
345 467 391 491 ex
417 455 506 504 ipso
533 453 753 503 exemplari
778 453 1018 493 emendavit.
1069 453 1111 491 in
1140 453 1273 504 priore
1298 451 1394 491 libri
1424 454 1542 503 parte

161 527 206 553 ex
227 514 355 553 altero
376 514 593 564 exemplari
616 514 769 553 nullius
789 514 911 564 pretii
937 515 1137 552 corrector
1162 513 1346 563 aequalis
1370 513 1437 551 hic
1454 513 1542 552 illic

159 574 350 613 lectiones
376 574 662 625 suprascripsit
687 576 1012 624 correcturasque
1037 574 1208 613 induxit.
1259 573 1542 613 adnotationes

161 635 358 685 quaedam
391 635 541 674 saeculi
573 635 750 673 eiusdem
775 634 849 672 XV
881 635 1022 684 primis
1055 634 1164 674 foliis
1193 635 1394 686 leguntur.
1450 634 1542 672 folii

159 696 280 746 primi
325 695 554 744 dimidium,
604 695 714 734 tertii
765 708 859 745 pars
907 694 1084 734 abscissa
1128 696 1199 734 est.
1262 696 1303 733 in
1349 694 1542 734 interiore

158 758 390 807 tegumento
434 756 627 807 leguntur
664 756 780 794 haec:
824 755 892 794 Ex
929 756 1084 805 colleyio
1121 756 1302 805 mayistri
1344 754 1540 794 Gervasii.

159 817 222 855 De
253 817 354 855 dono
384 818 565 865 mayistri
595 815 802 865 Radulphi
834 816 881 855 de
918 817 1146 865 montftquet
1182 816 1382 864 quondam
1413 816 1543 855 socius

160 877 332 915 bursalis
362 877 481 915 huius
511 877 748 916 venerabilis
780 877 939 926 colleyii.

253 936 414 976 Codices
448 950 584 976 omnes
627 950 726 988 quos
768 937 899 976 adhuc
940 938 1280 986 enumeravimus,
1322 950 1370 975 ex
1401 937 1541 976 eodem

160 997 379 1048 archetypo
412 997 648 1037 descendere
681 998 885 1047 frequenti
917 999 956 1036 et
987 999 1028 1035 in
1058 997 1244 1037 maximis
1277 999 1318 1036 et
1347 997 1391 1035 in
1423 997 1541 1036 mini-

158 1059 234 1097 mis
260 1058 379 1097 rebus
406 1058 671 1098 similitudine
699 1058 909 1097 evincitur.
968 1058 1179 1097 discedunt
1208 1059 1344 1096 autem
1369 1057 1412 1096 in
1438 1057 1540 1097 duas

158 1118 335 1157 familias
367 1119 445 1167 ita,
477 1120 523 1157 ut
554 1122 693 1158 BVM
726 1131 823 1169 quos
863 1118 978 1171 signo
1011 1134 1036 1157 α
1069 1119 1329 1169 complector,
1369 1131 1415 1157 ex
1447 1131 1539 1168 uno,

158 1181 232 1218 Ps
265 1191 364 1229 quos
396 1179 422 1231 β
456 1179 699 1231 significavi⁷
742 1192 788 1218 ex
827 1179 954 1218 altero
994 1179 1212 1229 exemplari
1250 1179 1457 1228 fluxerint,
1497 1178 1540 1217 id

160 1239 267 1289 quod
306 1252 387 1278 non
429 1240 557 1278 solum
599 1240 756 1279 diverso
800 1239 1139 1279 declamationum
1180 1239 1320 1279 ordine
1363 1241 1405 1278 et
1448 1239 1540 1279 sub-

158 1300 375 1350 scriptione
400 1302 493 1350 post
518 1300 851 1339 declamationem
874 1300 910 1338 X
930 1301 974 1339 in
993 1300 1018 1352 β
1038 1301 1167 1340 solum
1193 1301 1354 1339 servata
1379 1301 1542 1339 demon-

158 1362 323 1410 stratur,
356 1360 424 1400 sed
456 1362 579 1399 etiam
611 1373 669 1410 eo,
706 1361 812 1410 quod
844 1361 1036 1400 lectiones
1069 1363 1109 1399 et
1140 1361 1308 1400 lacunae
1341 1361 1539 1411 quaedam

158 1422 368 1470 utriusque
401 1421 581 1460 familiae
613 1423 800 1472 propriae
832 1423 936 1460 sunt.

250 1481 369 1519 Haud
400 1483 539 1531 paucis
573 1483 679 1520 enim
717 1482 815 1520 locis
855 1482 1066 1522 collocatio
1105 1481 1321 1521 verborum
1359 1482 1539 1521 familiae

158 1541 184 1593 β
216 1541 402 1581 dissentit
440 1542 490 1581 ab
523 1558 559 1580 α.
618 1543 800 1581 conferas
839 1555 870 1580 c.
904 1556 939 1594 g.
972 1556 1010 1593 p.
1042 1545 1108 1591 11,
1142 1543 1180 1582 6.
1211 1543 1279 1592 13,
1307 1544 1374 1581 17.
1404 1543 1473 1592 18,
1501 1545 1539 1582 9.

160 1603 228 1649 27,
258 1603 323 1640 14.
354 1604 421 1652 27,
449 1604 516 1641 22.
546 1603 614 1651 28,
636 1604 703 1641 24.
733 1604 801 1652 29,
829 1604 865 1641 4.
894 1604 964 1652 40,
987 1606 1022 1642 1.
1052 1604 1122 1653 52,
1149 1604 1186 1642 6.
1216 1604 1284 1653 72,
1312 1603 1380 1642 26.
1410 1603 1478 1653 78,
1499 1604 1538 1641 4.

161 1663 228 1711 95,
256 1663 279 1700 6
325 1663 422 1711 168,
451 1664 516 1701 10.
547 1665 644 1712 191,
674 1664 739 1702 13.
769 1664 867 1712 236,
898 1664 962 1702 15.
992 1665 1091 1712 267,
1113 1665 1180 1702 23.
1210 1665 1310 1714 306,
1346 1667 1410 1703 11.
1439 1664 1539 1713 312,

162 1724 228 1762 13.
257 1723 358 1772 327,
380 1725 417 1762 5.
446 1724 545 1772 330,
569 1724 635 1761 15.
659 1725 757 1773 331,
780 1726 846 1762 11.
876 1724 975 1773 342,
998 1726 1063 1763 14.
1088 1725 1186 1773 346,
1208 1725 1246 1763 4.
1304 1737 1404 1775 quos
1429 1725 1538 1763 locos

158 1784 422 1834 perlustranti
445 1784 738 1823 concedendum
766 1786 826 1823 est
851 1784 1032 1823 ordinem
1058 1784 1270 1824 verborum
1297 1784 1538 1835 quibusdam

158 1844 255 1883 locis
293 1844 335 1882 in
373 1845 517 1882 neutra
558 1844 717 1883 familia
756 1845 994 1895 reprehendi
1025 1858 1159 1895 posse,
1199 1858 1291 1884 raro
1332 1846 1538 1895 praestare

157 1905 371 1943 lectionem
418 1904 597 1942 familiae
635 1904 678 1956 β,
718 1907 763 1943 ut
797 1907 870 1953 52,
906 1906 950 1954 6,
985 1907 1089 1956 267,
1124 1907 1192 1957 23,
1232 1917 1350 1955 saepe
1389 1920 1415 1943 α
1458 1918 1538 1944 11011

157 1965 289 2003 minus
311 1964 416 2014 quod
444 1966 592 2003 attinet
618 1965 668 2002 ad
693 1965 801 2016 leges
822 1966 1105 2017 grammaticas
1116 1960 1149 2019 ¹)
1171 1978 1292 2016 quam
1319 1966 1354 2004 si
1371 1966 1538 2016 respicis

159 2019 413 2078 clausulas.²)
1336 2072 1339 2077 Ι

247 2085 432 2135 Utraque
470 2085 627 2124 familia
670 2086 825 2125 lacunis
863 2087 967 2136 hiat3
1012 2087 1125 2126 velut
1170 2087 1386 2136 quaedam,
1429 2086 1538 2125 haud

156 2158 248 2184 raro
287 2159 411 2183 unum
450 2146 609 2184 tantum
649 2146 832 2196 verbum,
871 2147 1149 2186 desiderantur
1185 2148 1228 2185 in
1266 2163 1292 2186 α
1326 2161 1364 2198 p.
1398 2147 1468 2197 42,
1500 2149 1536 2185 1.

161 2207 234 2256 90,
270 2206 470 2255 25.125,
506 2207 572 2244 21.
615 2207 718 2257 133,
755 2209 820 2245 17.
862 2208 963 2256 153,
1003 2209 1067 2245 17.
1112 2208 1214 2258 158,
1253 2209 1318 2246 12.
1361 2208 1464 2257 250,
1499 2210 1535 2247 9.

257 2335 290 2378 1)
318 2333 364 2369 cf.
388 2337 444 2378 78,
466 2337 498 2368 4.
520 2336 577 2377 95,
599 2337 630 2369 6.
656 2337 736 2378 191,
758 2337 812 2368 13.

256 2384 290 2428 2)
317 2381 363 2418 cf.
387 2385 443 2427 18,
458 2385 490 2416 9.
512 2385 639 2425 27,14.
664 2386 720 2425 27,
736 2386 792 2417 22.
815 2387 871 2427 29,
886 2387 917 2419 4.
940 2387 997 2426 40,
1016 2387 1143 2427 1.327,
1158 2387 1190 2419 5.
1213 2385 1464 2427 330,15.331,
1481 2386 1535 2417 11.
