1638 2560
215 124 305 167 ‘210
507 121 650 158 DIVES
676 119 958 157 ACCVSATVS
983 118 1300 156 PRODITIONIS

217 239 478 290 quisquamne
521 236 753 275 mortalium
796 235 902 274 idem
943 236 1063 273 vocat
1105 234 1262 274 facinus
1307 236 1348 274 et
1389 233 1590 285 poenam?

215 301 424 339 tantumne
457 297 604 336 doloris
636 298 771 335 venire
804 295 852 334 de
884 295 1091 346 suppliciis
1119 295 1316 345 quantum
1347 294 1396 334 de
1429 295 1591 334 calami-

216 359 368 399 tatibus
394 356 542 408 putat?
590 357 718 396 nescit
741 357 934 407 profecto,
957 356 1096 405 nescit,
1129 357 1324 406 quantam
1348 355 1591 406 patientiam

216 422 333 471 paret
368 419 531 467 mereri,
563 419 763 468 quantum
795 418 929 455 animo
967 415 1236 466 membrisque
1267 415 1414 467 rigoris
1445 415 1591 455 induat

217 480 324 530 quod
355 479 537 530 patiaris,
568 490 791 530 agnoscere.
843 477 1072 515 innocentia
1098 488 1198 527 opus
1225 478 1296 526 est,
1327 478 1375 515 ut
1399 477 1590 516 miserum
1628 490 1638 518 ε

216 541 341 579 faciat
384 539 507 578 dolor.
571 540 725 577 constet
768 538 862 576 licet
902 537 1106 587 utrimque
1150 537 1343 576 mortium
1385 549 1590 586 numerus,

215 600 384 639 totidem
415 599 529 638 nobis
561 599 661 638 ultio
694 598 889 637 cadavera
922 598 1126 649 adsignet,
1157 597 1248 648 plus
1279 599 1417 637 tamen
1449 599 1511 636 est
1541 596 1589 635 de

216 661 504 699 innocentibus.
569 662 608 698 et
640 658 832 709 quicquid
863 659 1077 708 patiuntur
1109 658 1363 709 deprehensi,
1402 657 1497 697 licet
1528 670 1590 697 so-

215 722 318 760 lacio
350 721 456 759 idem
490 720 559 770 sit,
598 720 802 769 aequitate
834 720 966 758 minus
1000 720 1069 757 est.
1132 720 1179 757 ut
1209 718 1317 758 idem
1351 719 1406 758 sit
1436 718 1589 769 suppli-

216 782 320 821 cium
358 781 537 821 nocentis
577 782 616 818 et
652 780 826 829 facinus,
865 792 946 818 una
982 779 1139 818 ratione
1184 779 1352 829 efficias,
1397 779 1446 817 ut
1484 778 1588 818 illud
1610 793 1638 819 ιι]

215 843 317 881 ferre
348 855 428 880 non
460 841 598 891 possit.
660 841 810 879 frustra
842 841 1065 879 aestimatis
1098 853 1219 890 quam
1250 839 1428 890 crudele,
1467 852 1587 890 quam

216 915 379 941 saevum
417 902 469 940 sit
501 901 607 951 quod
644 902 836 951 petimus,
874 901 916 939 in
951 902 1146 951 quantum
1186 900 1399 940 excesserit
1435 900 1590 939 usitata

218 976 362 1015 genera
393 974 623 1012 poenarum.

168 1025 193 1062 5
309 1023 522 1072 Explicata
549 1024 619 1071 est,
644 1022 805 1071 iudices,
839 1022 1039 1072 explicata
1064 1022 1165 1073 legis
1190 1021 1358 1071 invidia,
1384 1033 1475 1060 cum
1500 1021 1589 1071 quis

219 1084 324 1133 quod
354 1084 522 1134 patitur,
556 1085 595 1121 et
626 1083 733 1122 fecit.
784 1081 909 1132 quid?
943 1082 1051 1132 quod
1081 1082 1156 1121 hoc
1188 1082 1318 1121 solum
1350 1083 1411 1121 est
1434 1093 1588 1132 poenae
1610 1094 1638 1122 ιε

217 1156 352 1195 genus,
384 1144 427 1181 in
453 1156 530 1193 quo
557 1156 636 1182 non
663 1143 805 1182 debeat
830 1156 975 1183 nocens
1000 1144 1080 1182 nisi
1106 1143 1154 1181 de
1181 1155 1221 1181 se
1248 1143 1372 1193 queri,
1405 1144 1446 1181 et
1473 1143 1589 1181 tanto

216 1204 349 1243 minus
382 1204 525 1242 debeat
557 1216 640 1242 esse
672 1203 927 1253 miserabilis,
965 1205 1007 1242 in
1040 1205 1193 1254 quanto
1224 1204 1356 1242 maior
1386 1204 1447 1242 est
1478 1202 1587 1253 quod

215 1264 371 1315 patitur
413 1263 597 1303 invidia?
659 1264 754 1314 quid
806 1266 971 1314 aequius
1023 1265 1258 1316 excogitari,
1303 1262 1401 1314 quid
1443 1263 1589 1303 iustius

214 1323 375 1375 potest?
437 1326 641 1376 grassatus
675 1325 803 1375 aliqui
835 1327 895 1364 est
926 1325 1049 1375 ferro,
1087 1324 1280 1375 praebeat
1311 1325 1352 1363 et
1388 1325 1475 1374 ipse
1507 1335 1590 1362 cer-

215 1387 333 1424 vices.
394 1386 555 1425 miscuit
584 1385 747 1424 noxium
778 1386 906 1435 virus,
938 1385 1177 1424 refundatur
1207 1385 1250 1423 in
1282 1397 1401 1424 suum
1431 1384 1588 1423 facinus
1609 1396 1638 1424 π

216 1448 429 1485 auctorem.
493 1446 626 1485 oculos
658 1447 812 1495 rapuit,
848 1446 1001 1496 effodit,
1034 1446 1178 1485 reddat
1209 1445 1258 1484 de
1290 1457 1363 1485 sua
1395 1445 1590 1484 caecitate

216 1506 418 1546 solacium.
468 1507 511 1544 in
542 1506 653 1544 nullo
679 1507 912 1545 mortalium
944 1506 1119 1557 perferre
1150 1519 1313 1557 possum
1339 1505 1500 1545 sceleris
1526 1505 1590 1543 sui

215 1567 509 1617 inpatientiam.
560 1567 796 1605 brevissima
817 1568 877 1606 est
899 1567 1057 1606 iustitia
1077 1567 1293 1616 vindictae,
1318 1579 1409 1606 cum
1433 1565 1590 1605 facinus

216 1640 402 1666 mensura
451 1639 602 1677 poenae
647 1629 717 1666 est.
790 1629 831 1665 et
875 1629 907 1666 si
956 1629 1145 1666 naturam
1194 1626 1360 1666 ultionis
1406 1626 1589 1677 aspicias,

218 1687 368 1736 optime
411 1687 639 1726 vindicatur
683 1687 851 1737 quisque
894 1701 971 1738 quo
1015 1689 1134 1727 modo
1178 1687 1300 1727 miser
1337 1688 1407 1726 est.
1469 1685 1589 1725 fidem
1609 1699 1638 1726 25

217 1749 409 1796 vestram,
453 1748 623 1796 iudices,
667 1761 715 1786 ne
753 1748 842 1787 ideo
880 1750 1041 1788 tantum
1079 1749 1232 1799 putetis
1273 1749 1444 1797 iustum,
1483 1746 1591 1797 quod

218 1809 342 1859 exigit
378 1821 486 1857 reus,
525 1808 621 1858 quia
660 1821 733 1859 ego
771 1822 919 1848 recuso.
982 1822 1062 1848 non
1099 1809 1259 1848 ferretis
1296 1822 1361 1848 me
1400 1808 1589 1858 pauperis

216 1869 386 1907 mortem
417 1869 638 1919 petentem,
671 1870 705 1907 si
737 1869 882 1908 liberos
916 1882 1006 1909 suos
1039 1870 1263 1920 optulisset.
1327 1882 1374 1908 ex
1405 1868 1589 1908 omnibus

215 1930 352 1967 tamen
391 1928 616 1979 quicunque
659 1930 883 1981 incognita,
926 1930 1111 1969 inaudita
1153 1931 1264 1981 passi
1301 1930 1413 1979 sunt,
1456 1928 1589 1967 nullos

215 1989 290 2028 hac
328 1989 416 2040 lege
454 1990 584 2040 magis
621 1990 884 2028 vindicandos
927 1993 1027 2041 puto
1068 2003 1189 2041 quam
1228 2003 1399 2041 quorum
1441 1989 1589 2028 liberos
1609 2001 1638 2029 sc

314 2096 334 2127 2
360 2092 586 2127 tantundem
614 2092 679 2128 Gr.
805 2096 825 2127 3
851 2094 946 2138 puta
973 2103 991 2136 β
1114 2098 1135 2129 4
1161 2093 1324 2130 maerori
1350 2099 1439 2136 Μβσ
1532 2091 1590 2127 in-

216 2176 332 2211 ducat
358 2182 446 2219 Μβσ
530 2181 573 2212 11
601 2188 731 2223 quam:
760 2178 862 2223 quod
888 2185 924 2213 P
947 2179 1002 2214 bis
1087 2183 1130 2214 12
1158 2153 1361 2214 excesserit
1384 2183 1437 2222 B3
1463 2187 1590 2213 exces-

216 2249 334 2284 serint
364 2255 477 2291 VMssd
574 2254 616 2285 15
642 2250 813 2295 patiatur
838 2257 875 2285 B
971 2251 1079 2297 quid:
1107 2251 1198 2297 quia
1224 2260 1243 2294 β
1342 2253 1386 2286 19
1413 2237 1589 2297 ςῆεεηωε

215 2328 251 2357 Β
348 2321 487 2367 aliquis
514 2328 555 2356 M
651 2326 696 2357 20
721 2311 920 2358 reffldatur
951 2330 979 2357 V
1072 2328 1116 2359 23
1143 2323 1267 2359 brevis
1291 2329 1324 2358 J
1417 2321 1589 2357 iustitiae

214 2369 590 2464 {gntggggasslrindicta
615 2371 653 2416 b)
679 2377 716 2405 B
813 2375 858 2406 24
883 2382 1029 2417 poenae
1055 2383 1122 2409 om.
1146 2378 1201 2416 M,
1230 2382 1328 2418 pene
1353 2381 1454 2416 supr.
1474 2384 1518 2405 m
