1638 2560
231 97 319 140 238
660 94 1005 132 CADAVERIBVS
1031 94 1174 131 PASTI

232 224 363 260 arma,
401 213 442 250 et
473 224 513 251 se
544 210 587 249 in
620 210 867 250 obsidionem
899 210 1079 249 civitatis
1114 210 1303 251 inimicae
1341 211 1427 251 sine
1459 211 1611 251 dilectu

229 272 401 322 populus
428 271 613 310 effundet.
664 271 832 310 vastabo
858 271 1021 310 interim
1047 270 1157 320 fines,
1182 271 1259 310 hoc
1285 272 1357 321 est,
1382 284 1456 322 per
1481 272 1613 312 aliena

230 334 349 383 prata
379 344 532 382 pascar.
597 333 631 371 si
665 344 745 381 qua
776 332 818 370 in
850 331 958 370 villis
991 331 1288 382 deprehendero
1319 344 1477 383 pecora,
1509 332 1613 372 deri·

230 394 352 444 piam,
384 393 535 431 bellum
566 405 629 431 me
663 392 753 431 alet.
818 392 936 431 citius
969 391 1021 430 ad
1052 392 1301 431 frumentum
1331 393 1611 444 perveniemus

230 467 352 503 quam
391 454 438 492 tu
476 465 567 491 cum
611 453 813 491 frumento
858 452 1025 502 redibis,
1068 452 1321 492 adiuvabant
1360 455 1611 506 pugnantem

228 515 336 553 iusta
368 514 629 552 sacramenta.
694 514 728 552 si
760 513 976 564 contigerit
1009 525 1147 552 aecum
1180 513 1367 553 fortunae
1401 514 1610 565 iudicium,

228 586 308 612 non
345 586 452 613 meos
496 575 657 612 tantum
702 575 947 613 commeatus
985 573 1196 624 recipiam,
1241 574 1276 614 si
1312 575 1464 625 minus,
1503 577 1610 614 certe

229 634 391 673 dabitur
421 634 520 673 bene
551 635 664 674 mori.
728 635 849 673 liceat
881 636 921 673 et
952 647 1118 673 manum
1150 646 1374 685 conserere,
1405 635 1450 674 in
1481 636 1610 675 aciem

228 694 450 746 confligere.
514 694 689 733 condant
720 707 761 734 se
792 696 933 745 postea
965 695 1061 734 licet
1091 695 1237 745 muris,
1271 695 1314 734 in
1345 695 1507 748 longius
1540 696 1609 736 ob-

207 783 210 785 >
230 755 332 794 sidio
353 757 430 805 eat,
455 756 619 794 interim
638 757 744 794 certe
770 755 947 794 hostium
970 756 1106 806 potius
1126 755 1390 796 cadaveribus
1415 756 1608 796 vivemus.
1629 772 1638 799 1

320 815 399 854 Sed
430 816 543 854 nulla
575 817 636 855 vis
668 816 765 865 fuit,
804 816 916 854 nulla
949 816 1123 856 exterior
1153 816 1322 867 iniuria,
1353 818 1471 856 tuum
1502 819 1608 857 certe

228 877 494 915 commeatum
525 889 642 915 nemo
675 876 821 927 rapuit.
873 877 960 916 iure
991 877 1128 916 miseri
1163 889 1301 917 sumus
1333 879 1374 917 et
1405 890 1452 917 ex
1481 878 1608 929 stipu-

227 937 316 975 latu
334 936 461 988 legati
480 937 608 976 nostri
633 938 820 987 perimus.
873 937 1056 976 vendidit
1076 938 1276 988 quantum
1294 938 1438 988 voluit,
1465 938 1608 989 quanti

228 997 358 1035 voluit
390 999 442 1046 et,
474 998 520 1036 ut
550 998 625 1036 hoc
659 998 709 1037 ad
741 999 899 1037 nostras
932 997 1138 1038 accederet
1162 1010 1309 1049 moras,
1340 999 1512 1039 fortasse
1538 998 1608 1038 diu

228 1058 456 1097 cocionatus
483 1059 552 1096 est.
605 1059 733 1097 omnis
761 1071 851 1097 cum
875 1058 953 1098 fide
978 1059 1186 1110 persoluta
1212 1060 1385 1110 pecunia
1411 1060 1481 1099 est.
1531 1059 1638 1101 hoc:

228 1117 299 1167 qui
328 1117 501 1169 colligo?
553 1119 623 1168 qui
656 1119 799 1168 quanti
824 1119 955 1158 voluit
979 1119 1131 1169 vendit,
1163 1119 1327 1170 iudices,
1359 1122 1496 1171 potest
1525 1133 1607 1160 non

225 1177 407 1216 vendere.
469 1189 581 1228 nam,
620 1192 690 1229 per
721 1179 859 1229 fidem,
898 1180 932 1219 si
969 1192 1110 1231 rapere
1143 1180 1320 1219 alienum
1358 1181 1606 1220 frumentum

226 1240 266 1277 et
297 1241 465 1289 possunt
496 1241 536 1278 et
561 1239 716 1290 volunt,
750 1239 846 1290 quid
877 1241 937 1279 ita
969 1240 1136 1292 duplam
1168 1241 1382 1291 pecuniam
1413 1239 1605 1281 solvunt?

225 1311 319 1337 nam
352 1299 550 1349 quomodo
582 1299 624 1338 in
656 1313 805 1352 magna
835 1301 974 1352 inopia
1008 1301 1200 1351 quicquid
1232 1302 1311 1341 emi
1346 1303 1492 1353 potest,
1524 1302 1605 1342 vile

226 1361 302 1398 est:
340 1360 418 1408 ita,
457 1372 546 1398 cum
578 1361 705 1411 possis
743 1361 891 1400 habere
923 1362 1166 1413 gratuitum,
1205 1361 1329 1414 duplo
1362 1375 1501 1402 carum
1531 1364 1604 1403 est.
1624 1376 1638 1404 2

226 1419 294 1458 sed
324 1420 424 1458 mihi
457 1420 617 1471 credite,
651 1421 760 1460 color
790 1423 866 1461 iste
899 1423 1117 1473 patrocinii
1143 1425 1204 1462 est
1236 1425 1276 1462 et
1302 1422 1372 1461 diu
1397 1424 1440 1462 in
1467 1425 1604 1463 saturo

226 1480 309 1518 otio
342 1481 521 1532 cogitata
553 1481 743 1521 defensio.
794 1495 875 1521 non
907 1484 1043 1533 potest
1074 1483 1219 1523 similis
1251 1496 1446 1534 umquam
1476 1484 1604 1524 fames

154 1537 204 1574 22
225 1540 358 1579 fuisse.
421 1553 493 1581 nos
525 1554 646 1593 grave
678 1542 796 1582 huius
829 1544 925 1582 anni
958 1543 1067 1583 sidus
1101 1543 1281 1594 adflavit,
1312 1545 1498 1585 nostrum
1528 1543 1605 1584 hoc

225 1600 355 1639 fatum
380 1601 459 1640 fuit
485 1614 584 1651 quos
610 1615 690 1642 non
721 1605 881 1642 tantum
907 1605 997 1643 sata
1022 1604 1091 1643 sed
1125 1605 1248 1644 etiam
1275 1606 1411 1656 empta
1443 1605 1604 1655 fallunt,

226 1661 295 1710 qui
333 1663 470 1701 nostra
507 1663 695 1712 pecunia,
732 1665 871 1703 nostra
909 1665 1052 1715 classe,
1090 1666 1229 1705 nostro
1267 1665 1421 1717 legato,
1465 1668 1603 1705 nostro
1622 1680 1638 1706 ε

225 1722 363 1771 vento,
411 1722 643 1762 felicissimo
690 1736 807 1763 cursu
852 1728 1120 1764 commeatum
1167 1728 1303 1765 tamen
1343 1725 1602 1776 perdidimus.

225 1793 296 1820 nos
330 1794 353 1820 a
385 1783 586 1822 frumento
618 1783 778 1836 longius
811 1797 965 1835 sumus,
998 1786 1049 1824 ad
1079 1786 1195 1825 illam
1227 1786 1436 1826 civitatem
1467 1787 1605 1838 potuit

322 1948 341 1980 1
369 1945 508 1981 delicto
535 1953 574 1990 V,
603 1946 753 1982 delectu
773 1954 833 1990 Μβ
908 1952 929 1984 2
955 1949 1154 1995 pax-aliena
1172 1956 1254 1986 ΒΜ
1269 1949 1343 1997 (vel
1367 1960 1507 1997 per...
1527 1951 1602 1997 m);

222 1992 370 2039 peralia
394 2000 427 2028 J
522 1998 542 2029 3
568 1994 694 2042 viligis
721 1995 748 2041 (i
773 1997 816 2031 in
840 1998 928 2044 ras.)
950 2004 994 2032 M
1089 1998 1269 2045 diripiam
1300 2005 1374 2042 νβσ·
1467 2002 1491 2034 4
1518 2009 1603 2045 per-

222 2041 393 2077 venimus
410 2064 450 2067 ——
467 2042 655 2079 frumento
682 2045 704 2079 Z.
727 2047 749 2079 5
775 2055 843 2080 om.
864 2052 893 2079 V
986 2050 1007 2082 6
1033 2046 1109 2082 ista
1133 2053 1214 2082 ΒΜ
1237 2046 1311 2093 (vel
1334 2048 1423 2082 usta
1448 2047 1504 2093 m)

223 2090 278 2125 sic
304 2090 533 2136 contingerit
557 2098 595 2126 Β
667 2103 829 2137 aequum
856 2108 885 2128 ω
905 2098 1055 2139 praeter
1080 2102 1118 2130 Β
1197 2098 1216 2130 7
1244 2096 1458 2132 comeatum
1482 2101 1512 2130 V

222 2142 242 2173 9
276 2138 316 2174 111
342 2149 408 2174 om.
431 2147 479 2181 w
598 2140 746 2186 opsidio
771 2147 809 2175 Β
931 2147 975 2178 12
1010 2145 1224 2180 comeatum
1249 2150 1278 2178 V
1297 2148 1332 2180 et
1355 2145 1410 2180 sic
1433 2144 1601 2190 saepiu-93

222 2198 308 2222 eum
332 2188 499 2222 meatum
526 2194 569 2222 Μ
666 2192 709 2224 14
736 2189 785 2225 ad
810 2191 959 2226 nostras
984 2191 1056 2228 hoc
1081 2199 1109 2227 V
1204 2195 1248 2228 15
1275 2192 1494 2228 cocionatus
1517 2191 1601 2229 Sal-

221 2271 377 2308 masius:
407 2272 652 2308 concionatus
678 2288 708 2308 ω
809 2278 852 2310 16
879 2275 973 2320 quid
1000 2276 1139 2323 colligo
1166 2283 1210 2312 Μ
1291 2276 1378 2312 uult
1402 2282 1470 2320 1353
1502 2248 1602 2312 affut

222 2326 259 2355 P
341 2321 429 2366 post
453 2326 491 2355 Β
589 2325 631 2356 17
660 2326 747 2367 post
770 2322 932 2359 vendere
957 2329 1084 2361 notam
1109 2325 1143 2359 K
1175 2325 1262 2360 add.
1285 2340 1327 2370 ας
1358 2325 1405 2370 cf.
1421 2326 1602 2371 p.239‚6

223 2395 267 2428 18
295 2391 491 2428 solvuntur
517 2399 553 2428 P
626 2397 669 2429 22
696 2406 857 2440 usquam
888 2402 961 2439 Υβσ
1035 2401 1080 2432 23
1106 2385 1272 2433 nostrvm
1299 2403 1338 2433 Β
1404 2401 1448 2432 27
1475 2396 1545 2433 illa
1565 2403 1603 2432 Β
