1638 2560
172 123 230 165 42
642 117 787 154 MILES
812 115 1068 153 MARIANVS

174 236 269 287 quid
301 235 411 274 aliud
444 234 572 273 dicam
605 255 661 260 —-
693 231 861 272 fortiori.
923 230 1044 270 habet
1079 232 1243 269 aeterna
1274 223 1385 268 labes
1414 230 1538 278 viam,

174 299 214 335 et
250 297 293 334 in
324 296 561 346 exemplum,
600 294 642 332 in
673 293 779 343 quod
809 291 999 331 facillime
1031 290 1132 330 vitia
1163 289 1395 342 proficiunt,
1433 301 1538 328 nova

175 357 292 407 culpa
321 355 535 406 pernotuit.
587 356 627 393 et
657 353 752 392 licet
782 353 984 403 impunita
1015 353 1069 391 sit
1099 364 1167 391 reo
1199 352 1331 390 virtus
1362 362 1446 400 sua,
1477 350 1538 389 ta·

173 430 263 456 men
300 416 342 454 in
378 416 452 455 hoc
488 415 639 454 ruentis
676 415 719 452 in
757 413 955 452 deteriora
993 412 1143 451 saeculi
1181 424 1318 462 cursu,
1360 409 1538 460 adfirmo,

174 477 306 528 plures
346 477 461 514 erunt
493 476 562 526 qui
601 474 804 513 tribunum
842 473 1053 511 imitentur
1091 485 1213 523 quam
1244 471 1317 523 qui
1353 470 1536 510 militem.
1576 482 1592 510 ⁶

175 537 250 576 etsi
281 537 339 575 nil
369 537 499 575 minus
525 535 733 574 convenire
759 533 920 573 videtur
944 532 1127 583 partibus
1155 532 1352 582 advocati,
1384 543 1538 581 summe

174 597 402 647 imperator,
435 609 555 647 quam
586 608 653 634 reo
680 595 809 645 capite
841 593 1090 645 periclitanti
1121 592 1343 633 subsidium
1372 592 1536 631 misera-

174 658 294 696 tionis
327 656 493 706 auferri,
530 668 681 695 memor
712 658 864 705 tamen,
902 667 975 705 pro
1007 666 1086 704 quo
1119 655 1160 693 et
1190 653 1299 704 apud
1331 665 1451 704 quem
1481 652 1539 691 lo-

175 731 285 768 quar,
330 717 519 755 audacter
560 718 698 766 atque,
741 717 786 754 ut
824 727 957 765 spero,
1001 716 1089 753 tuto
1133 713 1324 765 profiteor
1365 713 1539 752 militem
1586 747 1589 753 .

174 780 298 827 tuum,
330 776 519 827 quicquid
551 776 707 815 adferat
733 787 846 814 casus
877 775 1009 826 hodie,
1041 774 1113 814 sub
1139 776 1227 825 ipso
1253 774 1439 814 fortunae
1464 773 1539 812 mi·
1560 785 1594 812 10

174 839 306 876 nantis
343 838 427 876 ictu
465 839 570 876 stare
609 849 799 875 securum.
863 837 934 874 aut
971 837 1077 874 enim
1110 835 1293 874 absolves
1327 836 1540 885 tamquam

174 898 443 947 innocentem,
487 899 559 936 aut
601 897 742 948 punies
786 899 994 946 tamquam
1036 897 1178 935 virum.
1242 896 1304 935 fas
1348 896 1410 934 est
1452 894 1540 933 vita

174 958 393 1009 periclitari
425 958 494 1008 qui
524 959 664 996 natum
697 970 736 996 se
767 957 950 996 meminit
973 957 1062 1008 lege
1087 956 1292 1007 pereundi.
1343 968 1472 1006 neque
1497 955 1540 993 in

174 1011 362 1056 militiam
399 1018 633 1069 gravissimo
673 1017 968 1068 asperrimoque
999 1017 1104 1056 bello
1136 1018 1195 1055 ita
1227 1016 1357 1067 venit,
1394 1018 1442 1055 ut
1472 1028 1539 1055 ne-

176 1078 294 1117 sciret
325 1078 400 1116 sibi
430 1080 598 1117 mortem
628 1079 671 1116 in
702 1078 909 1128 procinctu
940 1077 1176 1127 habendam,
1208 1090 1337 1128 neque
1363 1079 1424 1116 est
1453 1077 1540 1115 tam
1559 1087 1594 1116 15

175 1137 345 1188 inbellis,
377 1140 424 1177 ut
454 1151 533 1176 non
565 1138 661 1177 forti
686 1140 845 1188 pectore
873 1138 1052 1187 adversa,
1085 1138 1179 1177 dum
1205 1151 1285 1177 non
1315 1138 1540 1186 inhonesta,

131 1199 153 1235 2
179 1198 331 1237 toleret.
382 1198 547 1237 adfirmo
578 1198 664 1248 tibi,
698 1197 737 1237 G.
764 1199 879 1248 Mari,
911 1211 991 1237 non
1024 1200 1079 1238 sic
1111 1212 1239 1249 nuper
1262 1198 1540 1250 repugnasset,

177 1259 211 1297 si
241 1259 356 1297 illum
387 1259 569 1298 tribunus
594 1259 786 1298 voluisset
812 1259 1000 1298 occidere.
1052 1272 1180 1310 neque
1206 1259 1412 1311 ignoravit
1437 1271 1540 1309 quae

176 1321 382 1358 manerent
420 1332 511 1358 eum
541 1319 737 1370 pericula,
775 1332 865 1358 011111
898 1319 1085 1359 obscenos
1121 1319 1264 1359 furiosi
1295 1318 1540 1370 corruptoris

178 1379 380 1429 amplexus
407 1379 540 1430 gladio
567 1379 781 1418 divelleret.
833 1392 904 1418 nec
929 1380 1055 1419 habeo
1081 1393 1176 1419 sane
1209 1380 1307 1431 quid
1324 1381 1375 1419 ’111
1399 1379 1541 1430 milite,
1561 1392 1596 1418 20

177 1441 410 1489 praesertim
441 1441 530 1489 tuo,
561 1440 737 1490 laudem,
776 1441 810 1479 si
841 1440 1007 1491 pudicus
1041 1442 1101 1480 est
1131 1443 1310 1491 tantum,
1348 1441 1443 1491 quia
1477 1453 1541 1478 ex-

178 1499 306 1549 pedit,
344 1512 416 1538 nec
447 1501 482 1539 si
519 1501 571 1539 sit
601 1500 709 1540 vitae
747 1501 1044 1552 cupidissimus,
1081 1501 1288 1552 paenitere
1321 1514 1412 1540 eum
1443 1499 1543 1540 facti

179 1560 240 1597 sui
277 1561 418 1609 potest.
481 1560 528 1598 de
565 1561 820 1600 interfectore
864 1563 1109 1612 corruptoris
1147 1562 1317 1602 fortasse
1363 1561 1541 1611 dubites3

178 1619 278 1657 illud
298 1621 435 1670 utique
462 1621 555 1670 scio,
581 1621 628 1659 de
653 1621 841 1671 inpudico
866 1622 995 1661 milite
1021 1636 1100 1662 non
1127 1622 1397 1662 deliberasses.
1435 1622 1541 1661 hunc

275 1749 292 1780 1
321 1745 536 1782 fortioribus
564 1753 605 1781 M
674 1747 805 1783 habet:
832 1747 989 1785 haberet
1014 1756 1094 1793 Βῆ
1120 1750 1285 1786 habetur
1309 1756 1352 1785 M
1375 1751 1479 1796 (corr.
1500 1763 1543 1784 m

177 1806 219 1840 in
244 1808 374 1852 mar-q.)
450 1806 554 1842 labes
581 1819 624 1843 ex
649 1808 766 1844 habes
793 1815 834 1843 M
910 1810 1010 1845 viam
1036 1820 1113 1853 em:
1141 1822 1208 1847 om.
1231 1819 1307 1853 αγσ
1402 1814 1422 1845 2
1449 1797 1543 1845 vitia

176 1859 215 1888 Β
287 1865 422 1889 novam
449 1861 491 1889 M
584 1859 605 1890 4
633 1856 811 1901 adfirmao
838 1864 874 1892 Β
966 1862 985 1893 5
1012 1859 1207 1894 tribunum
1233 1859 1448 1914 imitentur:
1475 1858 1543 1893 tri·

177 1925 486 1962 bunfimmittent‘
512 1935 549 1963 Β
669 1932 687 1963 7
716 1941 845 1974 quam:
882 1931 983 1976 quod
1008 1938 1044 1966 P
1145 1918 1386 1978 periclitante}
1412 1937 1450 1966 Β

180 2001 224 2033 10
251 1998 414 2034 adferat:
443 1999 591 2036 auferat
615 2008 647 2036 J
726 2001 882 2038 fotunae
907 2010 944 2038 B
1029 2008 1070 2040 11
1099 2004 1219 2040 ictum
1243 2010 1313 2039 BV
1391 1981 1543 2039 ad‘enim

177 2077 229 2115 B,
255 2072 272 2106 t
295 2083 394 2116 supr.
418 2078 440 2106 b
562 2060 733 2109 absolvssis
760 2081 795 2109 B
825 2076 928 2119 (corr.
957 2075 1021 2122 b.9)
1141 2080 1185 2112 12
1219 2054 1422 2122 autpunies
1448 2081 1500 2120 Β,
1527 2076 1544 2110 t

177 2130 278 2165 supr.
300 2126 323 2153 b
423 2124 465 2154 13
498 2121 686 2156 meminit:
714 2123 865 2158 -eminit
890 2124 931 2159 in
956 2136 1028 2161 ras.
1049 2131 1086 2159 Β
1110 2126 1192 2171 (aut
1217 2124 1286 2171 b?)
1387 2129 1432 2160 14
1458 2134 1543 2171 gra-

175 2191 328 2227 vissimo
343 2214 390 2218 —
403 2192 503 2227 bello
524 2204 590 2229 om.
607 2200 643 2227 P
706 2194 907 2240 gravisimo
927 2202 963 2230 B
1031 2201 1072 2232 15
1093 2185 1269 2243 procii‘itu
1288 2203 1325 2232 Β
1405 2200 1448 2232 16
1477 2196 1543 2232 ad-

174 2273 298 2307 versa,
326 2263 432 2299 dum:
461 2265 734 2300 adversandum
759 2273 796 2301 Β
890 2274 937 2303 110
964 2281 1008 2304 ex
1032 2273 1082 2304 111“1
1109 2276 1145 2304 Β
1263 2273 1306 2305 17
1332 2255 1472 2305 11010ῗέ11
1496 2275 1543 2313 Β,

175 2323 276 2366 supr.
298 2319 322 2346 ὀ
408 2311 434 2347 Ο
466 2324 533 2348 om.
561 2320 587 2347 V
677 2317 907 2360 repugnaset
933 2323 968 2350 Β
1065 2321 1108 2352 20
1143 2318 1326 2364 anplexus
1353 2324 1391 2353 Β
1473 2317 1543 2353 mi.-

176 2359 260 2395 hte:
293 2360 386 2396 mite
411 2366 448 2395 Β
562 2365 604 2396 21
632 2364 754 2397 tatum
781 2369 825 2407 B,
851 2376 876 2398 n
901 2375 999 2410 supr.
1022 2373 1044 2399 b
1162 2371 1206 2402 22
1234 2366 1483 2413 cupidisimus
1509 2372 1546 2401 Β

178 2411 223 2443 24
255 2407 486 2444 deliberasse
511 2415 590 2444 ΒΜ
619 2411 722 2455 (corr.
744 2413 798 2456 m>
897 2412 1011 2448 hunc:
1040 2426 1138 2450 nunc
1164 2421 1207 2450 M
1229 2417 1334 2462 (corr.
1355 2416 1410 2461 m)
1430 2450 1432 2453 ⁴
