1638 2560
499 137 819 175 DECLAMATIO
843 137 897 174 VI
914 141 1068 174 20—23.
1381 137 1467 179 131

90 254 241 295 redimi
268 256 416 306 posset.
465 267 529 293 me
560 253 767 294 miserum!
800 252 1013 292 dicendum
1044 254 1117 301 est,
1149 251 1257 303 quod
1280 252 1356 291 hoe
1379 253 1471 303 ipso

97 315 314 356 admoneor
349 315 550 366 exemplo,
587 314 632 353 in
661 314 812 353 honore
841 313 1009 364 pietatis
1042 314 1166 352 etiam
1197 313 1380 351 damnati
1411 325 1471 352 se·

90 377 313 428 peliuntur.
374 375 475 414 haec
506 375 579 414 alii
608 374 791 424 laudant,
822 386 897 426 ego
928 386 1085 425 queror.

185 437 244 477 Te
273 435 454 488 quidem,
488 436 664 486 iuvenis,
702 435 838 474 omnia
869 434 1028 474 saecula
1063 433 1292 485 loquentur,
1331 435 1372 472 et
1402 433 1471 472 ad·
1490 432 1542 470 22

60 512 79 538 5
93 497 283 537 mirabile
307 496 533 547 exemplum
556 496 692 535 tenaci
716 495 935 535 memoriae
959 494 1156 534 traditum
1181 494 1225 533 in
1248 495 1339 546 ipsa
1364 495 1474 534 astra

95 557 307 599 sublimem
346 558 519 608 pinnata
555 558 685 596 virtus
722 557 835 595 feret.
899 555 968 596 sed
1005 555 1106 594 mihi
1148 556 1230 595 ista
1269 555 1358 594 laus
1400 556 1474 593 tua

96 630 190 659 cam
226 619 396 658 constat.
457 630 539 657 non
576 619 665 656 erat
703 618 830 656 satius
868 616 1017 655 lectulo
1056 617 1199 655 matris
1241 615 1474 655 incumbere

96 681 138 719 et
167 680 216 718 -in
250 679 371 719 huius
413 679 650 718 ministeriis
694 677 875 716 deditum
919 689 1059 717 secura.
1100 678 1185 715 0113.
1226 674 1473 727 inpendere?

93 739 172 780 soli
207 739 286 779 tibi
322 740 566 791 contigerat,
603 741 651 778 ut
678 751 816 790 posses
846 739 1006 789 patrem
1044 739 1229 777 excusate
1260 750 1342 776 non
1367 736 1472 775 redi-

35 814 78 842 ‘m
94 813 216 840 mere.
277 813 343 840 me
373 800 556 850 interim,
593 801 640 838 ut
672 800 875 850 coeperat,
911 798 1026 838 tabes
1063 799 1174 837 lenta
1211 798 1471 837 consumeret.

95 874 160 900 me
192 874 295 912 quae
326 860 499 900 debebat
535 859 639 910 sola,
677 872 812 899 senem
848 872 957 898 mors
993 858 1246 908 redemisset,
1284 860 1342 907 et,
1380 871 1472 897 cum

94 923 279 961 exanime
317 933 461 972 corpus
497 922 541 959 in
577 920 724 960 fluctus
763 921 867 959 esset
904 919 1124 969 abiectum,
1164 920 1200 958 si
1237 919 1474 970 contigisset

94 983 239 1023 similis
264 983 495 1033 tempestas,
522 981 630 1032 quod
655 981 821 1031 aequius
847 982 946 1029 erat,
978 983 1024 1019 tu
1048 993 1125 1029 me,
1155 979 1227 1029 fili,
1252 979 1471 1030 sepelisses.

92 1043 242 1082 fefellit
270 1044 312 1082 te
336 1043 542 1095 ingenitus
566 1042 747 1081 honestis
773 1042 918 1080 animis
944 1041 1097 1093 gloriae
1123 1053 1248 1090 amor,
1279 1052 1369 1090 spes
1395 1040 1473 1078 tibi

39 1117 76 1144 15
93 1106 312 1156 perpetuae
336 1102 469 1142 laudis
492 1103 683 1153 inposuit.
729 1102 799 1141 ubi
824 1100 982 1141 virtus?
1013 1101 1084 1140 ubi
1108 1099 1267 1152 pietas?
1316 1101 1472 1152 peristi,

91 1165 227 1214 miser,
264 1166 306 1203 et
342 1164 448 1202 male
485 1163 611 1203 audis.
674 1175 756 1202 non
798 1163 988 1202 morienti
1029 1164 1148 1213 pater
1191 1161 1347 1211 adsedi,
1389 1173 1471 1201 non

94 1226 206 1278 aegri
243 1226 366 1276 capnt
401 1224 579 1264 molliori
615 1224 707 1263 sede
746 1224 956 1274 conposui,
993 1235 1074 1261 non
1111 1223 1332 1274 fatigatum
1362 1222 1471 1261 latus

94 1286 264 1335 mutavi,
294 1298 376 1324 non
407 1286 596 1336 spiritum
628 1285 775 1335 excepi.
836 1283 995 1333 absens,
1027 1285 1265 1332 exstinctus,
1298 1294 1470 1331 eversus,

94 1348 266 1386 mortem
302 1347 418 1385 tuam
453 1346 601 1384 inveni.
663 1357 781 1384 nemo
819 1356 939 1396 aegro
976 1343 1111 1383 vincla
1142 1343 1315 1392 laxavit,
1352 1355 1471 1382 nemo

36 1420 77 1446 ‘so
94 1419 239 1447 manus
263 1407 370 1446 ferro
395 1406 577 1446 sordidas
603 1405 655 1444 ad
681 1405 934 1456 accipiendos
958 1404 1115 1444 remisit
1140 1404 1259 1443 cibos.
1309 1405 1471 1442 tantum

96 1469 330 1507 catenarum
361 1479 483 1506 causa
514 1467 669 1506 solutus
702 1468 764 1505 est
794 1466 1012 1517 neglectus,
1044 1465 1264 1516 despectus.
1327 1463 1471 1515 quidni

94 1528 190 1568 vilis
220 1527 326 1568 senis
356 1525 560 1567 vicarius?
618 1528 726 1566 inter
754 1528 819 1565 tot
849 1525 1134 1564 ardentissima
1163 1523 1470 1564 febrium-desi-

94 1588 208 1627 deria
242 1601 325 1627 non
360 1588 540 1627 habuisti
578 1599 697 1638 quem
736 1599 930 1638 posceres
993 1585 1192 1637 quomodo
1228 1587 1270 1624 te
1308 1586 1471 1624 vincula

95 1650 414 1700 composuerant,
444 1649 619 1687 iacuisti.
679 1649 869 1697 matrem,
899 1648 1070 1698 patrem,
1100 1646 1348 1698 propinquos
1379 1648 1468 1685 tan-

41 1723 76 1750 33
94 1711 184 1748 tum
215 1710 415 1761 cogitasti.
466 1708 662 1759 numquid
692 1707 884 1760 indulgeo
912 1707 1031 1757 mihi,
1062 1707 1170 1758 quod
1200 1709 1242 1746 te
1272 1708 1372 1758 puto
1404 1719 1469 1746 ex·

94 1771 269 1821 spirasse
298 1770 342 1807 in
374 1781 529 1808 carcere
561 1766 679 1807 meo?

184 1829 374 1869 Nondum
416 1830 539 1869 1113111
583 1829 836 1869 satisfactum
880 1830 950 1868 est.
1020 1829 1211 1879 quoniam
1254 1840 1403 1879 poenas
1443 1839 1469 1866 a

95 1890 357 1930 eadaveribus
394 1891 539 1942 exigis,
583 1889 679 1928 audi
722 1890 931 1940 sequentia
973 1892 1166 1941 tempora
1229 1900 1337 1928 mors
1379 1888 1470 1939 ipsa.
1487 1887 1540 1923 23

94 1951 169 1991 filii
199 1952 264 1990 tui
288 1951 547 2003 naufragium
572 1951 680 2001 fecit,
711 1963 783 2002 per
806 1952 871 1989 tot
900 1949 1045 1990 fluctus
1069 1950 1299 1989 volutatum
1324 1961 1468 1999 corpus

191 2106 213 2138 2
239 2112 457 2138 ammoneor
487 2108 516 2136 V
607 2101 748 2138 honore
772 2107 826 2146 123
850 2101 1031 2137 honorem
1055 2101 1190 2146 reliqui
1286 2104 1310 2135 4
1335 2100 1468 2135 ammi-

94 2150 216 2186 rabile
239 2157 311 2186 BV
402 2154 423 2186 6
450 2149 639 2185 3111111113111
664 2156 708 2185 Μ
799 2149 961 2196 pinnata
985 2155 1066 2193 BV3
1091 2150 1261 2195 pennata
1285 2155 1400 2191 Μιβσ

96 2202 117 2234 9
142 2198 266 2245 possis
290 2205 361 2234 BV
477 2199 670 2234 excusate:
698 2209 836 2234 excusa
866 2204 906 2243 V3
933 2208 1111 2233 excusare
1138 2203 1212 2232 ,111
1328 2208 1404 2232 non
1428 2198 1466 2232 te

94 2247 278 2282 redimere
302 2253 330 2282 V
401 2251 443 2282 11
471 2257 531 2282 me
557 2256 671 2292 quae:
696 2257 801 2292 meq3
826 2253 854 2281 V
923 2245 1136 2281 debebatur
1160 2251 1240 2280 ΒΜ
1310 2249 1356 2280 14
1381 2255 1467 2290 spes

96 2305 135 2339 ςς
161 2305 267 2341 spem
291 2310 322 2330 ω
445 2299 488 2331 17
515 2294 680 2331 molliori
705 2306 750 2331 ex
774 2294 937 2330 mollieri
963 2300 1000 2329 B
1120 2297 1165 2330 18
1197 2294 1327 2339 excepi
1352 2304 1420 2329 om.
1449 2301 1468 2334 β

0 2335 17 2392 ᾗ,
98 2347 141 2379 19
168 2354 283 2390 aegra
314 2350 342 2378 V
434 2347 481 2378 20
507 2343 679 2379 sordidas
703 2342 803 2379 ferro
831 2349 859 2377 V
950 2346 995 2379 21
1023 2344 1096 2378 est:
1123 2353 1162 2378 es
1188 2351 1236 2377 σς
1333 2345 1378 2376 25
1405 2352 1467 2376 ex-

95 2392 260 2438 spirasse
290 2406 328 2434 y:
366 2392 573 2438 inspirasse
604 2397 742 2435 Βηβσς
782 2392 944 2437 spirasse
975 2397 1004 2425 V
1034 2393 1081 2437 (et
1113 2392 1167 2426 sic
1201 2391 1319 2434 Dess.)

97 2443 142 2476 29
169 2439 237 2475 filii
263 2451 309 2476 ex
334 2440 454 2476 filium
486 2447 513 2474 V
623 2439 850 2475 volutatium
875 2445 930 2483 2113
958 2439 1196 2483 voluptatum
1221 2445 1255 2473 J

1206 2499 1251 2532 98
