1638 2560
171 118 259 161 358
543 113 802 151 EXOERPTA
826 111 1160 149 MONAOENSIA.

310 232 565 270 Monacensis
601 231 684 268 631
1011 227 1226 266 Parisinus
1259 225 1430 266 7900A

172 318 243 356 ille
274 315 411 355 tacuit.
449 314 612 353 recessit
636 315 751 365 pater
782 316 822 352 et
895 311 1136 352 adulescens.
1193 306 1369 363 s<ene>x
1396 309 1547 350 tabulis

173 379 329 416 mutato
349 376 590 415 testamento
610 387 821 413 novercam
894 373 1062 411 mutatis
1092 384 1305 412 novercam
1337 371 1548 410 substituit

174 438 269 476 fecit
296 435 490 475 heredem.
537 435 675 474 eadem
706 436 820 473 nocte
894 433 1081 472 heredem
1106 434 1148 472 et
1179 431 1318 471 eadem
1342 433 1459 471 nocte
1484 433 1548 471 tu-

175 498 364 547 strepitus
384 497 427 534 in
441 495 557 534 domo
572 496 661 534 fuit.
694 496 821 533 intra-
860 507 875 534 5
894 494 1027 532 multu
1060 495 1148 532 orto
1179 494 1223 532 in
1254 492 1372 532 domo

173 558 234 597 vit
259 557 415 596 familia
433 557 476 594 in
502 555 730 595 cubiculum
756 555 823 594 do-

173 617 273 657 mini
297 616 530 666 invenitque
565 616 698 667 ipsum
724 616 824 654 occi—
897 615 1085 654 inventus
1096 615 1158 654 est
1167 626 1286 653 senex
1295 626 1376 653 uno
1386 613 1549 654 volnere

175 691 262 717 sum
282 679 322 716 et
340 689 552 716 novercam
576 678 690 715 iuxta
709 676 823 715 cada·
899 676 1069 725 occisus,
1110 686 1282 714 noverca
1314 667 1548 729 (i)u(x)t(a)

174 751 244 777 ver
254 737 825 804 dormientisimilem‚caecum
899 736 1041 775 similis
1074 735 1301 785 dormienti,
1334 746 1476 774 caecus
1506 734 1550 773 in

174 799 367 838 111111111110
378 797 551 836 cubicuh
563 810 625 836 su1
638 798 822 846 stantem,
843 810 878 836 ιο
897 797 1036 836 limine
1086 795 1260 835 cubiculi
1309 796 1373 834 sui
1425 796 1549 844 stans,

176 858 354 911 gladium
404 859 487 897 eius
538 857 609 897 sub
657 857 822 909 pulvino
898 857 1057 908 gladius
1102 857 1211 896 caeci
1257 851 1549 908 cruent<atus>

176 920 440 958 cruentatum.
490 920 679 958 accusant
705 931 744 957 se
763 919 823 956 in—
897 918 970 957 sub
990 917 1157 968 pulvino
1178 917 1316 968 ipsius.
1359 917 1551 956 accusant

176 980 304 1019 vicem
335 991 472 1018 caecus
505 981 546 1017 et
575 991 755 1018 noverca.
897 991 938 1018 se
958 979 1133 1017 invicem
1151 989 1323 1017 noverca
1344 979 1385 1016 et
1398 989 1549 1017 caecus.

266 1100 466 1152 Arguitur
498 1111 632 1138 coram
662 1098 860 1138 iudicibus
893 1111 965 1150 pro
993 1111 1109 1138 caeco
1142 1098 1250 1149 quod
1281 1111 1362 1137 non
1390 1097 1552 1137 videtur

177 1162 334 1211 patrem
365 1159 554 1199 occidisse
586 1161 656 1209 qui
686 1160 818 1210 ipsum
848 1161 1010 1199 tantum
1041 1159 1255 1209 dilexerat,
1294 1157 1403 1209 quod
1435 1171 1475 1198 se
1507 1157 1551 1196 in
1572 1170 1606 1197 15

177 1220 405 1260 incendium
436 1220 564 1269 dedit,
602 1222 648 1258 ut
680 1233 771 1259 eum
803 1220 993 1271 eriperet,
1033 1222 1073 1259 et
1110 1220 1185 1259 hoc
1216 1232 1297 1258 non
1329 1220 1551 1268 contentus,

178 1283 225 1319 ut
256 1281 333 1320 sibi
363 1282 534 1320 matrem
566 1282 606 1320 et
637 1281 745 1332 patri
770 1294 934 1320 uxorem
964 1280 1161 1330 redderet,
1191 1279 1313 1319 rediit
1344 1281 1386 1318 et
1416 1279 1552 1319 oculos

179 1341 325 1381 amisit.
381 1343 590 1392 praeterea
615 1341 813 1391 quomodo
838 1343 975 1392 posset
1004 1343 1064 1380 ita
1097 1342 1212 1380 caute
1237 1342 1295 1379 ire
1321 1340 1373 1379 ad
1403 1340 1553 1379 lectum

180 1402 319 1452 patris,
353 1401 458 1451 quod
489 1415 568 1440 11011
595 1402 813 1452 audiretur,
846 1415 937 1441 cum
960 1403 1172 1453 proprium
1203 1401 1257 1441 sit
1288 1401 1398 1440 caeci
1428 1401 1552 1452 cespi-

180 1464 277 1501 tare.
333 1463 543 1512 praeterea
583 1475 673 1501 cum
704 1464 879 1502 venisset
916 1462 967 1501 ad
999 1462 1230 1502 cubiculum
1263 1462 1405 1512 patris,
1437 1472 1552 1512 opor·
1573 1473 1608 1499 20

181 1524 285 1561 teret
318 1535 434 1572 quem
465 1524 558 1573 post
583 1535 672 1561 cum
697 1536 822 1561 manu
846 1525 1046 1575 tangeret,
1076 1525 1124 1562 ut
1155 1523 1286 1572 sciret,
1317 1522 1365 1560 ut
1395 1522 1553 1572 patrem

181 1583 246 1621 vel
277 1595 490 1622 novercam
525 1585 732 1633 percutere
771 1583 948 1634 deberet3
987 1585 1028 1623 et
1067 1585 1110 1622 in
1146 1583 1219 1622 illo
1259 1583 1373 1622 tactu
1407 1581 1554 1621 excita-

181 1644 293 1681 retur
324 1644 395 1692 qui
424 1644 556 1682 tactus
587 1643 738 1682 fuisset.
794 1645 1003 1694 praeterea
1035 1643 1234 1694 quomodo
1270 1643 1434 1694 poterat
1464 1641 1554 1681 dor-

183 1703 282 1742 mire
314 1715 413 1741 uxor
444 1704 556 1742 iuxta
595 1704 767 1743 occisum
805 1706 846 1743 et
882 1717 963 1744 non
993 1705 1074 1743 fuit
1109 1701 1342 1756 ex<ci>tata
1372 1702 1425 1742 ad
1456 1703 1554 1742 stre-

183 1764 333 1813 pitum,
375 1776 464 1802 cum
504 1764 661 1802 familia
698 1765 871 1803 excitata
911 1765 1035 1804 fuerit
1072 1778 1174 1815 quae
1205 1765 1326 1815 longe
1365 1762 1554 1803 distabat.
1574 1775 1609 1802 25

281 1881 324 1912 21
350 1878 477 1913 utrum
502 1879 674 1923 patrem?
713 1880 892 1916 Hammer

546 2047 672 2094 ipsum
696 2049 847 2083 tantum
873 2048 1050 2085 dilexerit
1081 2049 1122 2083 in
1153 2048 1350 2084 exactione
1375 2046 1555 2083 incendii.

547 2107 631 2131 cum
658 2095 853 2132 audiretur
877 2097 1030 2142 vadens,
1057 2097 1149 2141 quia
1175 2096 1377 2143 cespitane.

185 2154 318 2179 caecus
329 2143 509 2179 nonocci-
547 2156 632 2179 cum
658 2143 887 2180 occidendus
914 2145 1144 2180 excitaretur
1168 2146 1304 2181 tactus.

186 2192 244 2227 dit
261 2192 410 2237 patrem
425 2203 509 2227 cum
547 2203 631 2227 cum
656 2204 750 2228 uxor
773 2192 860 2238 plus
887 2193 1020 2229 debuit
1045 2193 1202 2229 excitari
1231 2203 1347 2238 quam
1371 2191 1531 2228 familia.

519 2194 632 2327 lcum
652 2241 838 2286 quomodo
860 2241 1004 2277 diceret
1024 2252 1210 2278 novercae
1230 2241 1278 2277 de
1296 2251 1450 2285 veneno,
1471 2251 1558 2275 cum

594 2288 757 2325 nesciret
782 2300 831 2325 an
855 2289 981 2335 vellet,
1008 2290 1047 2325 et
1073 2290 1126 2325 sic
1151 2289 1253 2336 patri
1279 2289 1432 2325 diceret.

1268 2421 1348 2446 una
1373 2409 1509 2446 lineola
1534 2420 1558 2444 α
