1638 2560
474 132 795 170 DECLAMATIO
820 131 908 176 XIII
927 135 1032 168 6-8.
1356 131 1446 175 253

62 249 173 302 quod
202 262 283 290 non
314 250 422 289 tanti
453 247 649 298 videmur,
681 250 727 287 ut
757 249 916 300 negent.
967 260 1089 298 porro
1118 249 1191 298 qui
1220 248 1446 288 confessum

63 309 262 360 defendit,
305 322 387 349 non
425 309 720 350 absolutionem
763 308 925 348 sceleris
965 309 1072 359 petit
1111 309 1181 348 sed
1224 309 1444 348 licentiam.

62 371 225 424 longius
254 372 337 411 ista
361 382 485 421 quam
514 370 647 419 timui,
679 370 863 420 quaestio
895 370 1092 419 pervenit.
1142 382 1223 408 non
1249 369 1299 408 de
1329 382 1446 420 prae-

63 433 188 472 terito
210 433 374 471 tantum
398 431 627 483 litigamus:
659 430 734 469 hoc
760 431 908 481 agitur,
933 431 980 468 ut
1005 431 1132 469 etiam
1156 431 1190 469 si
1216 429 1315 480 quid
1341 431 1447 469 forte

28 506 46 533 5
64 504 319 543 reparavero,
347 491 498 531 iterum
529 491 650 530 diviti
680 491 802 530 liceat
833 490 1023 529 occidere.

154 553 203 592 In
228 551 329 592 duas
354 553 474 601 enim,
506 553 704 602 quantum
730 551 1052 590 animadvertere
1083 552 1212 602 potui,
1245 552 1448 602 quaestio-

63 626 135 654 nes
166 613 316 652 dividit
346 625 528 652 eausam:
562 625 614 651 an
639 612 832 651 damnum
863 613 929 661 sit,
961 613 1003 650 et
1034 625 1087 651 an
1117 612 1268 651 iniuria
1293 611 1447 651 datum.

64 675 190 727 negat
225 685 312 714 esse
348 673 560 722 damnum,
592 672 701 723 quod
737 672 891 711 animal
929 672 1103 711 liberum
1141 674 1182 712 et
1212 673 1374 712 volucre
1407 674 1449 712 et

66 747 218 787 vagum
249 735 291 774 et
315 736 429 773 extra
454 734 625 784 imperia
655 734 835 784 positum
866 733 1098 784 perdiderit.
1150 735 1274 785 negat
1297 734 1449 772 iniuria

11 809 48 836 ιο
65 795 219 845 datum,
251 794 359 845 quod
389 796 433 833 in
464 796 626 845 privato
659 806 743 843 suo,
776 794 886 844 quod
910 806 977 833 eas
1004 806 1107 844 quae
1138 794 1218 833 sibi
1245 796 1448 843 nocerent,

68 855 295 905 extinxerit,
319 858 535 906 postremo,
569 854 676 905 quod
703 867 843 905 sparso
867 856 1030 894 tantum
1055 867 1129 905 per
1153 854 1270 894 flores
1295 867 1449 895 veneno

65 917 179 968 ipsae
211 929 307 967 apes
338 916 447 955 ulmo
479 915 532 954 ad
562 917 736 955 mortem
767 916 963 954 venerint.

157 976 216 1017 Ut
245 976 350 1016 nihil
374 978 479 1016 esset
506 976 615 1027 quod
639 976 702 1016 his
727 989 886 1027 possem
910 976 1163 1027 respondere,
1195 988 1336 1015 aecum
1362 977 1451 1015 erat

66 1039 175 1077 infer
205 1037 362 1077 vicinos
393 1038 450 1077 sie
482 1035 578 1089 agi?

12 1112 47 1139 15
159 1097 237 1137 Sed
267 1099 467 1137 excutiam
493 1097 666 1149 singula,
698 1110 770 1136 nec
802 1098 914 1148 prius
940 1098 1040 1137 meis
1066 1098 1315 1149 argumentis
1340 1098 1451 1136 nitar

68 1172 191 1210 quam
227 1158 387 1198 diversa
429 1159 662 1209 reppulero,
707 1159 900 1208 quoniam
937 1158 1101 1209 quidem
1139 1159 1360 1209 quaeritur,
1399 1171 1450 1197 an

67 1220 260 1259 damnum
291 1220 346 1258 sit
376 1219 542 1269 perdere
575 1219 683 1269 quod
714 1219 872 1258 luorum
904 1220 964 1258 est
998 1219 1158 1258 habere.

157 1279 350 1319 Liberum
381 1281 443 1319 est
474 1279 638 1328 animal,
669 1282 788 1330 puta:
820 1292 901 1318 non
932 1279 1022 1319 dico
1054 1280 1160 1319 fetus
1191 1280 1292 1318 meis
1320 1280 1450 1318 mani-

67 1340 142 1380 bus
174 1342 360 1391 exceptos
392 1343 433 1379 et
464 1342 508 1379 in
539 1342 674 1379 tut-am
704 1340 886 1380 conditos
919 1340 1054 1379 sedem
1085 1342 1126 1379 et
1156 1341 1373 1380 reservatis
1400 1339 1453 1379 ad

14 1415 51 1442 so
70 1401 351 1452 supplementa
388 1402 545 1453 generis
583 1401 689 1440 favis
728 1413 895 1439 examen
933 1401 1215 1450 vernaculum,
1261 1402 1453 1451 quoniam

69 1461 233 1512 quidem
263 1464 531 1512 tyrannorum
562 1463 652 1500 iura
684 1461 884 1511 defendis,
922 1463 1040 1501 natos
1074 1462 1118 1499 in
1156 1463 1319 1517 privato
1350 1474 1453 1501 meo.

68 1525 169 1574 puta
196 1535 261 1562 me
286 1523 352 1561 vel
376 1523 510 1562 inanis
538 1522 692 1561 arboris
718 1524 861 1561 trunco
887 1522 953 1561 vel
979 1523 1089 1561 cavis
1114 1523 1300 1562 inventos
1324 1522 1453 1572 petris

69 1583 234 1623 domum
276 1583 391 1622 favos
435 1582 641 1622 retulisse:
690 1583 820 1622 multa
863 1583 1127 1622 nihilominus
1173 1595 1277 1633 quae
1324 1582 1454 1622 libera

69 1644 249 1692 fuerant,
293 1645 506 1683 transeunt
549 1644 593 1681 in
633 1644 696 1683 ius
738 1645 1024 1694 occupantium
1068 1644 1174 1683 sicut
1210 1645 1374 1683 venatio
1413 1645 1455 1682 et

15 1717 51 1744 25
71 1705 300 1754 aucupatio.
351 1716 447 1742 nam
473 1706 519 1742 ut
538 1706 672 1743 cetera
692 1705 886 1743 animalia
910 1704 1121 1743 hominum
1146 1717 1268 1744 causa
1293 1703 1456 1743 finxerit

70 1764 328 1816 providentia
349 1764 456 1815 quod
476 1764 662 1804 omnibus
681 1766 874 1814 nascitur,
891 1764 1116 1804 industriae
1136 1766 1363 1816 praemium
1382 1767 1453 1805 est.

172 1920 191 1952 1
218 1917 264 1951 ut
286 1927 356 1952 om.
378 1922 415 1951 P
506 1920 526 1951 2
553 1915 706 1952 sceleris
732 1928 777 1953 eoe
803 1927 859 1952 -es
884 1923 928 1952 Μ
1022 1920 1044 1952 3
1072 1916 1120 1953 de
1145 1928 1213 1953 om.
1241 1923 1268 1952 t·
1351 1921 1372 1952 5
1398 1927 1454 1952 re-

71 1975 254 2011 paravero
282 1973 319 2000 e:
352 1975 629 2011 praeparavero
655 1980 686 2000 ω
797 1969 818 2000 6
853 1965 983 2020 aninia
1014 1967 1160 2001 vertere
1185 1972 1231 2010 B,
1258 1965 1283 2000 d
1308 1977 1410 2012 supr.
1432 1972 1457 2000 o

74 2040 93 2072 7
120 2037 172 2072 sit
196 2048 264 2073 om.
291 2044 319 2071 V
396 2037 566 2072 dannum
586 2043 623 2072 P
700 2048 749 2073 an
774 2039 814 2073 et
838 2047 859 2081 ρ
931 2026 1074 2073 111iuria
1099 2045 1128 2073 V
1209 2041 1230 2073 8
1257 2037 1398 2073 librum
1424 2044 1461 2073 P

0 2089 2 2091 ’
74 2090 118 2121 11
152 2085 380 2132 θιὺίιιιετὶξῐ
405 2088 444 2132 (n
470 2087 532 2131 er.)
554 2092 598 2121 M
718 2090 762 2122 13
789 2097 884 2122 aecu
909 2093 955 2130 B,
982 2088 1060 2132 qufi
1090 2098 1193 2133 supr.
1215 2094 1256 2131 ὸς
1292 2097 1457 2132 aequum

0 2191 5 2210 ÷,
71 2159 209 2204 reliqui
310 2162 353 2193 14
380 2158 444 2205 agi
471 2158 554 2194 sed:
582 2158 706 2206 egisse
731 2165 760 2194 V
854 2163 898 2195 19
925 2147 1103 2206 except0⁸
1129 2165 1167 2194 B
1239 2160 1307 2195 sed
1333 2159 1373 2194 in
1393 2165 1463 2194 ΒΓ

0 2227 10 2271 ξ
73 2233 120 2266 20
146 2230 386 2276 suplementa
405 2237 486 2266 ΒΜ
501 2234 606 2278 (corr.
627 2233 683 2276 m)
747 2236 790 2267 21
818 2231 992 2267 defendis
1019 2241 1054 2275 βε
1082 2243 1138 2267 ·es
1160 2241 1214 2267 ασ
1278 2235 1323 2267 22
1350 2219 1456 2267 tusto

3 2286 10 2321 s
72 2308 111 2338 B
157 2303 281 2348 pecris
302 2309 338 2338 Ρ
409 2308 454 2339 23
482 2303 661 2339 reculisse
682 2310 718 2339 Ρ
782 2304 1075 2340 nihilhominus
1094 2311 1132 2339 B
1204 2309 1250 2340 24
1275 2292 1404 2339 fuerat
1423 2310 1460 2338 Β

75 2354 121 2386 25
146 2350 322 2407 firmet-131:
348 2358 390 2387 J!
479 2356 525 2387 26
552 2353 727 2388 omnibus
752 2365 798 2389 ex
823 2353 1013 2388 ominibus
1042 2359 1092 2397 ης
1118 2353 1336 2388 hominibus
1363 2358 1391 2386 Γ

77 2412 268 2481 111ᾶ113τῐξι
298 2412 319 2481 {³
343 2426 386 2460 in
404 2436 478 2461 ras.
502 2431 543 2460 ,η
