<?xml version="1.0" encoding="UTF-8"?>
<!DOCTYPE html PUBLIC "-//W3C//DTD XHTML 1.0 Transitional//EN"
    "http://www.w3.org/TR/xhtml1/DTD/xhtml1-transitional.dtd">
<html xmlns="http://www.w3.org/1999/xhtml" xml:lang="en" lang="en">
 <head>
  <title>
</title>
<meta http-equiv="Content-Type" content="text/html;charset=utf-8" />
  <meta name='ocr-system' content='tesseract 3.04.00' />
  <meta name='ocr-capabilities' content='ocr_page ocr_carea ocr_par ocr_line ocrx_word'/>
</head>
<body>
  <div class='ocr_page' id='page_1' title='image "./quintilianiquaef00lehnuoft_0301.png"; bbox 0 0 1638 2560; ppageno 0'>
   <div class='ocr_carea' id='block_1_1' title="bbox 401 95 1480 142">
    <p class='ocr_par' dir='ltr' id='par_1_1' title="bbox 401 95 1480 142">
     <span class='ocr_line' id='line_1_1' title="bbox 401 95 1480 142; baseline 0.001 -9"><span class='ocrx_word' id='word_1_1' title='bbox 401 95 719 134; x_wconf 72' lang='lat' dir='ltr'>DEOLAMATIO</span> <span class='ocrx_word' id='word_1_2' title='bbox 745 96 833 133; x_wconf 83' lang='lat' dir='ltr'>xm</span> <span class='ocrx_word' id='word_1_3' title='bbox 852 99 994 133; x_wconf 76' lang='lat'>18—19</span> <span class='ocrx_word' id='word_1_4' title='bbox 1018 95 1106 132; x_wconf 84' lang='lat' dir='ltr'>XIV</span> <span class='ocrx_word' id='word_1_5' title='bbox 1128 101 1158 132; x_wconf 95' lang='lat'>1.</span> <span class='ocrx_word' id='word_1_6' title='bbox 1369 96 1480 142; x_wconf 61' lang='lat'>265</span> 
     </span>
    </p>
   </div>
   <div class='ocr_carea' id='block_1_2' title="bbox 573 354 1005 513">
    <p class='ocr_par' dir='ltr' id='par_1_2' title="bbox 573 354 1005 513">
     <span class='ocr_line' id='line_1_2' title="bbox 725 354 853 403; baseline 0 0"><span class='ocrx_word' id='word_1_7' title='bbox 725 354 853 403; x_wconf 88' lang='lat' dir='ltr'><strong>XIV.</strong></span> 
     </span>
     <span class='ocr_line' id='line_1_3' title="bbox 573 463 1005 513; baseline -0.002 -1"><span class='ocrx_word' id='word_1_8' title='bbox 573 463 707 513; x_wconf 91' lang='lat' dir='ltr'>ODII</span> <span class='ocrx_word' id='word_1_9' title='bbox 743 463 932 512; x_wconf 87' lang='grc' dir='ltr'>ΡΟΤΙΟ</span> <span class='ocrx_word' id='word_1_10' title='bbox 969 464 1005 512; x_wconf 91' lang='grc' dir='ltr'>Ι.</span> 
     </span>
    </p>
   </div>
   <div class='ocr_carea' id='block_1_3' title="bbox 102 598 1482 701">
    <p class='ocr_par' dir='ltr' id='par_1_3' title="bbox 102 598 1482 701">
     <span class='ocr_line' id='line_1_4' title="bbox 102 598 1482 651; baseline -0.001 -11"><span class='ocrx_word' id='word_1_11' title='bbox 102 600 295 640; x_wconf 65' lang='lat' dir='ltr'>Meretrix</span> <span class='ocrx_word' id='word_1_12' title='bbox 332 601 506 639; x_wconf 82' lang='lat' dir='ltr'>amatori</span> <span class='ocrx_word' id='word_1_13' title='bbox 537 612 608 639; x_wconf 93' lang='lat' dir='ltr'>suo</span> <span class='ocrx_word' id='word_1_14' title='bbox 640 600 811 651; x_wconf 82' lang='lat' dir='ltr'>pauperi</span> <span class='ocrx_word' id='word_1_15' title='bbox 842 598 954 638; x_wconf 83' lang='lat' dir='ltr'>dedit</span> <span class='ocrx_word' id='word_1_16' title='bbox 986 599 1069 638; x_wconf 87' lang='lat' dir='ltr'>odii</span> <span class='ocrx_word' id='word_1_17' title='bbox 1105 600 1323 650; x_wconf 67' lang='lat' dir='ltr'>potionem.</span> <span class='ocrx_word' id='word_1_18' title='bbox 1387 598 1482 638; x_wconf 79' lang='lat' dir='ltr'>ado·</span> 
     </span>
     <span class='ocr_line' id='line_1_5' title="bbox 163 659 1240 701; baseline -0.003 0"><span class='ocrx_word' id='word_1_19' title='bbox 163 661 315 701; x_wconf 81' lang='lat' dir='ltr'>lescens</span> <span class='ocrx_word' id='word_1_20' title='bbox 347 660 467 700; x_wconf 86' lang='lat' dir='ltr'>desiit</span> <span class='ocrx_word' id='word_1_21' title='bbox 500 673 645 699; x_wconf 81' lang='lat' dir='ltr'>amare.</span> <span class='ocrx_word' id='word_1_22' title='bbox 709 662 872 699; x_wconf 79' lang='lat' dir='ltr'>accusat</span> <span class='ocrx_word' id='word_1_23' title='bbox 902 660 1016 699; x_wconf 84' lang='lat' dir='ltr'>illam</span> <span class='ocrx_word' id='word_1_24' title='bbox 1048 659 1240 699; x_wconf 85' lang='lat' dir='ltr'>veneficii.</span> 
     </span>
    </p>
   </div>
   <div class='ocr_carea' id='block_1_4' title="bbox 50 793 1531 1721">
    <p class='ocr_par' dir='ltr' id='par_1_4' title="bbox 67 793 1531 1088">
     <span class='ocr_line' id='line_1_6' title="bbox 67 793 1531 844; baseline -0.004 -9"><span class='ocrx_word' id='word_1_25' title='bbox 67 808 84 835; x_wconf 72' lang='lat'><strong>5</strong></span> <span class='ocrx_word' id='word_1_26' title='bbox 195 794 347 843; x_wconf 78' lang='lat' dir='ltr'>Sentio,</span> <span class='ocrx_word' id='word_1_27' title='bbox 378 793 542 841; x_wconf 88' lang='lat' dir='ltr'>iudices,</span> <span class='ocrx_word' id='word_1_28' title='bbox 573 794 677 832; x_wconf 82' lang='lat' dir='ltr'>hanc</span> <span class='ocrx_word' id='word_1_29' title='bbox 709 806 868 844; x_wconf 91' lang='lat' dir='ltr'>quoque</span> <span class='ocrx_word' id='word_1_30' title='bbox 894 793 1196 833; x_wconf 69' lang='lat' dir='ltr'>calamitatibus</span> <span class='ocrx_word' id='word_1_31' title='bbox 1220 794 1320 833; x_wconf 90' lang='lat' dir='ltr'>meis</span> <span class='ocrx_word' id='word_1_32' title='bbox 1349 806 1478 832; x_wconf 84' lang='lat' dir='ltr'>acces·</span> <span class='ocrx_word' id='word_1_33' title='bbox 1506 793 1531 829; x_wconf 92' lang='lat'>1</span> 
     </span>
     <span class='ocr_line' id='line_1_7' title="bbox 103 853 1482 903; baseline -0.003 -8"><span class='ocrx_word' id='word_1_34' title='bbox 103 856 203 895; x_wconf 72' lang='lat' dir='ltr'>nisse</span> <span class='ocrx_word' id='word_1_35' title='bbox 234 855 470 903; x_wconf 77' lang='lat' dir='ltr'>novitatem,</span> <span class='ocrx_word' id='word_1_36' title='bbox 505 856 552 892; x_wconf 89' lang='lat' dir='ltr'>ut</span> <span class='ocrx_word' id='word_1_37' title='bbox 582 854 697 894; x_wconf 83' lang='lat' dir='ltr'>vobis</span> <span class='ocrx_word' id='word_1_38' title='bbox 727 853 907 893; x_wconf 88' lang='lat' dir='ltr'>nondum</span> <span class='ocrx_word' id='word_1_39' title='bbox 939 854 1079 893; x_wconf 84' lang='lat' dir='ltr'>videar</span> <span class='ocrx_word' id='word_1_40' title='bbox 1109 853 1252 894; x_wconf 84' lang='lat' dir='ltr'>odisse.</span> <span class='ocrx_word' id='word_1_41' title='bbox 1314 866 1387 893; x_wconf 90' lang='lat' dir='ltr'>nec</span> <span class='ocrx_word' id='word_1_42' title='bbox 1418 867 1482 892; x_wconf 91' lang='lat' dir='ltr'>me</span> 
     </span>
     <span class='ocr_line' id='line_1_8' title="bbox 103 914 1482 966; baseline -0.001 -11"><span class='ocrx_word' id='word_1_43' title='bbox 103 916 317 966; x_wconf 69' lang='lat' dir='ltr'>praeterit,</span> <span class='ocrx_word' id='word_1_44' title='bbox 353 915 574 966; x_wconf 84' lang='lat' dir='ltr'>plurimum</span> <span class='ocrx_word' id='word_1_45' title='bbox 611 915 743 965; x_wconf 86' lang='lat' dir='ltr'>perire</span> <span class='ocrx_word' id='word_1_46' title='bbox 781 914 829 954; x_wconf 89' lang='lat' dir='ltr'>de</span> <span class='ocrx_word' id='word_1_47' title='bbox 866 916 1176 954; x_wconf 71' lang='lat' dir='ltr'><strong>nocentissimae</strong></span> <span class='ocrx_word' id='word_1_48' title='bbox 1212 916 1390 965; x_wconf 87' lang='lat' dir='ltr'>potionis</span> <span class='ocrx_word' id='word_1_49' title='bbox 1421 915 1482 953; x_wconf 89' lang='lat' dir='ltr'>in-</span> 
     </span>
     <span class='ocr_line' id='line_1_9' title="bbox 105 975 1484 1027; baseline -0.002 -11"><span class='ocrx_word' id='word_1_50' title='bbox 105 975 234 1026; x_wconf 74' lang='lat' dir='ltr'>vidia,</span> <span class='ocrx_word' id='word_1_51' title='bbox 265 975 362 1015; x_wconf 88' lang='lat' dir='ltr'>dum</span> <span class='ocrx_word' id='word_1_52' title='bbox 392 989 456 1015; x_wconf 88' lang='lat' dir='ltr'>me</span> <span class='ocrx_word' id='word_1_53' title='bbox 486 976 643 1026; x_wconf 64' lang='lat' dir='ltr'>putatis</span> <span class='ocrx_word' id='word_1_54' title='bbox 674 975 804 1014; x_wconf 80' lang='lat' dir='ltr'>adhuc</span> <span class='ocrx_word' id='word_1_55' title='bbox 838 976 1084 1027; x_wconf 83' lang='lat' dir='ltr'>inpatientia</span> <span class='ocrx_word' id='word_1_56' title='bbox 1114 976 1248 1026; x_wconf 88' lang='lat' dir='ltr'>priore</span> <span class='ocrx_word' id='word_1_57' title='bbox 1279 976 1484 1014; x_wconf 85' lang='lat' dir='ltr'>miserum.</span> 
     </span>
     <span class='ocr_line' id='line_1_10' title="bbox 105 1029 1484 1088; baseline -0.001 -12"><span class='ocrx_word' id='word_1_58' title='bbox 105 1029 254 1088; x_wconf 67' lang='lat' dir='ltr'>quaeso</span> <span class='ocrx_word' id='word_1_59' title='bbox 291 1038 428 1075; x_wconf 78' lang='lat' dir='ltr'>tamen</span> <span class='ocrx_word' id='word_1_60' title='bbox 459 1036 524 1075; x_wconf 86' lang='lat' dir='ltr'>vel</span> <span class='ocrx_word' id='word_1_61' title='bbox 553 1035 648 1075; x_wconf 84' lang='lat' dir='ltr'>hinc</span> <span class='ocrx_word' id='word_1_62' title='bbox 684 1037 816 1075; x_wconf 78' lang='lat' dir='ltr'>totam</span> <span class='ocrx_word' id='word_1_63' title='bbox 847 1036 975 1075; x_wconf 66' lang='lat' dir='ltr'>delata·</span> <span class='ocrx_word' id='word_1_64' title='bbox 1004 1036 1164 1075; x_wconf 87' lang='lat' dir='ltr'>sceleris</span> <span class='ocrx_word' id='word_1_65' title='bbox 1202 1035 1484 1086; x_wconf 72' lang='lat' dir='ltr'>probationem</span> 
     </span>
    </p>

    <p class='ocr_par' dir='ltr' id='par_1_5' title="bbox 50 1097 1486 1389">
     <span class='ocr_line' id='line_1_11' title="bbox 50 1097 1486 1150; baseline -0.003 -11"><span class='ocrx_word' id='word_1_66' title='bbox 50 1112 86 1139; x_wconf 82' lang='grc' dir='ltr'>ιο</span> <span class='ocrx_word' id='word_1_67' title='bbox 105 1097 286 1150; x_wconf 70' lang='lat' dir='ltr'>gravitas</span> <span class='ocrx_word' id='word_1_68' title='bbox 323 1099 458 1136; x_wconf 67' lang='lat' dir='ltr'>vesu-a</span> <span class='ocrx_word' id='word_1_69' title='bbox 495 1097 734 1147; x_wconf 78' lang='lat' dir='ltr'>prospiciat,</span> <span class='ocrx_word' id='word_1_70' title='bbox 778 1097 887 1146; x_wconf 89' lang='lat' dir='ltr'>quod</span> <span class='ocrx_word' id='word_1_71' title='bbox 923 1097 1055 1136; x_wconf 88' lang='lat' dir='ltr'>dolori</span> <span class='ocrx_word' id='word_1_72' title='bbox 1090 1109 1180 1136; x_wconf 91' lang='lat' dir='ltr'>meo</span> <span class='ocrx_word' id='word_1_73' title='bbox 1218 1097 1486 1147; x_wconf 81' lang='lat' dir='ltr'>querelaeque</span> 
     </span>
     <span class='ocr_line' id='line_1_12' title="bbox 104 1157 1486 1208; baseline -0.001 -11"><span class='ocrx_word' id='word_1_74' title='bbox 104 1170 186 1198; x_wconf 89' lang='lat' dir='ltr'>non</span> <span class='ocrx_word' id='word_1_75' title='bbox 215 1157 410 1197; x_wconf 85' lang='lat' dir='ltr'>ereditur:</span> <span class='ocrx_word' id='word_1_76' title='bbox 447 1170 520 1196; x_wconf 87' lang='lat' dir='ltr'>nee</span> <span class='ocrx_word' id='word_1_77' title='bbox 552 1170 643 1196; x_wconf 88' lang='lat' dir='ltr'>amo</span> <span class='ocrx_word' id='word_1_78' title='bbox 675 1157 747 1208; x_wconf 90' lang='lat' dir='ltr'>qui</span> <span class='ocrx_word' id='word_1_79' title='bbox 779 1170 965 1197; x_wconf 79' lang='lat' dir='ltr'>accusare</span> <span class='ocrx_word' id='word_1_80' title='bbox 996 1170 1178 1208; x_wconf 89' lang='lat' dir='ltr'>possum,</span> <span class='ocrx_word' id='word_1_81' title='bbox 1209 1170 1281 1196; x_wconf 89' lang='lat' dir='ltr'>nec</span> <span class='ocrx_word' id='word_1_82' title='bbox 1313 1157 1381 1196; x_wconf 88' lang='lat' dir='ltr'>odi</span> <span class='ocrx_word' id='word_1_83' title='bbox 1413 1158 1486 1207; x_wconf 88' lang='lat' dir='ltr'>qui</span> 
     </span>
     <span class='ocr_line' id='line_1_13' title="bbox 105 1216 1485 1269; baseline -0.001 -11"><span class='ocrx_word' id='word_1_84' title='bbox 105 1231 240 1258; x_wconf 69' lang='lat' dir='ltr'>amare</span> <span class='ocrx_word' id='word_1_85' title='bbox 272 1218 447 1257; x_wconf 80' lang='lat' dir='ltr'>mallem.</span> <span class='ocrx_word' id='word_1_86' title='bbox 499 1217 597 1268; x_wconf 90' lang='lat' dir='ltr'>quid</span> <span class='ocrx_word' id='word_1_87' title='bbox 628 1219 689 1257; x_wconf 91' lang='lat' dir='ltr'>est</span> <span class='ocrx_word' id='word_1_88' title='bbox 720 1218 833 1257; x_wconf 84' lang='lat' dir='ltr'>aliud</span> <span class='ocrx_word' id='word_1_89' title='bbox 860 1218 968 1269; x_wconf 90' lang='lat' dir='ltr'>quod</span> <span class='ocrx_word' id='word_1_90' title='bbox 999 1217 1086 1257; x_wconf 89' lang='lat' dir='ltr'>bibi</span> <span class='ocrx_word' id='word_1_91' title='bbox 1110 1231 1233 1268; x_wconf 80' lang='lat' dir='ltr'>quam</span> <span class='ocrx_word' id='word_1_92' title='bbox 1258 1216 1485 1257; x_wconf 81' lang='lat' dir='ltr'>venenum?</span> 
     </span>
     <span class='ocr_line' id='line_1_14' title="bbox 104 1278 1486 1331; baseline -0.001 -13"><span class='ocrx_word' id='word_1_93' title='bbox 104 1278 202 1318; x_wconf 84' lang='lat' dir='ltr'>lieet</span> <span class='ocrx_word' id='word_1_94' title='bbox 231 1280 358 1331; x_wconf 88' lang='lat' dir='ltr'>igitur</span> <span class='ocrx_word' id='word_1_95' title='bbox 388 1278 671 1318; x_wconf 81' lang='lat' dir='ltr'>nocentissima</span> <span class='ocrx_word' id='word_1_96' title='bbox 697 1278 941 1317; x_wconf 86' lang='lat' dir='ltr'>feminarum</span> <span class='ocrx_word' id='word_1_97' title='bbox 965 1278 1099 1317; x_wconf 84' lang='lat' dir='ltr'>rideat</span> <span class='ocrx_word' id='word_1_98' title='bbox 1124 1278 1232 1328; x_wconf 88' lang='lat' dir='ltr'>quod</span> <span class='ocrx_word' id='word_1_99' title='bbox 1257 1291 1411 1327; x_wconf 80' lang='lat' dir='ltr'>accuso,</span> <span class='ocrx_word' id='word_1_100' title='bbox 1443 1282 1486 1317; x_wconf 90' lang='lat' dir='ltr'>et</span> 
     </span>
     <span class='ocr_line' id='line_1_15' title="bbox 105 1338 1485 1389; baseline -0.002 -9"><span class='ocrx_word' id='word_1_101' title='bbox 105 1339 427 1380; x_wconf 69' lang='lat' dir='ltr'>manifestissimi</span> <span class='ocrx_word' id='word_1_102' title='bbox 458 1339 617 1378; x_wconf 78' lang='lat' dir='ltr'>sceleris</span> <span class='ocrx_word' id='word_1_103' title='bbox 650 1339 896 1378; x_wconf 89' lang='lat' dir='ltr'>confessione</span> <span class='ocrx_word' id='word_1_104' title='bbox 928 1352 1002 1389; x_wconf 88' lang='lat' dir='ltr'>per</span> <span class='ocrx_word' id='word_1_105' title='bbox 1032 1338 1253 1377; x_wconf 82' lang='lat' dir='ltr'>ludibrium</span> <span class='ocrx_word' id='word_1_106' title='bbox 1284 1339 1485 1378; x_wconf 78' lang='lat' dir='ltr'>malorum</span> 
     </span>
    </p>

    <p class='ocr_par' dir='ltr' id='par_1_6' title="bbox 52 1396 1487 1693">
     <span class='ocr_line' id='line_1_16' title="bbox 52 1396 1486 1451; baseline -0.001 -11"><span class='ocrx_word' id='word_1_107' title='bbox 52 1415 87 1441; x_wconf 69' lang='grc' dir='ltr'>ιε</span> <span class='ocrx_word' id='word_1_108' title='bbox 105 1399 274 1440; x_wconf 76' lang='lat' dir='ltr'>evadere</span> <span class='ocrx_word' id='word_1_109' title='bbox 310 1401 483 1450; x_wconf 76' lang='lat' dir='ltr'>temptet</span> <span class='ocrx_word' id='word_1_110' title='bbox 520 1412 718 1448; x_wconf 81' lang='lat' dir='ltr'>meorum,</span> <span class='ocrx_word' id='word_1_111' title='bbox 749 1396 896 1451; x_wconf 81' lang='lat' dir='ltr'>&lt;quasi</span> <span class='ocrx_word' id='word_1_112' title='bbox 934 1396 1083 1451; x_wconf 87' lang='lat' dir='ltr'>es&gt;set,</span> <span class='ocrx_word' id='word_1_113' title='bbox 1122 1399 1229 1450; x_wconf 87' lang='lat' dir='ltr'>quod</span> <span class='ocrx_word' id='word_1_114' title='bbox 1266 1399 1385 1438; x_wconf 89' lang='lat' dir='ltr'>hodie</span> <span class='ocrx_word' id='word_1_115' title='bbox 1419 1412 1486 1438; x_wconf 90' lang='lat' dir='ltr'>me</span> 
     </span>
     <span class='ocr_line' id='line_1_17' title="bbox 105 1460 1486 1512; baseline -0.001 -12"><span class='ocrx_word' id='word_1_116' title='bbox 105 1462 269 1512; x_wconf 82' lang='lat' dir='ltr'>torquet</span> <span class='ocrx_word' id='word_1_117' title='bbox 305 1473 352 1500; x_wconf 86' lang='lat' dir='ltr'>ac</span> <span class='ocrx_word' id='word_1_118' title='bbox 390 1460 560 1508; x_wconf 83' lang='lat' dir='ltr'>lacerat,</span> <span class='ocrx_word' id='word_1_119' title='bbox 605 1460 713 1510; x_wconf 89' lang='lat' dir='ltr'>quod</span> <span class='ocrx_word' id='word_1_120' title='bbox 750 1473 774 1499; x_wconf 84' lang='lat' dir='ltr'>a</span> <span class='ocrx_word' id='word_1_121' title='bbox 812 1460 1051 1499; x_wconf 79' lang='lat' dir='ltr'>deterrimae</span> <span class='ocrx_word' id='word_1_122' title='bbox 1089 1460 1269 1500; x_wconf 86' lang='lat' dir='ltr'>mulieris</span> <span class='ocrx_word' id='word_1_123' title='bbox 1314 1461 1486 1500; x_wconf 74' lang='lat' dir='ltr'>caritate</span> 
     </span>
     <span class='ocr_line' id='line_1_18' title="bbox 104 1516 1486 1574; baseline 0 -14"><span class='ocrx_word' id='word_1_124' title='bbox 104 1521 286 1562; x_wconf 82' lang='lat' dir='ltr'>discessi:</span> <span class='ocrx_word' id='word_1_125' title='bbox 326 1517 413 1574; x_wconf 90' lang='lat' dir='ltr'>[sed</span> <span class='ocrx_word' id='word_1_126' title='bbox 453 1516 579 1573; x_wconf 89' lang='lat' dir='ltr'>quod]</span> <span class='ocrx_word' id='word_1_127' title='bbox 617 1520 785 1559; x_wconf 86' lang='lat' dir='ltr'>remedii</span> <span class='ocrx_word' id='word_1_128' title='bbox 823 1522 904 1559; x_wconf 89' lang='lat' dir='ltr'>mei</span> <span class='ocrx_word' id='word_1_129' title='bbox 939 1522 1075 1572; x_wconf 77' lang='lat' dir='ltr'>patior</span> <span class='ocrx_word' id='word_1_130' title='bbox 1111 1520 1302 1561; x_wconf 86' lang='lat' dir='ltr'>dolorem.</span> <span class='ocrx_word' id='word_1_131' title='bbox 1364 1520 1486 1560; x_wconf 89' lang='lat' dir='ltr'>fidem</span> 
     </span>
     <span class='ocr_line' id='line_1_19' title="bbox 106 1581 1487 1632; baseline -0.001 -10"><span class='ocrx_word' id='word_1_132' title='bbox 106 1582 303 1622; x_wconf 77' lang='lat' dir='ltr'>iustitiae!</span> <span class='ocrx_word' id='word_1_133' title='bbox 340 1581 460 1620; x_wconf 91' lang='lat' dir='ltr'>fidem</span> <span class='ocrx_word' id='word_1_134' title='bbox 498 1582 726 1620; x_wconf 81' lang='lat' dir='ltr'>severitatis</span> <span class='ocrx_word' id='word_1_135' title='bbox 763 1581 979 1620; x_wconf 78' lang='lat' dir='ltr'>humanae!</span> <span class='ocrx_word' id='word_1_136' title='bbox 1018 1595 1067 1620; x_wconf 90' lang='lat' dir='ltr'>ne</span> <span class='ocrx_word' id='word_1_137' title='bbox 1101 1582 1305 1621; x_wconf 67' lang='lat' dir='ltr'>meretrici</span> <span class='ocrx_word' id='word_1_138' title='bbox 1342 1582 1487 1632; x_wconf 82' lang='lat' dir='ltr'>prosit,</span> 
     </span>
     <span class='ocr_line' id='line_1_20' title="bbox 106 1641 1487 1721; baseline -0.001 -40"><span class='ocrx_word' id='word_1_139' title='bbox 106 1642 170 1682; x_wconf 83' lang='lat' dir='ltr'>vel</span> <span class='ocrx_word' id='word_1_140' title='bbox 203 1642 311 1692; x_wconf 91' lang='lat' dir='ltr'>quod</span> <span class='ocrx_word' id='word_1_141' title='bbox 347 1643 693 1721; x_wconf 76' lang='lat' dir='ltr'>praevaricatione</span> <span class='ocrx_word' id='word_1_142' title='bbox 725 1641 864 1680; x_wconf 76' lang='lat' dir='ltr'>videor</span> <span class='ocrx_word' id='word_1_143' title='bbox 902 1642 1135 1693; x_wconf 83' lang='lat' dir='ltr'>explicatus.</span> <span class='ocrx_word' id='word_1_144' title='bbox 1196 1655 1271 1692; x_wconf 88' lang='lat' dir='ltr'>pro</span> <span class='ocrx_word' id='word_1_145' title='bbox 1302 1656 1365 1681; x_wconf 90' lang='lat' dir='ltr'>me</span> <span class='ocrx_word' id='word_1_146' title='bbox 1402 1643 1487 1681; x_wconf 87' lang='lat' dir='ltr'>for-</span> 
     </span>
    </p>
   </div>
   <div class='ocr_carea' id='block_1_5' title="bbox 105 1756 1491 1950">
    <p class='ocr_par' dir='ltr' id='par_1_7' title="bbox 105 1756 1491 1950">
     <span class='ocr_line' id='line_1_21' title="bbox 203 1756 1485 1804; baseline 0 -12"><span class='ocrx_word' id='word_1_147' title='bbox 203 1759 468 1804; x_wconf 79' lang='lat' dir='ltr'>argumentum</span> <span class='ocrx_word' id='word_1_148' title='bbox 494 1768 562 1793; x_wconf 79' lang='lat' dir='ltr'>om</span> <span class='ocrx_word' id='word_1_149' title='bbox 583 1763 664 1791; x_wconf 67' lang='grc' dir='ltr'>ΒΜ</span> <span class='ocrx_word' id='word_1_150' title='bbox 685 1758 740 1803; x_wconf 77' lang='lat' dir='ltr'>(in</span> <span class='ocrx_word' id='word_1_151' title='bbox 761 1769 878 1804; x_wconf 77' lang='lat' dir='ltr'>mary.</span> <span class='ocrx_word' id='word_1_152' title='bbox 899 1758 986 1793; x_wconf 77' lang='lat' dir='ltr'>add.</span> <span class='ocrx_word' id='word_1_153' title='bbox 1006 1759 1062 1803; x_wconf 80' lang='lat' dir='ltr'>m)</span> <span class='ocrx_word' id='word_1_154' title='bbox 1082 1763 1109 1792; x_wconf 89' lang='lat' dir='ltr'>S</span> <span class='ocrx_word' id='word_1_155' title='bbox 1178 1756 1336 1793; x_wconf 86' lang='lat' dir='ltr'>CAVSA</span> <span class='ocrx_word' id='word_1_156' title='bbox 1355 1757 1424 1792; x_wconf 91' lang='lat' dir='ltr'>XV</span> <span class='ocrx_word' id='word_1_157' title='bbox 1442 1759 1485 1793; x_wconf 81' lang='lat' dir='ltr'>in</span> 
     </span>
     <span class='ocr_line' id='line_1_22' title="bbox 107 1805 1486 1862; baseline -0.001 -20"><span class='ocrx_word' id='word_1_158' title='bbox 107 1817 221 1862; x_wconf 62' lang='lat' dir='ltr'>marg.</span> <span class='ocrx_word' id='word_1_159' title='bbox 248 1806 366 1842; x_wconf 80' lang='lat' dir='ltr'>minio</span> <span class='ocrx_word' id='word_1_160' title='bbox 387 1806 492 1851; x_wconf 78' lang='lat' dir='ltr'>picta</span> <span class='ocrx_word' id='word_1_161' title='bbox 518 1811 561 1840; x_wconf 81' lang='grc'>11</span> <span class='ocrx_word' id='word_1_162' title='bbox 678 1805 817 1851; x_wconf 84' lang='lat' dir='ltr'>incipit</span> <span class='ocrx_word' id='word_1_163' title='bbox 841 1805 1012 1841; x_wconf 85' lang='lat' dir='ltr'>eiusdem</span> <span class='ocrx_word' id='word_1_164' title='bbox 1038 1806 1086 1841; x_wconf 90' lang='lat' dir='ltr'>de</span> <span class='ocrx_word' id='word_1_165' title='bbox 1110 1805 1308 1842; x_wconf 85' lang='lat' dir='ltr'>meretrice</span> <span class='ocrx_word' id='word_1_166' title='bbox 1338 1807 1376 1842; x_wconf 90' lang='lat' dir='ltr'>et</span> <span class='ocrx_word' id='word_1_167' title='bbox 1403 1806 1486 1842; x_wconf 84' lang='lat' dir='ltr'>eins</span> 
     </span>
     <span class='ocr_line' id='line_1_23' title="bbox 105 1853 1483 1900; baseline 0 -10"><span class='ocrx_word' id='word_1_168' title='bbox 105 1854 229 1890; x_wconf 71' lang='lat' dir='ltr'>amico</span> <span class='ocrx_word' id='word_1_169' title='bbox 260 1865 330 1900; x_wconf 85' lang='lat' dir='ltr'>per</span> <span class='ocrx_word' id='word_1_170' title='bbox 359 1854 495 1889; x_wconf 88' lang='lat' dir='ltr'>veneni</span> <span class='ocrx_word' id='word_1_171' title='bbox 525 1853 720 1899; x_wconf 86' lang='lat' dir='ltr'>potionem</span> <span class='ocrx_word' id='word_1_172' title='bbox 753 1854 799 1889; x_wconf 90' lang='lat' dir='ltr'>de</span> <span class='ocrx_word' id='word_1_173' title='bbox 833 1865 959 1890; x_wconf 83' lang='lat' dir='ltr'>amore</span> <span class='ocrx_word' id='word_1_174' title='bbox 991 1855 1031 1889; x_wconf 92' lang='lat' dir='ltr'>in</span> <span class='ocrx_word' id='word_1_175' title='bbox 1064 1855 1194 1890; x_wconf 89' lang='lat' dir='ltr'>odium</span> <span class='ocrx_word' id='word_1_176' title='bbox 1225 1865 1331 1890; x_wconf 78' lang='lat' dir='ltr'>verso</span> <span class='ocrx_word' id='word_1_177' title='bbox 1358 1856 1483 1891; x_wconf 80' lang='lat' dir='ltr'>Paris</span> 
     </span>
     <span class='ocr_line' id='line_1_24' title="bbox 107 1901 1491 1950; baseline -0.001 -11"><span class='ocrx_word' id='word_1_178' title='bbox 107 1906 206 1939; x_wconf 80' lang='lat'><em>1618</em></span> <span class='ocrx_word' id='word_1_179' title='bbox 318 1906 338 1937; x_wconf 82' lang='lat'><strong>3</strong></span> <span class='ocrx_word' id='word_1_180' title='bbox 363 1902 542 1938; x_wconf 82' lang='lat' dir='ltr'>meretrix</span> <span class='ocrx_word' id='word_1_181' title='bbox 567 1901 674 1948; x_wconf 87' lang='lat' dir='ltr'>lncip</span> <span class='ocrx_word' id='word_1_182' title='bbox 699 1902 779 1938; x_wconf 90' lang='lat' dir='ltr'>odii</span> <span class='ocrx_word' id='word_1_183' title='bbox 805 1903 915 1938; x_wconf 90' lang='lat' dir='ltr'>Potio</span> <span class='ocrx_word' id='word_1_184' title='bbox 941 1903 1104 1938; x_wconf 79' lang='lat' dir='ltr'>amatori</span> <span class='ocrx_word' id='word_1_185' title='bbox 1130 1903 1170 1950; x_wconf 87' lang='lat' dir='ltr'>(I.</span> <span class='ocrx_word' id='word_1_186' title='bbox 1189 1914 1224 1938; x_wconf 91' lang='lat' dir='ltr'>o.</span> <span class='ocrx_word' id='word_1_187' title='bbox 1246 1902 1286 1939; x_wconf 88' lang='lat' dir='ltr'>P.</span> <span class='ocrx_word' id='word_1_188' title='bbox 1306 1904 1436 1949; x_wconf 82' lang='lat' dir='ltr'>minio)</span> <span class='ocrx_word' id='word_1_189' title='bbox 1463 1909 1491 1937; x_wconf 78' lang='grc'>1·</span> 
     </span>
    </p>
   </div>
   <div class='ocr_carea' id='block_1_6' title="bbox 204 1952 1487 2022">
    <p class='ocr_par' dir='ltr' id='par_1_8' title="bbox 204 1952 1487 2022">
     <span class='ocr_line' id='line_1_25' title="bbox 204 1952 1487 2022; baseline 0.001 -13"><span class='ocrx_word' id='word_1_190' title='bbox 204 1979 224 2010; x_wconf 88' lang='grc'><strong>6</strong></span> <span class='ocrx_word' id='word_1_191' title='bbox 251 1974 358 2010; x_wconf 85' lang='lat' dir='ltr'>odise</span> <span class='ocrx_word' id='word_1_192' title='bbox 384 1981 421 2009; x_wconf 99' lang='grc' dir='ltr'><em>Β</em></span> <span class='ocrx_word' id='word_1_193' title='bbox 530 1978 549 2009; x_wconf 88' lang='grc'><strong>7</strong></span> <span class='ocrx_word' id='word_1_194' title='bbox 576 1974 718 2020; x_wconf 84' lang='lat' dir='ltr'>poterit</span> <span class='ocrx_word' id='word_1_195' title='bbox 743 1984 784 2017; x_wconf 75' lang='grc' dir='ltr'><strong><em>β</em></strong></span> <span class='ocrx_word' id='word_1_196' title='bbox 871 1952 1108 2011; x_wconf 64' lang='lat' dir='ltr'>nooeff&#39;ssima</span> <span class='ocrx_word' id='word_1_197' title='bbox 1133 1982 1170 2010; x_wconf 92' lang='grc' dir='ltr'><em>Β</em></span> <span class='ocrx_word' id='word_1_198' title='bbox 1274 1976 1403 2022; x_wconf 85' lang='lat' dir='ltr'>potius</span> <span class='ocrx_word' id='word_1_199' title='bbox 1428 1976 1487 2010; x_wconf 90' lang='lat' dir='ltr'>in-</span> 
     </span>
    </p>
   </div>
   <div class='ocr_carea' id='block_1_7' title="bbox 822 2025 873 2077">
    <p class='ocr_par' dir='ltr' id='par_1_9' title="bbox 822 2025 873 2077">
     <span class='ocr_line' id='line_1_26' title="bbox 822 2025 873 2077; textangle 90"><span class='ocrx_word' id='word_1_200' title='bbox 822 2025 873 2077; x_wconf 46' lang='lat' dir='ltr'>xiim</span> 
     </span>
    </p>
   </div>
   <div class='ocr_carea' id='block_1_8' title="bbox 106 2054 1487 2338">
    <p class='ocr_par' dir='ltr' id='par_1_10' title="bbox 106 2054 1487 2338">
     <span class='ocr_line' id='line_1_27' title="bbox 108 2054 1485 2107; baseline 0 -13"><span class='ocrx_word' id='word_1_201' title='bbox 108 2059 211 2096; x_wconf 79' lang='lat' dir='ltr'>vidia</span> <span class='ocrx_word' id='word_1_202' title='bbox 239 2066 274 2095; x_wconf 83' lang='lat' dir='ltr'><em>P</em></span> <span class='ocrx_word' id='word_1_203' title='bbox 371 2063 415 2095; x_wconf 93' lang='lat'>10</span> <span class='ocrx_word' id='word_1_204' title='bbox 442 2058 599 2095; x_wconf 88' lang='lat' dir='ltr'>doloriri</span> <span class='ocrx_word' id='word_1_205' title='bbox 619 2065 655 2094; x_wconf 94' lang='grc' dir='ltr'><em>Β</em></span> <span class='ocrx_word' id='word_1_206' title='bbox 822 2054 941 2107; x_wconf 68' lang='lat' dir='ltr'>{quid</span> <span class='ocrx_word' id='word_1_207' title='bbox 967 2067 995 2094; x_wconf 98' lang='grc'>1</span> <span class='ocrx_word' id='word_1_208' title='bbox 1090 2063 1134 2096; x_wconf 85' lang='grc'>13</span> <span class='ocrx_word' id='word_1_209' title='bbox 1160 2061 1200 2095; x_wconf 91' lang='lat' dir='ltr'>in</span> <span class='ocrx_word' id='word_1_210' title='bbox 1220 2065 1307 2106; x_wconf 79' lang='lat' dir='ltr'>post</span> <span class='ocrx_word' id='word_1_211' title='bbox 1332 2062 1372 2096; x_wconf 86' lang='lat' dir='ltr'>et</span> <span class='ocrx_word' id='word_1_212' title='bbox 1397 2059 1485 2096; x_wconf 82' lang='lat' dir='ltr'>add.</span> 
     </span>
     <span class='ocr_line' id='line_1_28' title="bbox 112 2063 1487 2154; baseline 0.001 -11"><span class='ocrx_word' id='word_1_213' title='bbox 112 2114 205 2143; x_wconf 69' lang='lat' dir='ltr'>nm</span> <span class='ocrx_word' id='word_1_214' title='bbox 286 2112 330 2143; x_wconf 86' lang='lat'>14</span> <span class='ocrx_word' id='word_1_215' title='bbox 357 2107 631 2144; x_wconf 82' lang='lat' dir='ltr'>confessionem</span> <span class='ocrx_word' id='word_1_216' title='bbox 656 2113 683 2142; x_wconf 89' lang='lat' dir='ltr'><strong><em>S</em></strong></span> <span class='ocrx_word' id='word_1_217' title='bbox 752 2063 815 2143; x_wconf 77' lang='lat' dir='ltr'>l15</span> <span class='ocrx_word' id='word_1_218' title='bbox 841 2108 1040 2144; x_wconf 80' lang='lat' dir='ltr'>evaderem</span> <span class='ocrx_word' id='word_1_219' title='bbox 1066 2119 1193 2144; x_wconf 89' lang='lat' dir='ltr'>eorum</span> <span class='ocrx_word' id='word_1_220' title='bbox 1220 2115 1257 2143; x_wconf 92' lang='grc' dir='ltr'><em>Β</em></span> <span class='ocrx_word' id='word_1_221' title='bbox 1322 2110 1487 2154; x_wconf 85' lang='lat' dir='ltr'>temptet</span> 
     </span>
     <span class='ocr_line' id='line_1_29' title="bbox 106 2156 1487 2202; baseline -0.001 -10"><span class='ocrx_word' id='word_1_222' title='bbox 106 2166 175 2193; x_wconf 78' lang='lat' dir='ltr'>om.</span> <span class='ocrx_word' id='word_1_223' title='bbox 202 2162 230 2191; x_wconf 75' lang='grc'>1’</span> <span class='ocrx_word' id='word_1_224' title='bbox 317 2156 427 2201; x_wconf 85' lang='lat' dir='ltr'>quasi</span> <span class='ocrx_word' id='word_1_225' title='bbox 454 2158 554 2191; x_wconf 81' lang='lat' dir='ltr'>esset</span> <span class='ocrx_word' id='word_1_226' title='bbox 577 2157 726 2202; x_wconf 65' lang='lat' dir='ltr'>sev-ipsu</span> <span class='ocrx_word' id='word_1_227' title='bbox 753 2157 820 2192; x_wconf 81' lang='lat' dir='ltr'>sed</span> <span class='ocrx_word' id='word_1_228' title='bbox 845 2171 893 2200; x_wconf 76' lang='grc' dir='ltr'>ως</span> <span class='ocrx_word' id='word_1_229' title='bbox 919 2168 995 2192; x_wconf 87' lang='lat' dir='ltr'>non</span> <span class='ocrx_word' id='word_1_230' title='bbox 1019 2157 1092 2192; x_wconf 89' lang='lat' dir='ltr'>hoc</span> <span class='ocrx_word' id='word_1_231' title='bbox 1117 2159 1175 2193; x_wconf 82' lang='lat' dir='ltr'>est</span> <span class='ocrx_word' id='word_1_232' title='bbox 1201 2166 1223 2192; x_wconf 83' lang='grc' dir='ltr'>ς</span> <span class='ocrx_word' id='word_1_233' title='bbox 1310 2161 1353 2192; x_wconf 88' lang='grc'>16</span> <span class='ocrx_word' id='word_1_234' title='bbox 1381 2168 1404 2192; x_wconf 83' lang='lat' dir='ltr'><strong>a</strong></span> <span class='ocrx_word' id='word_1_235' title='bbox 1429 2156 1487 2191; x_wconf 85' lang='lat' dir='ltr'>la-</span> 
     </span>
     <span class='ocr_line' id='line_1_30' title="bbox 108 2205 1487 2250; baseline -0.001 -9"><span class='ocrx_word' id='word_1_236' title='bbox 108 2206 213 2241; x_wconf 78' lang='lat' dir='ltr'>cerat</span> <span class='ocrx_word' id='word_1_237' title='bbox 236 2211 282 2248; x_wconf 81' lang='grc' dir='ltr'>Β,</span> <span class='ocrx_word' id='word_1_238' title='bbox 308 2216 400 2240; x_wconf 71' lang='lat' dir='ltr'>corr.</span> <span class='ocrx_word' id='word_1_239' title='bbox 422 2212 445 2239; x_wconf 70' lang='grc' dir='ltr'>ὀ</span> <span class='ocrx_word' id='word_1_240' title='bbox 540 2205 778 2250; x_wconf 39' lang='lat' dir='ltr'>„teterrimae</span> <span class='ocrx_word' id='word_1_241' title='bbox 803 2211 929 2247; x_wconf 71' lang='grc' dir='ltr'>ΒΜβσ</span> <span class='ocrx_word' id='word_1_242' title='bbox 1043 2209 1087 2240; x_wconf 82' lang='grc'>17</span> <span class='ocrx_word' id='word_1_243' title='bbox 1115 2205 1253 2241; x_wconf 80' lang='lat' dir='ltr'>dicessi</span> <span class='ocrx_word' id='word_1_244' title='bbox 1280 2214 1317 2249; x_wconf 69' lang='lat'>33</span> <span class='ocrx_word' id='word_1_245' title='bbox 1345 2205 1487 2240; x_wconf 82' lang='lat' dir='ltr'>disces-</span> 
     </span>
     <span class='ocr_line' id='line_1_31' title="bbox 107 2253 1486 2299; baseline 0 -11"><span class='ocrx_word' id='word_1_246' title='bbox 107 2253 220 2289; x_wconf 72' lang='lat' dir='ltr'>sisset</span> <span class='ocrx_word' id='word_1_247' title='bbox 243 2256 326 2298; x_wconf 80' lang='lat' dir='ltr'>(om.</span> <span class='ocrx_word' id='word_1_248' title='bbox 348 2253 428 2298; x_wconf 81' lang='lat' dir='ltr'>sed)</span> <span class='ocrx_word' id='word_1_249' title='bbox 448 2259 485 2287; x_wconf 92' lang='grc' dir='ltr'><em>Β</em></span> <span class='ocrx_word' id='word_1_250' title='bbox 605 2253 671 2288; x_wconf 85' lang='lat' dir='ltr'>sed</span> <span class='ocrx_word' id='word_1_251' title='bbox 698 2253 800 2299; x_wconf 89' lang='lat' dir='ltr'>quod</span> <span class='ocrx_word' id='word_1_252' title='bbox 825 2254 942 2289; x_wconf 79' lang='lat' dir='ltr'>delevi</span> <span class='ocrx_word' id='word_1_253' title='bbox 1059 2254 1162 2299; x_wconf 87' lang='lat' dir='ltr'>quod</span> <span class='ocrx_word' id='word_1_254' title='bbox 1187 2254 1302 2289; x_wconf 89' lang='lat' dir='ltr'>hodie</span> <span class='ocrx_word' id='word_1_255' title='bbox 1326 2253 1486 2289; x_wconf 86' lang='lat' dir='ltr'>remedii</span> 
     </span>
     <span class='ocr_line' id='line_1_32' title="bbox 109 2301 1484 2338; baseline 0 -2"><span class='ocrx_word' id='word_1_256' title='bbox 109 2307 151 2336; x_wconf 71' lang='grc' dir='ltr'>Ι</span> <span class='ocrx_word' id='word_1_257' title='bbox 245 2301 374 2337; x_wconf 89' lang='lat' dir='ltr'>dorem</span> <span class='ocrx_word' id='word_1_258' title='bbox 400 2307 438 2336; x_wconf 90' lang='grc' dir='ltr'><em>Β</em></span> <span class='ocrx_word' id='word_1_259' title='bbox 534 2301 646 2337; x_wconf 89' lang='lat' dir='ltr'>fidem</span> <span class='ocrx_word' id='word_1_260' title='bbox 673 2310 709 2336; x_wconf 68' lang='lat' dir='ltr'>e:</span> <span class='ocrx_word' id='word_1_261' title='bbox 742 2301 867 2337; x_wconf 89' lang='lat' dir='ltr'>eidem</span> <span class='ocrx_word' id='word_1_262' title='bbox 892 2317 922 2336; x_wconf 91' lang='grc' dir='ltr'><strong>ω</strong></span> <span class='ocrx_word' id='word_1_263' title='bbox 1042 2306 1085 2337; x_wconf 89' lang='grc'>18</span> <span class='ocrx_word' id='word_1_264' title='bbox 1117 2307 1203 2338; x_wconf 79' lang='lat' dir='ltr'>ante</span> <span class='ocrx_word' id='word_1_265' title='bbox 1227 2313 1275 2337; x_wconf 89' lang='lat' dir='ltr'>ne</span> <span class='ocrx_word' id='word_1_266' title='bbox 1304 2302 1391 2337; x_wconf 81' lang='lat' dir='ltr'>add.</span> <span class='ocrx_word' id='word_1_267' title='bbox 1419 2301 1484 2336; x_wconf 84' lang='lat' dir='ltr'>ad-</span> 
     </span>
    </p>
   </div>
   <div class='ocr_carea' id='block_1_9' title="bbox 107 2349 1488 2444">
    <p class='ocr_par' dir='ltr' id='par_1_11' title="bbox 107 2349 1488 2444">
     <span class='ocr_line' id='line_1_33' title="bbox 107 2349 1488 2396; baseline -0.001 -12"><span class='ocrx_word' id='word_1_268' title='bbox 107 2349 274 2386; x_wconf 79' lang='lat' dir='ltr'>hibeatis</span> <span class='ocrx_word' id='word_1_269' title='bbox 300 2356 343 2385; x_wconf 69' lang='lat' dir='ltr'><em>u</em></span> <span class='ocrx_word' id='word_1_270' title='bbox 429 2349 627 2385; x_wconf 82' lang='lat' dir='ltr'>meretrice</span> <span class='ocrx_word' id='word_1_271' title='bbox 651 2356 734 2394; x_wconf 72' lang='lat' dir='ltr'>BV3</span> <span class='ocrx_word' id='word_1_272' title='bbox 765 2350 971 2386; x_wconf 81' lang='lat' dir='ltr'>meretricii</span> <span class='ocrx_word' id='word_1_273' title='bbox 995 2351 1038 2396; x_wconf 91' lang='lat' dir='ltr'>(ii</span> <span class='ocrx_word' id='word_1_274' title='bbox 1063 2351 1105 2385; x_wconf 81' lang='lat' dir='ltr'>in</span> <span class='ocrx_word' id='word_1_275' title='bbox 1130 2353 1219 2396; x_wconf 82' lang='lat' dir='ltr'>ras.)</span> <span class='ocrx_word' id='word_1_276' title='bbox 1240 2356 1283 2385; x_wconf 75' lang='grc'>,11</span> <span class='ocrx_word' id='word_1_277' title='bbox 1364 2349 1488 2396; x_wconf 78' lang='lat' dir='ltr'>possit</span> 
     </span>
     <span class='ocr_line' id='line_1_34' title="bbox 108 2398 1178 2444; baseline 0.002 -12"><span class='ocrx_word' id='word_1_278' title='bbox 108 2403 179 2433; x_wconf 69' lang='lat' dir='ltr'>BV</span> <span class='ocrx_word' id='word_1_279' title='bbox 273 2401 316 2433; x_wconf 83' lang='lat'>19</span> <span class='ocrx_word' id='word_1_280' title='bbox 341 2398 707 2444; x_wconf 83' lang='lat' dir='ltr'>praevaricationem</span> <span class='ocrx_word' id='word_1_281' title='bbox 731 2404 813 2442; x_wconf 85' lang='grc' dir='ltr'>Β1’;</span> <span class='ocrx_word' id='word_1_282' title='bbox 838 2398 1132 2444; x_wconf 78' lang='lat' dir='ltr'>privaricatione</span> <span class='ocrx_word' id='word_1_283' title='bbox 1158 2408 1178 2441; x_wconf 79' lang='grc' dir='ltr'><strong><em>β</em></strong></span> 
     </span>
    </p>
   </div>
  </div>
 </body>
</html>
