1638 2560
188 122 246 165 24
640 115 822 154 CAECVS
846 114 901 150 IN
924 110 1097 151 LIMINE

188 237 383 287 negasset.
441 233 633 272 adductus
665 232 716 271 ad
745 232 873 271 filium
905 242 1025 270 senex
1058 228 1160 268 dixit
1189 229 1327 268 iuveni
1358 226 1550 279 quicquid

189 296 381 335 audierat.
429 306 642 344 nunquam,
674 292 836 342 iudices,
864 294 950 331 tam
975 289 1168 341 simplicis
1193 289 1445 329 innocentiae
1470 288 1550 327 fuit

189 356 343 395 facinus
374 366 528 406 negare.
578 367 657 392 non
689 355 791 392 esset
816 365 934 392 ausus
966 351 1123 391 iuvenis
1149 363 1284 390 coram
1309 362 1356 390 ea
1381 349 1548 389 muliere

188 415 349 456 mentiri
380 428 480 465 quae
509 414 686 465 prodidit
710 415 750 452 et
781 413 871 452 sciit
895 413 965 452 ubi
995 413 1100 451 esset
1123 424 1333 451 venenum.
1382 411 1431 450 ut
1454 422 1549 450 vero

189 477 312 516 sensit
335 475 474 514 infelix
498 475 713 513 instantem
738 486 950 513 novercam
973 472 1342 523 postulantemque,
1367 472 1414 510 ut
1438 471 1548 510 sinus
1587 482 1605 510 5

189 537 341 576 iuvenis
373 535 655 586 exquireretur,
686 536 782 573 tunc
812 547 907 574 vero
940 532 1156 583 attonitus,
1187 532 1356 571 haerens
1389 533 1430 571 et
1463 533 1551 571 tota

188 597 382 635 malorum
413 608 573 635 suorum
604 595 848 647 cogitatione
881 595 1067 634 confusus
1099 593 1300 632 intellexit
1330 592 1406 632 hoc
1432 593 1551 644 argu-

189 659 366 696 mentum
409 657 492 695 eius
530 668 612 695 esse
650 668 751 705 quae
795 657 995 706 parasset,
1038 654 1085 692 ut
1121 655 1259 704 posset
1296 652 1551 704 deprehendi.

189 718 312 769 igitur
348 729 532 767 propere,
569 716 807 754 festinanter
843 716 978 755 omnia
1014 713 1193 754 membra
1226 715 1480 765 pertractans
1512 715 1553 753 et

187 778 324 816 mersis
355 777 397 814 in
429 778 558 815 sinum
589 775 783 826 manibus,
815 775 910 814 dum
942 777 1086 815 cuncta
1117 774 1424 825 suspicionibus,
1455 773 1552 813 dum
1572 786 1608 814 10

142 839 165 876 5
191 840 302 876 tactu
337 837 492 876 iuvenis
530 837 727 887 explorat,
764 850 960 876 venenum
996 837 1150 886 primus
1187 835 1354 875 invenit.
1416 834 1553 885 laudo,

188 897 354 947 iudices,
391 897 659 936 innocentiam
697 897 865 947 silentii,
902 897 1023 936 laudo
1060 896 1249 934 fiduciam
1283 894 1391 946 quod
1427 895 1553 935 inter-

188 959 351 1009 rogatus
383 958 447 995 cui
475 959 668 1007 parasset,
699 970 778 996 non
809 959 971 1007 putavit
1002 957 1079 996 sibi
1110 955 1403 996 defendendum
1433 969 1553 997 vene-

189 1031 295 1056 num.
355 1030 439 1056 rem
472 1018 567 1067 quin
603 1018 724 1057 immo
762 1018 857 1057 fecit
895 1019 979 1057 eius
1012 1017 1082 1068 qui
1118 1019 1239 1056 sciret
1274 1018 1434 1068 patrem
1470 1029 1553 1056 non

191 1078 440 1126 crediturum,
473 1080 513 1116 et
531 1099 590 1104 -—
610 1091 710 1127 quae
734 1078 910 1117 maxima
936 1080 996 1117 est
1020 1077 1271 1117 innocentiae
1298 1078 1553 1118 contumacia
1573 1089 1608 1118 15

194 1160 243 1164 —
266 1138 561 1188 persuasionem
587 1138 691 1177 s'enis
716 1139 829 1177 nulla
850 1140 980 1178 voluit
1006 1140 1260 1178 excusatione
1286 1151 1553 1190 corrumpere.

190 1210 268 1236 non
299 1198 378 1236 fuit
412 1198 513 1236 illud
548 1198 783 1249 trepidatio,
821 1212 901 1238 non
938 1201 1063 1238 tacita
1098 1200 1304 1239 confessio.
1370 1200 1554 1250 quisquis

190 1258 309 1296 habet
339 1271 551 1307 venenum,
581 1259 702 1298 habet
734 1261 773 1298 et
805 1260 911 1309 quod
941 1260 1182 1311 respondeat
1212 1259 1492 1311 deprehensus.

278 1318 390 1356 Fecit
420 1320 511 1368 post
541 1319 637 1358 haec
662 1332 779 1359 senex
803 1333 889 1358 rem
913 1320 1084 1359 hominis
1112 1333 1230 1371 quem
1254 1333 1336 1360 non
1360 1321 1555 1360 movisset

191 1378 379 1428 quicquid
420 1378 637 1418 invenerat.
698 1393 778 1419 non
824 1382 946 1420 torsit
993 1381 1216 1420 ministeria
1267 1382 1376 1420 caeci
1419 1382 1460 1421 et
1504 1381 1554 1420 de
1573 1394 1611 1421 2⁰

191 1438 352 1487 scelere,
388 1439 430 1476 in
462 1452 539 1489 quo
578 1440 684 1479 solus
722 1453 866 1480 nocens
905 1453 988 1480 esse
1025 1442 1229 1492 parricida
1262 1455 1343 1481 non
1380 1443 1553 1494 poterat,

190 1511 269 1536 non
295 1499 483 1548 explicuit
507 1500 685 1538 ordinem
710 1501 967 1551 quaestionis,
993 1502 1073 1553 sed,
1094 1502 1200 1553 quod
1226 1503 1318 1553 plus
1345 1505 1406 1542 est
1431 1515 1556 1554 quam

193 1557 412 1607 absolvere,
449 1560 602 1598 remisit
637 1561 773 1599 iuveni
804 1562 1083 1602 defensionem.
1146 1565 1285 1602 utrum
1317 1563 1461 1603 deinde
1492 1563 1554 1602 in-

191 1618 359 1656 tellectis
398 1618 631 1658 deterrimae
668 1621 846 1660 mulieris
883 1623 1039 1662 insidiis
1076 1623 1208 1662 filium
1245 1623 1454 1674 paulisper
1483 1636 1554 1663 vo-

191 1677 311 1716 luerit
343 1678 641 1719 exheredatione
672 1684 878 1733 protegere
910 1685 950 1722 et
975 1684 1207 1735 diligentius
1234 1684 1282 1723 de
1307 1685 1553 1735 patrimonio
1573 1697 1611 1726 πᾶ

192 1750 263 1776 suo
296 1737 583 1778 deliberaturus
610 1741 770 1779 interim
797 1744 1028 1794 captaverit,
1060 1746 1106 1783 ut
1136 1745 1342 1784 videretur
1371 1745 1553 1785 mulieris

192 1797 406 1847 cupiditati
436 1799 517 1837 iam
547 1813 627 1838 non
658 1801 814 1840 obstare
845 1803 1072 1855 privignus,
1108 1819 1159 1843 an
1190 1805 1430 1845 facillimum
1461 1806 1554 1855 fuit,

191 1858 237 1895 ut
281 1858 623 1898 exheredationem
664 1875 821 1912 quoque
864 1864 1097 1914 impetraret
1139 1878 1310 1905 noverca
1353 1866 1462 1905 caeci
1502 1865 1554 1905 ab

191 1917 350 1956 homine
383 1919 447 1956 cui
477 1920 562 1957 tam
592 1921 719 1959 multa
756 1927 1024 1975 persuaserat,
1063 1926 1375 1977 cogitationibus
1407 1927 1554 1966 vestris

191 1977 382 2027 relinquo.
432 1979 505 2017 hoc
536 1982 694 2019 tantum
725 1982 869 2022 dixisse
892 1985 1102 2025 'contentus
1130 1999 1234 2026 sum:
1265 1989 1555 2027 testamentum
1574 2001 1611 2028 so

289 2083 309 2114 3
337 2091 462 2115 coram
488 2091 532 2115 ea
557 2082 599 2116 in
623 2083 726 2118 ras?
745 2091 782 2118 B
853 2090 874 2120 4
900 2087 986 2122 sciit
1003 2099 1119 2134 supra
1138 2089 1311 2126 lacunam
1329 2091 1479 2136 scripsit
1501 2096 1554 2135 Βς

191 2139 236 2164 ex
260 2132 467 2164 correctura
492 2133 526 2164 et
549 2132 591 2165 ‘m
615 2142 749 2167 rasura
775 2140 824 2177 1²3
858 2135 970 2181 sciuit
993 2143 1025 2170 J
1120 2141 1140 2172 5
1166 2138 1501 2185 postulantamque
1531 2145 1562 2173 V

193 2202 213 2234 6
240 2200 458 2245 exquiretur
483 2207 532 2245 M,
559 2213 650 2257 corr.
670 2217 712 2237 m
809 2208 828 2239 9
855 2195 997 2252 prope*e
1023 2215 1059 2243 Β
1156 2214 1199 2245 11
1225 2210 1359 2247 laudo:
1385 2210 1556 2247 laudabo

191 2254 235 2292 P,
261 2259 353 2284 corr.
372 2263 401 2289 1¹
494 2253 537 2284 12
564 2251 723 2286 1ud1ces:
751 2252 933 2289 iudicium
959 2263 1002 2300 P,
1029 2268 1119 2293 corr.
1137 2272 1166 2298 p
1214 2255 1216 2258 ’
1253 2263 1297 2294 16
1323 2258 1460 2296 voluit:
1487 2269 1557 2295 no-

189 2295 264 2332 luit
288 2302 332 2332 M
426 2300 470 2332 17
503 2297 614 2333 illud:
647 2299 758 2334 velud
784 2306 810 2334 S
908 2306 951 2337 18
985 2306 1022 2339 et
1052 2317 1151 2351 supr.
1178 2313 1207 2341 V
1299 2311 1344 2343 20
1375 2307 1488 2343 torsit
1512 2307 1555 2343 in

190 2355 403 2392 ministeria
428 2363 464 2392 P
559 2361 603 2392 25
630 2354 917 2397 exheredatione
943 2370 980 2397 B
1076 2369 1119 2400 26
1147 2368 1358 2412 captaverit
1382 2380 1427 2405 επ
1451 2368 1503 2404 -is
1531 2373 1561 2403 V

193 2407 240 2440 28
266 2403 611 2442 exheredationem:
638 2407 918 2445 heredationem
950 2418 978 2445 V
