1638 2560
156 111 245 154 344
552 108 754 144 INFAMIS
779 107 833 143 IN
858 105 1074 142 MATREM
1097 106 1133 142 11

157 225 340 266 omnibus
389 223 551 275 liquet?
623 223 809 262 iuvenem
853 223 1006 261 cunctis
1056 220 1293 274 pignoribus
1342 222 1532 272 invisum,

157 286 342 326 omnibus
374 284 596 324 adfectibus
629 297 792 336 gravem
817 283 989 334 maligni
1014 282 1144 321 fecere
1169 294 1383 322 sermones.
1434 282 1533 333 quid

158 347 331 399 agimus,
364 344 523 384 anime?
556 344 891 395 quemadmodum
924 343 1154 395 effugimus,
1188 341 1427 383 evadimus?
1487 344 1532 382 in

157 409 272 446 tanta
300 406 468 445 infamia
494 406 598 444 nihil
622 406 765 454 facere,
798 404 995 443 credentis
1022 405 1093 443 est.
1144 403 1206 443 vis
1231 417 1296 442 me
1321 403 1532 444 circumire

156 468 348 519 singulos,
380 467 597 506 reclamare
628 466 790 517 populo,
824 478 914 504 cum
938 477 1098 503 rumore
1127 462 1281 503 rixari?
1330 466 1426 504 tuae
1450 463 1532 504 for·-
1569 479 1587 507 5

155 529 274 567 tassis
305 527 535 566 infirmitati
561 527 772 566 conveniat
803 539 967 578 negare3
999 539 1064 564 me
1094 526 1255 565 tantum
1287 525 1433 565 fortior
1464 525 1532 564 ad-

158 589 278 627 sertio
310 588 420 626 unici
452 588 575 626 decet.
640 586 868 637 eripiendus
901 588 962 626 est
993 599 1073 625 non
1105 586 1362 626 contentione
1392 585 1532 626 verbo·

107 651 133 688 9
157 662 264 698 rum,
302 648 371 687 sed
402 650 448 687 ut
479 648 622 687 civitas
661 648 840 699 stupeat,
878 649 925 686 ut
963 646 1181 687 erubescat.
1242 648 1431 697 torquere
1468 660 1533 687 me

155 709 286 747 filium
323 707 472 759 putas?
533 709 730 747 invidiam
767 708 874 747 facio
912 708 1074 758 populo.
1137 707 1277 747 videor
1313 707 1415 747 mihi
1449 707 1533 747 illis

155 769 384 809 verberibus
421 769 597 808 lacerare
635 769 804 818 famam,
841 769 925 807 illis
963 768 1124 820 ignibus
1158 769 1367 820 increpare
1397 781 1531 808 rumo-
1553 783 1590 810 10

154 843 248 869 rem.
314 830 494 880 quaestio
533 830 581 869 de
619 830 763 868 infami
800 829 884 868 filio
921 842 1047 868 unam
1077 829 1278 869 rationem
1308 828 1449 879 habet,
1487 830 1535 868 ut

117 905 120 908 ⁴
154 890 297 941 probes
322 891 586 930 innocentem.
638 890 696 928 dii
721 890 830 929 mala
862 890 1116 941 prohibeant,
1148 892 1195 929 ut
1224 890 1384 930 noveris
1414 890 1534 929 illum

156 951 332 990 dolorem
372 964 450 1001 quo
488 953 621 1002 petest
658 953 845 1001 torquere
884 950 1012 989 filium
1050 953 1177 1002 pater.
1240 950 1343 990 nihil
1375 952 1436 990 est
1472 951 1532 989 in-

154 1012 311 1051 felicius
349 1012 508 1051 homine
541 1012 605 1051 cui
643 1011 690 1050 de
722 1013 840 1050 unico
873 1024 945 1051 suo
982 1025 1091 1051 mors
1130 1011 1216 1051 sola
1252 1024 1334 1051 non
1371 1010 1533 1051 sufficit.

154 1073 356 1121 iuvenem,
394 1073 435 1110 in
475 1073 586 1112 cuius
625 1073 758 1111 animo
797 1072 1057 1123 perdiderant
1094 1074 1259 1111 nomina
1296 1073 1435 1112 nostra
1471 1085 1532 1111 re·
1554 1086 1589 1114 15

156 1134 348 1182 spectum,
382 1145 500 1182 quem
526 1133 672 1172 cotidie
697 1145 855 1172 necesse
880 1133 1127 1172 habebamus
1154 1145 1341 1173 excusare
1366 1133 1534 1182 rumori,

157 1193 226 1243 qui
257 1194 362 1232 inter
393 1206 464 1232 nos
497 1194 718 1232 formosum
749 1193 929 1233 malebat
961 1207 1080 1245 agere
1112 1207 1236 1244 quam
1267 1193 1415 1243 filium,
1446 1207 1533 1233 ver-

154 1253 315 1293 beribus
346 1254 586 1305 ignibusque
619 1255 857 1306 consumpsi.
921 1256 1001 1304 vis,
1039 1256 1100 1294 vis
1133 1255 1234 1294 scire
1267 1255 1421 1305 quanta
1450 1255 1535 1293 tor-

154 1315 379 1352 mentorum
420 1316 526 1353 ratio
567 1314 717 1353 fuerit?
781 1315 919 1354 debuit
960 1317 1083 1354 etiam
1123 1317 1256 1355 tortus
1298 1315 1437 1355 occidi.
1500 1314 1535 1354 si

154 1375 289 1413 tamen
322 1375 476 1425 utique,
507 1377 649 1425 mater,
680 1376 742 1414 vis
775 1376 874 1415 scire
907 1388 1061 1426 causas,
1092 1376 1238 1415 leviter
1273 1375 1380 1415 audi.
1441 1388 1533 1426 pro·
1554 1390 1592 1417 zo

155 1435 372 1484 spiciebam
392 1437 513 1474 miser
537 1436 580 1474 in
606 1436 757 1488 grande
785 1436 1024 1487 quandoque
1050 1437 1208 1476 facinus
1232 1437 1535 1487 prorupturum,

157 1495 262 1544 quod
301 1496 383 1534 otio
422 1497 567 1546 vitam,
608 1496 715 1546 quod
754 1497 930 1536 desidem
969 1497 1078 1536 domi
1112 1497 1309 1548 perdebat
1346 1498 1533 1536 aetatem.

155 1568 234 1594 non
266 1557 656 1607 peregrinationibus
689 1558 866 1597 excolere
897 1560 1085 1608 mentem,
1117 1571 1198 1598 non
1224 1558 1398 1609 experiri
1427 1557 1534 1596 mili-

155 1616 273 1665 tiam,
305 1629 385 1654 non
417 1618 616 1667 temptare
648 1618 795 1667 maria,
828 1632 908 1657 non
939 1632 1034 1657 rura
1066 1619 1212 1668 colere,
1250 1631 1331 1658 non
1364 1618 1532 1658 admini-

157 1677 284 1715 strare
308 1677 609 1727 rempublicam,
634 1692 715 1717 non
741 1678 883 1718 ducere
910 1679 1074 1718 volebat
1099 1691 1275 1718 uxorem.
1323 1680 1535 1729 praeterea
1554 1693 1591 1720 25

156 1737 335 1775 traxerat
367 1751 412 1776 ex
444 1738 720 1788 frequentibus
754 1740 1089 1791 castigationibus
1121 1739 1301 1779 taedium
1332 1739 1462 1790 patris
1494 1740 1536 1778 et

156 1797 199 1834 in
239 1799 530 1836 execrationem
568 1799 647 1837 mei
686 1801 948 1851 conscientia,
988 1802 1082 1851 quia
1115 1813 1195 1840 non
1234 1799 1535 1849 emendabatur,

254 1952 275 1983 3
302 1960 490 1994 quaenam
515 1950 668 1985 modum
695 1957 764 1985 BV
858 1955 878 1986 6
907 1952 1086 1988 assertior
1111 1959 1148 1987 P
1251 1955 1271 1987 9
1298 1951 1410 1987 mihi:
1437 1949 1535 1986 nihil

156 2003 194 2032 B
289 1997 367 2032 illis
393 2010 461 2034 om.
484 2007 502 2040 β
601 2003 644 2033 12
672 1998 808 2044 probet
828 2006 871 2034 M
958 2001 1148 2037 innoveris
1174 2007 1203 2035 V
1297 2004 1341 2036 15
1367 2000 1408 2035 in
1427 2011 1494 2036 om.
1516 2008 1538 2043 β

158 2085 201 2117 16
228 2081 436 2117 habeamus
469 2089 513 2125 ης
636 2087 679 2118 17
705 2048 870 2129 ἕέῗξέἑὺ
895 2091 941 2128 Β,
976 2096 1068 2121 corr.
1096 2093 1129 2130 ιι,
1162 2085 1287 2132 psima
1317 2061 1424 2121 ieda¹2
1456 2085 1537 2120 azia

155 2142 291 2166 manus
310 2131 470 2166 eiusdem
490 2133 662 2176 temporis
687 2133 729 2167 in
749 2133 886 2168 lacuna
912 2140 939 2167 V
1009 2145 1140 2180 quam:
1168 2135 1270 2179 quod
1290 2140 1327 2169 P
1399 2137 1444 2169 19
1471 2133 1535 2169 de-

154 2213 293 2250 buerat
312 2221 362 2260 M,
389 2215 448 2250 vel
474 2216 522 2251 -it
548 2228 649 2261 supr.
670 2231 712 2251 m
799 2183 898 2252 ei'am
918 2224 955 2252 B
1046 2223 1090 2255 20
1116 2221 1240 2255 mater
1265 2231 1333 2256 om.
1363 2225 1391 2253 V
1477 2218 1535 2254 vis

154 2264 278 2299 mater
304 2272 323 2306 β
412 2267 455 2299 21
483 2266 776 2310 praeruptumm
808 2272 882 2310 VM,
908 2266 968 2301 vel
993 2279 1061 2312 pro
1075 2282 1130 2325 „m
1220 2271 1266 2303 22
1293 2267 1340 2303 de
1367 2278 1407 2303 se
1432 2266 1536 2303 idem

1075 2324 1100 2355 lm

1075 2354 1099 2362 κ

154 2366 225 2395 BV
307 2352 502 2408 haetatem
528 2367 566 2396 Β
656 2365 701 2396 24
728 2361 851 2397 colore
876 2368 914 2397 B
987 2367 1031 2399 25
1059 2365 1245 2408 deducere
1272 2370 1315 2399 M
1398 2367 1444 2399 26
1471 2373 1534 2398 ex:

155 2409 194 2444 et
214 2414 286 2453 Bt33
307 2420 374 2445 om.
397 2415 440 2444 M
512 2413 555 2445 27
578 2410 836 2457 conscientia}
856 2417 898 2445 M
970 2423 1046 2457 qua
1071 2419 1144 2455 rso*
1214 2411 1489 2449 emendebatur
1511 2417 1542 2446 V
