1638 2560
494 110 814 148 DECLAMATIO
839 111 909 147 ΧΠ
929 114 1033 147 3-5.
1364 110 1451 152 221

74 228 208 281 qualis
239 227 342 268 alias
374 227 425 266 ab
457 227 646 279 agricolis
679 227 860 267 accusari
890 227 1010 276 solet,
1048 225 1218 277 perfidia
1255 227 1455 264 terrarum

75 291 116 330 et
146 290 332 342 ingratae
362 289 503 328 messis
535 289 685 327 inritus
716 287 840 326 labor.
890 300 997 327 nova
1022 288 1063 326 et
1090 285 1277 325 inaudita
1302 285 1454 324 abomi-

74 349 210 390 nanda
245 349 331 389 lues
363 362 467 400 quae
504 348 610 387 nihil
646 348 803 387 homini
838 347 1009 398 reliquit
1042 349 1203 398 praeter
1239 347 1455 385 hominem.

76 412 149 450 aut
183 410 351 450 astricta
383 410 486 449 citra
525 410 715 448 conatum
746 410 836 448 sata
867 408 941 448 sub
979 409 1079 459 ipsis
1117 407 1282 446 tabuere
1321 407 1455 456 sulcis,

38 484 56 512 ⁶
75 472 148 510 aut
177 471 259 510 levi
289 482 378 509 rore
405 471 572 510 evocata
596 469 712 508 radix
736 470 780 507 in
811 469 1019 520 pulverem
1049 470 1232 517 incurrit,
1265 469 1336 506 aut
1366 481 1455 518 per-

75 532 178 571 ustis
208 530 363 571 torrido
395 530 478 570 sole
508 530 643 570 herbis
675 529 915 569 moribunda
946 542 1059 581 seges
1097 529 1256 580 palluit.
1319 528 1456 567 nullus

75 591 206 631 imber
242 592 418 642 sitientis
456 591 533 631 soli
570 591 779 641 pulverem
815 591 950 639 tersit,
991 590 1103 629 nulla
1141 602 1260 641 super
1298 591 1456 628 arentes

76 665 239 704 campos
271 651 415 692 saltem
446 652 590 690 umbra
627 651 795 689 nubium
827 651 1030 702 pependit.
1094 650 1218 690 calidi
1251 651 1456 701 spiravere

75 714 206 762 venti,
248 713 529 751 maturitatem
573 712 779 763 praecepit
823 713 974 761 aestus,
1018 712 1142 751 etiam
1180 711 1310 750 sicubi
1352 710 1457 749 forte

21 787 58 814 10
76 774 236 813 ieiunae
266 773 413 812 herbae
446 773 575 812 solum
608 773 801 822 vicerant,
833 773 949 812 vanis
980 773 1144 811 tantum
1176 772 1312 811 aristis
1344 784 1456 822 spem

76 834 318 883 fefellerunt,
350 835 391 872 et
421 834 554 872 inanis
581 834 732 873 culmos
763 834 893 872 tristis
920 832 1098 885 agricola
1128 833 1300 871 iactavit
1325 833 1456 871 ventis

75 894 180 933 nihil
210 895 423 934 relicturis.
474 894 581 933 levia
606 907 760 944 queror.
812 895 932 944 prata
963 895 1215 942 exaruerunt,
1247 893 1455 944 perierunt
1480 892 1504 929 5

76 954 249 1004 frondes,
274 955 457 1006 germina
474 967 555 994 non
582 955 774 1003 exierunt,
798 954 908 993 nuda
927 957 1035 993 terra
1061 956 1102 993 et
1119 953 1237 993 rudes
1258 953 1397 1005 glebae
1418 954 1459 992 et

77 1015 183 1054 aridi
213 1016 344 1055 fontes
371 1016 496 1054 erant.
547 1016 627 1054 nisi
651 1015 750 1054 haec
776 1016 913 1054 omnia
943 1016 1050 1053 inter
1075 1015 1244 1054 scientes
1271 1014 1457 1063 dicerem,

24 1089 59 1116 15
77 1078 262 1127 poteram
305 1075 436 1115 videri
478 1076 581 1115 falso
619 1077 783 1126 questus
822 1075 870 1115 de
910 1076 985 1114 hoc
1029 1088 1134 1114 anno
1177 1087 1256 1126 quo
1296 1076 1459 1114 tantum

77 1137 272 1175 frumenti
302 1135 566 1176 vendidimus.
617 1137 776 1175 utinam
808 1137 952 1176 saltem
983 1136 1099 1175 nobis
1130 1135 1272 1175 rudem
1303 1136 1458 1175 victum

78 1197 204 1236 silvae
229 1198 540 1246 ministrassent,
566 1199 607 1236 et
632 1209 795 1248 carpere
821 1197 997 1246 arbusta,
1018 1199 1228 1236 concutere
1255 1209 1457 1246 quercum,

77 1258 210 1309 legere
241 1258 358 1310 fraga
388 1258 587 1306 licuisset,
620 1260 661 1296 et
693 1271 954 1308 quaecunque
986 1258 1109 1308 primi
1139 1258 1330 1296 mortales
1364 1259 1457 1296 ante

79 1318 250 1358 traditos
282 1318 478 1357 divinitus
510 1319 691 1357 mitiores
724 1319 832 1358 cibos
862 1320 1002 1358 contra
1034 1318 1183 1356 famem
1215 1318 1458 1366 obiecerunt,

25 1392 60 1418 20
79 1379 247 1430 pestifer
290 1391 417 1418 annus
461 1380 700 1429 reliquisset.
772 1392 853 1417 non
898 1392 1007 1418 eram
1051 1379 1258 1418 delicatus.
1327 1378 1397 1418 sed
1435 1390 1458 1417 o

79 1440 208 1479 tristis
246 1439 489 1489 recordatio,
527 1440 690 1478 funesta
720 1440 954 1489 necessitas,
993 1439 1096 1478 nihil
1130 1439 1346 1478 habuimus
1380 1451 1458 1489 quo

79 1501 319 1550 viveremus,
351 1502 512 1551 praeter
542 1500 701 1539 famem.

169 1560 253 1600 Nec
290 1563 426 1600 tamen
469 1562 512 1598 in
550 1562 682 1599 totum
727 1561 841 1611 queri
882 1560 930 1600 de
971 1561 1203 1599 numinibus
1248 1572 1458 1611 possumus

79 1622 209 1659 maria
241 1623 348 1660 certe
379 1621 553 1660 secunda
585 1622 749 1672 experti.
813 1622 848 1660 si
878 1622 1073 1660 voluisset
1110 1634 1269 1660 servare
1300 1621 1458 1673 legatus

26 1694 61 1720 25
81 1681 187 1720 diem
226 1694 344 1731 quem
387 1682 452 1720 illi
494 1682 667 1721 felicitas
706 1683 898 1733 temporis
937 1682 1119 1731 dederat,
1163 1683 1301 1732 potuit
1344 1681 1459 1720 nobis

80 1742 328 1781 frumentum
364 1742 427 1781 bis
466 1742 616 1781 afferre.
679 1745 726 1781 ut
763 1743 938 1794 primum
970 1743 1078 1781 tanti
1114 1743 1215 1782 mali
1245 1755 1384 1782 sensus
1417 1743 1460 1780 in

81 1803 290 1842 civitatem
321 1803 560 1854 percrebuit,
593 1816 683 1842 cum
714 1804 796 1842 iam
828 1805 995 1855 urgente
1027 1804 1168 1854 inopia
1196 1803 1343 1843 cotidie
1375 1815 1459 1841 ma-

81 1863 166 1902 lum
205 1864 332 1902 artius
371 1866 587 1914 premeret,
629 1866 670 1902 et
706 1866 916 1915 praesente
959 1864 1123 1903 fortuna
1166 1865 1281 1915 peior
1324 1866 1460 1902 tamen

181 2007 199 2038 1
227 2001 323 2038 alias
349 2003 500 2039 Lucas:
527 2003 614 2038 aliis
640 2018 669 2038 ω
793 2008 813 2039 2
841 2003 1125 2039 abhominanda
1156 2010 1216 2047 1⁷53,
1253 2005 1291 2038 et
1317 2002 1460 2038 abomi-

83 2075 210 2111 nanda
235 2082 267 2110 J
381 2079 401 2111 3
428 2075 613 2121 relinquit
637 2083 665 2111 V
782 2081 803 2112 6
829 2052 934 2112 {this
959 2083 997 2111 B
1106 2080 1124 2111 7
1152 2076 1312 2121 hymber
1342 2081 1371 2110 V

83 2123 230 2159 sitienti
249 2130 354 2159 ΒΜσ·
419 2124 497 2160 sole
523 2131 602 2159 ΒΜ
673 2128 693 2160 9
720 2125 944 2160 maturitate
963 2131 1001 2160 B
1074 2128 1117 2159 10
1145 2124 1266 2160 solum
1293 2124 1462 2159 vicerant

82 2195 222 2232 herbae
253 2203 281 2231 v
376 2201 417 2233 11
445 2172 664 2232 fefellerunt
688 2204 740 2241 m
767 2197 984 2233 fefellerant
1010 2206 1029 2240 ρ
1120 2197 1251 2232 inanes
1280 2203 1368 2239 mm

85 2248 130 2280 13
162 2246 200 2280 et
224 2245 353 2281 rudes:
388 2246 521 2282 crudee
546 2252 598 2291 133
631 2246 745 2282 crude
772 2252 814 2280 ,11
928 2250 973 2281 14
1004 2246 1274 2281 interficientes
1300 2251 1370 2280 BV

86 2296 129 2328 15
156 2295 265 2330 tanto
286 2300 330 2328 M
395 2297 438 2329 17
467 2305 602 2340 capere
624 2300 693 2329 BV
764 2297 807 2329 18
835 2293 960 2340 fragla
985 2301 1012 2329 V
1076 2296 1114 2330 et
1133 2306 1200 2330 om.
1222 2300 1249 2328 V
1321 2297 1364 2328 19
1391 2293 1461 2327 mi-

84 2351 193 2377 nores
220 2351 239 2384 β
338 2346 383 2378 24
416 2343 560 2378 scunda
582 2349 627 2387 B,
655 2354 675 2378 e
700 2354 802 2389 supr.
824 2350 847 2377 b
946 2346 991 2378 26
1018 2342 1249 2378 frumentum
1275 2353 1342 2377 om.
1365 2349 1393 2375 (r

86 2416 131 2447 27
155 2414 370 2460 urgientem
395 2422 441 2461 B,
468 2416 481 2451 i
507 2416 574 2451 del.
596 2423 636 2459 ⁶3
662 2392 821 2461 urgenbe
847 2421 875 2450 V
