1638 2560
201 125 288 168 392
618 122 877 159 EXCERPTA
902 122 1145 159 PARISINA.

200 240 348 289 amisit,
381 239 488 289 dum,
521 251 641 288 quam
672 252 745 289 pro
780 251 825 277 eo
856 237 1090 288 reliquerat,
1120 239 1279 289 repetit.
1342 238 1446 278 nihil
1463 239 1577 291 agis,

199 300 359 339 mulier:
391 300 549 338 facilius
577 300 648 348 est,
681 301 726 338 ut
752 298 907 338 occidat
934 300 1104 349 patrem,
1137 311 1161 338 a
1193 311 1274 350 quo
1300 298 1354 338 sit
1377 300 1466 350 ipse
1497 312 1576 340 ser-

201 363 329 399 vatus.
393 361 571 399 omnium
603 360 669 398 hic
695 372 794 410 quos
819 360 985 398 miseros
1017 360 1145 398 fecere
1174 360 1359 410 virtutes,
1390 359 1577 400 innoeen-

198 422 376 459 tissimus
401 420 662 470 parricidium
694 421 860 471 negavit
891 421 984 459 ante
1014 432 1137 471 quam
1168 421 1286 471 pater
1316 419 1573 460 occideretur.

199 482 262 520 fac
305 483 440 519 tamen
484 481 598 519 velle.
673 480 868 530 numquid
911 480 1015 519 illud
1063 481 1251 533 elegisset
1292 482 1452 532 tempus
1496 494 1575 532 quo
1614 495 1630 522 5

198 554 277 580 non
303 542 383 579 nisi
413 553 503 579 cum
534 554 704 580 noverca
732 542 932 592 reperitur
957 540 1101 591 pater?
1162 542 1274 582 istud
1305 543 1429 581 etiam
1459 541 1575 582 dono.

200 615 279 651 quo
320 604 454 640 autem
499 602 615 640 modo
662 614 734 652 per
776 604 838 640 tot
882 601 1021 641 domos
1067 602 1276 642 inauditus
1316 603 1575 653 pervenisset.

198 663 248 700 N.
281 662 362 701 iam
402 664 498 701 tunc
535 662 615 701 iter
653 663 916 701 consueverat
979 663 1020 712 Q.
1055 664 1151 702 esto.
1215 664 1331 714 atqui
1366 675 1447 704 non
1483 676 1577 714 uno,

198 735 277 762 non
309 722 462 761 duobus
494 722 639 762 ictibus
672 735 791 774 super
816 724 1005 774 pulvinar
1035 724 1213 776 iugulari
1243 725 1416 775 poterat.
1479 724 1576 775 quid

199 781 375 821 dormis?
430 783 481 822 N.
515 796 654 822 secura
687 796 806 822 eram.
866 784 907 834 Q.
942 783 1068 834 quid?
1101 784 1206 835 quod
1235 797 1377 825 manus
1402 798 1484 824 non
1515 798 1574 824 er·
1596 798 1632 825 ιο

197 844 321 892 ravit,
360 857 438 882 non
470 845 513 882 in
545 846 584 883 te
617 844 777 893 cecidit,
819 845 888 884 sed
919 845 1051 895 ipsam
1092 846 1177 884 eius
1209 846 1350 885 statim
1379 845 1577 897 percussit

198 902 402 942 animam?
451 917 582 943 nonne
610 906 733 944 etiam
758 905 1007 956 palpitavit?
1055 919 1187 945 nonne
1216 907 1426 958 planctum
1451 904 1576 946 fecit?

200 964 297 1014 quid
316 964 493 1004 dormis?
537 966 589 1005 N.
612 966 733 1005 semel
753 968 963 1016 peractum
984 968 1055 1005 est.
1109 967 1151 1017 Q.
1174 965 1401 1017 quomodo?
1445 979 1576 1007 nonne

199 1025 442 1064 extrinsecus
483 1027 681 1065 tumultus
723 1026 944 1066 excitavit?
1008 1029 1055 1066 tu
1096 1029 1210 1066 iuxta
1258 1027 1355 1078 quid
1399 1026 1576 1067 dormis?

197 1086 249 1123 N.
278 1086 477 1135 quomodo
504 1088 638 1125 actum
671 1087 734 1137 sit,
762 1100 786 1125 a
810 1087 964 1137 pariete
991 1101 1138 1139 quaere
1216 1088 1258 1138 Q.
1286 1088 1418 1139 quivis
1450 1088 1578 1141 igitur
1597 1101 1631 1128 1⁵

196 1147 391 1196 parietem
434 1147 587 1196 palmet
629 1148 830 1198 tertioque
865 1161 946 1188 non
989 1150 1158 1201 tinguet.
1216 1149 1286 1188 sed
1320 1151 1361 1188 et
1403 1148 1578 1201 vestigia

198 1206 304 1244 caeci
346 1208 386 1245 et
416 1208 597 1246 mulieris
635 1221 714 1247 non
756 1209 1010 1248 conveniunt.
1066 1210 1118 1248 N.
1153 1208 1279 1260 quid?
1317 1209 1423 1260 quod
1454 1211 1499 1249 in
1528 1209 1577 1248 li-

196 1266 303 1305 mine
340 1270 521 1317 repertus
560 1267 647 1308 est‘?
711 1269 752 1318 Q.
786 1270 888 1308 facie
921 1269 1084 1320 quidem
1116 1270 1167 1309 ad
1204 1271 1414 1322 planctum
1449 1283 1575 1311 versa.

196 1327 247 1366 N.
280 1340 361 1366 non
391 1328 513 1368 habes
547 1329 653 1379 quod
684 1342 758 1379 pro
795 1342 886 1369 ense
919 1331 1039 1370 dicas.
1106 1331 1147 1381 Q.
1180 1331 1339 1371 abunde
1371 1332 1447 1370 scis
1481 1331 1577 1381 quid

195 1389 370 1437 primum
401 1402 546 1428 nocens
579 1389 731 1429 abicit?
793 1391 897 1429 illud
927 1391 1032 1430 unde
1065 1392 1221 1431 facinus
1252 1392 1419 1444 peregit.
1484 1403 1575 1431 con·
1595 1405 1631 1431 20

197 1450 309 1499 gesta
341 1451 446 1499 sunt,
477 1449 521 1488 P.
550 1449 603 1500 O„
635 1452 678 1489 in
710 1452 898 1491 miseram
930 1452 1168 1492 caecitatem
1199 1465 1410 1502 venenum,
1445 1465 1576 1502 cruor,

196 1510 347 1547 ferrum
395 1511 435 1548 et
483 1511 679 1561 quidquid
732 1525 813 1550 non
858 1514 993 1562 potest
1040 1525 1123 1553 esse
1170 1513 1451 1566 neglegentiae
1497 1514 1577 1552 nisi

197 1569 422 1609 nescientis.
495 1571 610 1609 vobis
655 1573 791 1611 autem
834 1576 975 1612 notum
1026 1575 1103 1614 est:
1147 1587 1228 1613 non
1274 1573 1393 1613 debet
1435 1586 1576 1613 caecus

197 1629 421 1678 suspicione
463 1633 597 1682 argui,
639 1631 708 1671 sed
746 1633 999 1683 deprehendi.
1062 1636 1103 1674 te
1143 1648 1238 1674 vero
1281 1647 1401 1686 super
1440 1635 1577 1674 omnia

196 1691 481 1729 testamentum
514 1693 659 1743 arguit.
1595 1705 1630 1735 25

296 1821 308 1850 1
341 1817 538 1862 reliquerit
564 1826 600 1854 Β
700 1824 720 1854 2
748 1820 918 1870 fasscilius
944 1829 982 1857 Β
1078 1823 1160 1868 ipse
1187 1834 1254 1859 om.
1281 1829 1318 1858 Β
1416 1826 1439 1857 4
1464 1833 1575 1858 neca,-

522 1878 561 1902 er

197 1900 252 1935 vit
277 1907 314 1935 B
411 1903 605 1938 occidetur
623 1910 661 1938 Β
752 1908 771 1939 7
798 1906 927 1941 modo:
956 1906 1054 1942 dono
1076 1914 1113 1942 P
1200 1906 1398 1943 inauditus
1417 1918 1518 1953 supr.
1539 1912 1577 1942 Β

197 1952 218 1983 8
244 1950 335 1984 tunc
362 1962 429 1985 om.
458 1957 494 1985 P
595 1952 668 1987 iter
693 1964 761 1988 om.
789 1960 826 1989 Β
937 1957 1138 1991 consuerat
1167 1962 1230 1990 VB
1330 1966 1406 1990 uno
1431 1955 1512 1990 ictu
1538 1961 1575 1991 Β

199 2000 243 2032 10
270 2002 357 2043 post
388 1999 528 2035 dormis
561 2000 637 2035 add
682 2002 798 2037 semel
819 2024 862 2028 —
886 2015 1009 2039 nonne
1042 2010 1093 2048 1³3
1127 2003 1242 2040 semel
1265 2026 1307 2030 —
1330 2003 1512 2039 excitavit
1537 2009 1575 2039 Β

199 2057 228 2080 v.
252 2046 273 2080 l.
297 2049 343 2081 13
454 2048 661 2094 quodquod
692 2056 792 2085 VRB
890 2055 931 2086 11
960 2053 1194 2098 percocussit
1218 2058 1256 2088 Β
1372 2056 1416 2088 12
1442 2051 1575 2098 plane-

195 2090 277 2128 tum
302 2100 377 2130 BR
475 2095 583 2132 fecit:
611 2097 744 2132 citavit
769 2105 868 2134 VRB
966 2104 1009 2134 13
1037 2101 1130 2146 quid
1146 2123 1190 2127 —-—
1206 2100 1387 2137 excitavit
1412 2111 1479 2137 om.
1511 2106 1574 2136 VR

196 2143 240 2187 (v.
264 2143 285 2177 l.
309 2144 369 2188 10)
389 2149 427 2178 Β
521 2146 546 2191 Ξ
565 2146 682 2181 semel
708 2147 746 2192 (2
769 2147 837 2182 litt.
859 2150 922 2194 er.)
943 2155 980 2183 P
1077 2153 1120 2184 15
1148 2160 1289 2196 quaere
1315 2160 1338 2185 a
1362 2148 1510 2195 pariete
1537 2154 1574 2184 Β

197 2194 241 2225 16
268 2191 382 2226 tertio
407 2198 477 2226 BV
579 2195 632 2229 et:
661 2205 705 2229 ac
730 2201 800 2229 BV
907 2200 951 2231 17
978 2198 1080 2243 quod
1104 2210 1207 2243 supr.
1235 2204 1272 2233 P
1375 2197 1416 2232 in
1440 2196 1573 2232 limine

197 2238 362 2275 cubiculi
389 2240 448 2276 sui
470 2247 506 2276 Β
605 2246 649 2277 19
677 2243 770 2288 quid
789 2255 856 2289 pro
883 2244 923 2279 in
950 2256 990 2280 se
1014 2252 1054 2291 1⁷3
1082 2246 1175 2291 quid
1202 2257 1241 2282 se
1260 2252 1298 2281 Β
1393 2245 1573 2281 habunde

200 2317 240 2355 1⁹3
265 2289 445 2367 habunde
471 2319 508 2347 Β
653 2318 696 2350 21
724 2315 764 2350 P.
788 2315 824 2351 C.
852 2327 919 2352 om.
947 2324 984 2352 Β
1132 2323 1178 2354 24
1205 2318 1461 2364 suspicionem
1492 2324 1520 2352 V

196 2364 240 2395 25
268 2362 412 2407 arguit:
440 2362 630 2398 convincit
656 2369 692 2398 Β
