1638 2560
190 107 273 150 118
627 102 862 140 CORPORIS
888 99 1115 137 PROIECTI

185 222 284 260 haec
316 221 450 269 omnia
480 232 560 258 non
592 218 763 270 gemitus
795 217 900 255 ullus
931 216 1091 264 matris,
1124 227 1204 254 11011
1234 213 1443 262 lacrimae,
1474 224 1556 251 non

187 286 361 333 questus.
423 281 538 331 putes
578 278 789 329 adpulsum
822 277 874 315 ad
910 276 1007 315 litus
1041 275 1217 326 aliquem
1249 286 1332 318 esse
1367 273 1555 324 piratam.

186 342 290 381 unde
328 341 432 379 hunc
469 340 532 378 illi
570 337 775 378 animum?
836 337 870 376 si
906 337 1014 375 mala
1055 348 1129 375 sua
1168 334 1258 374 ideo
1298 346 1379 373 non
1421 333 1557 382 sentit,

189 402 282 452 quia
313 415 393 440 non
424 400 551 450 videt,
583 402 622 439 et
653 400 727 438 hoc
758 398 854 437 boni
885 399 1057 437 caecitas
1088 395 1230 446 habet,
1261 395 1378 434 eruat
1409 394 1557 445 aliquis

187 463 321 502 oculos
352 473 471 500 meos.
524 462 558 500 si
589 460 775 499 tenebrae
807 459 983 509 corporis
1017 456 1241 496 adfectibus
1272 468 1353 494 non
1382 455 1557 504 obstant,
1595 467 1612 495 5

188 525 298 562 estne
328 522 426 561 haec
457 534 557 560 uxor
586 518 702 559 mea?
735 522 846 558 estne
877 519 946 557 ille
978 518 1085 557 filius
1116 514 1284 556 noster?
1333 516 1455 555 liceat
1486 514 1557 554 du-

186 583 333 632 bitare,
371 582 405 621 si
436 581 523 620 fieri
553 582 705 631 potest,
744 582 784 619 et
815 592 910 618 sane
941 579 1009 618 vix
1039 579 1122 616 iam
1154 576 1438 616 dinoscendam
1469 588 1558 626 spe-

187 643 286 682 ciem
331 643 510 681 vetustas
558 641 740 692 reliquit,
790 640 859 679 sed
903 639 1076 678 adtritae
1126 650 1268 677 manus
1319 638 1360 676 613
1401 636 1559 676 tumida

186 704 358 754 vestigia
395 702 646 742 vinculorum
688 702 728 740 et
764 699 879 740 testis
917 700 1062 751 longae
1101 698 1354 749 captivitatis
1397 698 1558 746 macies,

185 764 362 802 infelicia
383 763 631 814 argumenta,
652 762 916 800 consentiunt.
954 761 1146 799 miserum
1163 758 1245 798 me!
1272 759 1404 798 certus
1423 758 1558 797 luctus
1577 771 1614 798 ιο

186 826 255 863 est.
318 823 445 862 filium
479 835 662 874 agnosco,
695 835 859 861 uxorem
890 834 970 860 non
1002 833 1187 872 agnosco.

275 884 382 936 Ergo
415 884 605 934 quoniam
636 882 683 921 de
715 883 801 921 iure
832 882 992 933 longior
1022 893 1160 932 pugna
1192 881 1264 930 est,
1295 878 1412 918 nobis
1444 879 1557 918 festi·

186 945 362 984 nandum
393 945 470 983 est:
508 945 589 983 sint
619 944 772 993 primae
803 955 966 994 precum
1000 943 1147 992 partes.
1211 940 1346 979 adeste
1377 938 1559 979 universi

186 1006 395 1055 utriusque
433 1016 545 1043 sexus
583 1005 787 1054 parentes,
832 1003 926 1041 dum
963 1004 1135 1041 matrem
1171 1002 1215 1040 in
1254 1001 1442 1051 exequias
1482 999 1559 1038 filii

186 1077 295 1117 rogo.
355 1078 426 1115 per
456 1065 756 1103 matrimonium
791 1066 833 1102 te
865 1065 981 1103 vetus
1013 1065 1054 1101 et
1085 1076 1157 1114 per
1187 1063 1372 1101 mutuam
1410 1060 1556 1101 carita·
1580 1073 1615 1101 15

186 1127 396 1176 1611101136
422 1125 582 1175 utrique
608 1126 790 1164 nostrum
815 1137 962 1175 magno
989 1125 1158 1173 constat,
1185 1122 1327 1172 adicio,
1355 1134 1429 1173 per
1453 1133 1560 1161 com-

186 1199 305 1224 mune
342 1187 505 1237 pignus,
541 1199 613 1236 per
650 1198 774 1224 annos
812 1185 965 1236 pariter
1003 1186 1131 1233 actos,
1176 1185 1217 1222 613
1253 1181 1446 1222 beneficio
1484 1181 1562 1220 filii

186 1246 338 1296 plures,
381 1259 453 1296 per
488 1259 621 1285 meum
658 1246 701 1283 in
739 1247 779 1284 te
824 1245 1077 1295 obsequium,
1121 1246 1204 1283 iam
1246 1244 1327 1282 mei
1370 1244 1560 1282 miserere

187 1308 297 1345 cuius
337 1307 447 1345 soles.
512 1307 624 1345 crede
662 1306 779 1355 mihi,
817 1307 892 1344 hoc
925 1305 1031 1356 quod
1062 1306 1211 1356 patior,
1249 1316 1406 1343 carcere
1445 1303 1560 1354 peius

188 1368 259 1416 est,
292 1367 528 1416 captivitate
560 1367 771 1405 crudelius.
828 1379 919 1405 mea
950 1367 1030 1405 ista
1060 1378 1192 1416 poena
1223 1367 1295 1404 est.
1353 1363 1451 1414 quid
1482 1363 1559 1402 tibi
1580 1377 1616 1403 20

186 1428 344 1466 tantum
370 1427 468 1465 mali
492 1426 598 1466 feci?
648 1427 744 1478 quid
770 1425 944 1466 offendi?
993 1428 1100 1466 certo
1127 1439 1200 1478 ego
1227 1427 1268 1464 te
1293 1437 1375 1464 11011
1400 1423 1558 1475 reliqui.

141 1486 163 1521 9
278 1487 366 1525 Iam
403 1489 437 1526 si
470 1489 602 1527 totum
640 1487 840 1526 adfectum
876 1488 920 1525 in
956 1487 1062 1526 hunc
1100 1486 1384 1536 consumpsisti
1415 1485 1560 1534 virum,

188 1549 228 1586 et
253 1547 380 1586 omnis
405 1561 476 1598 per
501 1548 635 1587 oculos
661 1547 935 1587 misericordia
961 1548 1129 1597 effluxit,
1160 1547 1302 1585 tulerit
1327 1558 1423 1585 sane
1453 1544 1561 1584 filius

187 1608 322 1646 noster
352 1609 495 1647 merito
526 1621 688 1658 poenas,
720 1608 875 1647 dederit
906 1609 1094 1658 spiritum
1120 1606 1331 1658 supplicio.
1382 1606 1487 1645 nihil
1512 1605 1560 1644 de

187 1668 414 1717 praeteritis
440 1669 669 1718 loquamur3
698 1665 825 1721 [quod
850 1669 1075 1719 postulavit
1090 1667 1233 1713 Cicero
1261 1668 1385 1707 etiam
1411 1667 1460 1706 ab
1487 1666 1559 1705 illo
1580 1678 1616 1706 25

284 1822 306 1852 4
331 1818 428 1853 vidit
452 1825 488 1853 Β
584 1820 690 1854 eruet
720 1826 747 1853 V
840 1823 860 1854 5
889 1819 938 1854 si:
967 1820 1033 1855 sed
1060 1828 1147 1862 som
1245 1823 1267 1855 8
1294 1818 1476 1855 adtritae:
1505 1819 1563 1853 at-

187 1865 322 1902 triciae
348 1873 391 1901 M
498 1871 541 1902 12
567 1878 655 1913 ergo
682 1879 760 1913 exp.
781 1879 879 1903 man.
901 1871 924 1903 3
950 1868 1085 1904 codicis
1111 1875 1147 1903 P
1255 1871 1300 1903 13
1331 1870 1502 1913 precium
1529 1872 1566 1901 P

191 1918 234 1950 16
267 1914 369 1950 adici
395 1923 448 1949 ασ
545 1919 587 1950 18
621 1916 844 1961 opsequium
869 1922 907 1950 B
1001 1917 1179 1952 miserere
1209 1916 1286 1952 mei
1318 1915 1424 1951 cuius
1451 1921 1494 1950 Μ

191 1966 234 1999 19
262 1963 376 1998 soles:
397 1963 514 1998 solius
528 1970 607 1998 ΒΜ
623 1965 679 2009 (iri
697 1976 812 2010 marg).
832 1964 893 1999 vel
913 1965 1019 2000 cuius
1039 1964 1137 2000 soles
1157 1965 1260 2010 quod
1278 1963 1415 2000 melius
1436 1965 1494 1999 est
1506 1964 1561 2007 m)

190 2015 233 2047 21
261 2011 425 2058 relinqui
450 2018 487 2046 Β
583 2015 627 2047 22
655 2012 942 2058 consumpsisti:
970 2013 1185 2059 consumpti
1210 2020 1262 2057 B,
1297 2011 1513 2058 consumpsi
1539 2018 1563 2046 b

190 2087 236 2119 24
263 2083 411 2119 dederis
438 2093 456 2126 β
555 2084 711 2129 suplitio
732 2091 783 2128 B3
810 2074 982 2130 supplici)
1010 2092 1053 2120 M
1134 2085 1248 2121 nihil:
1279 2098 1305 2120 n
1329 2091 1376 2130 B,
1402 2083 1513 2120 -ichfl
1539 2090 1563 2118 υ

187 2132 231 2167 in
255 2144 328 2168 ras.
454 2136 498 2167 25
514 2144 587 2178 sqq.
613 2133 723 2168 verba
755 2134 899 2169 inclusa
931 2145 976 2168 οτι)
1002 2134 1074 2170 Cic.
1098 2135 1197 2169 Verr.
1220 2137 1254 2178 5,
1268 2135 1464 2169 117—119
1484 2131 1563 2168 'esse

189 2179 405 2226 deprompta
433 2180 510 2216 iam
534 2181 679 2216 monuit
702 2181 802 2224 Sch„
827 2182 873 2225 cf.
896 2182 1000 2218 Dess.
1016 2194 1056 2228 p.
1072 2185 1133 2226 84,
1158 2182 1211 2217 H.
1233 2182 1364 2228 philol.
1386 2182 1562 2218 Wochen-

187 2229 294 2272 sehr„
319 2239 433 2274 ‘neque
458 2229 629 2264 credibile
655 2229 933 2265 declamationis
957 2231 1167 2276 scriptorem
1192 2231 1315 2276 ipsum
1341 2234 1417 2266 tam
1441 2230 1563 2275 inepte

191 2277 377 2313 Ciceronis
407 2277 525 2313 verbis
556 2289 666 2312 usum
697 2288 787 2321 esse,
818 2278 880 2313 sed
905 2279 1015 2314 etiam
1039 2280 1150 2314 rerba
1175 2280 1217 2313 tu
1242 2277 1562 2314 vende—habeo

189 2360 324 2385 manus
344 2361 383 2395 p.
406 2352 491 2393 119,
505 2351 602 2385 5—7
627 2361 718 2384 num
742 2349 820 2385 sint
843 2351 1018 2396 qenuina,
1045 2351 1184 2396 aliquis
1209 2350 1351 2387 dubitet
1431 2353 1475 2386 25
1503 2337 1565 2395 ct}-

187 2409 274 2434 cero
305 2404 334 2432 V
426 2397 542 2433 etiam
567 2408 636 2433 om.
658 2405 685 2431 σ
