1638 2560
524 71 844 126 Dncnmno
868 71 992 109 xvm
1010 75 1115 108 6—9.
1422 72 1511 116 327

221 187 303 228 Sed
332 187 431 239 quid
454 200 529 240 ego
561 188 618 228 sic
644 201 733 240 ago,
764 189 976 239 tamquam
1005 187 1247 238 inauditum,
1276 187 1512 227 incredibile

130 249 261 290 scelus
289 249 449 288 locutus
480 250 535 288 sit
563 247 767 300 populus?
815 250 934 288 teneo
965 249 1010 287 in
1039 249 1116 288 hoc
1141 261 1323 288 sermone
1354 249 1511 288 facinus

130 309 250 350 unius
280 309 381 349 mali
409 309 561 348 mariti.
611 322 692 348 non
723 309 904 359 interest,
935 310 1134 348 incestum
1159 308 1208 348 de
1232 322 1358 348 uxore
1382 309 1513 361 fingat

131 383 184 410 an
213 369 362 410 credat.
425 368 551 421 quid?
587 371 666 409 iste
698 383 793 422 ergo
825 383 907 409 non
938 370 1078 409 timuit
1107 372 1193 408 tam
1223 369 1422 409 nefandae
1452 370 1510 409 rei

72 438 112 471 ‘5
129 431 300 481 famam,
341 443 416 470 nee
458 430 511 469 ad
554 443 672 470 aures
715 431 845 481 patris
888 432 1098 481 pervenire
1141 443 1280 469 rumor
1322 429 1512 470 erubuit?

130 491 359 532 dissimules
389 491 498 541 licet,
529 504 554 530 a
584 493 626 531 te
656 492 892 544 malignitas
918 493 1076 542 accepit
1101 493 1247 541 ortum,
1277 493 1320 530 te
1350 493 1511 531 secutus

129 553 210 598 est,
241 551 426 603 quisquis
456 552 533 592 hoc
564 564 684 592 ausus
717 554 779 591 est
809 565 991 602 narrare,
1024 552 1215 603 proferre.
1278 552 1331 590 da
1360 551 1513 591 bonum

128 614 300 664 pah-em,
329 613 483 652 bonum
513 614 720 662 maritum,
751 612 957 652 dicturum
984 626 1048 652 me
1078 614 1212 663 putas,
1242 625 1325 651 non
1350 611 1513 652 credet?

127 674 282 713 nesciet
311 685 396 713 esse
427 686 641 713 rumorem.
704 674 761 712 ite
792 687 916 723 nunc,
953 674 1125 723 iudices,
1162 675 1204 713 et
1235 673 1365 712 adhuc
1396 673 1512 712 dubi-

68 744 111 774 ἰιο
129 735 234 783 tate,
271 734 362 785 quis
399 734 532 773 famae
569 734 693 773 fuerit
730 736 873 774 auctor
909 735 1024 774 cuius
1061 736 1180 785 pater
1212 735 1300 786 agit
1335 746 1510 774 causam.

219 790 481 846 ‘Speciosus'‚
518 796 672 846 inquit,
705 790 827 834 ‘fuit'
890 808 972 834 non
1002 795 1133 847 magis
1164 795 1241 834 hoc
1277 795 1435 835 facinus
1466 795 1510 834 in
1536 796 1563 832 9

127 857 258 895 matre
290 857 352 894 est
383 868 509 906 quam
539 857 691 895 crimen
721 857 766 894 in
802 855 899 894 filio.
952 853 1170 906 ‘speciosus
1201 853 1308 895 fuit?
1358 858 1407 895 ut
1435 856 1512 895 hoc

129 915 236 955 obici
259 917 408 967 possit,
439 919 486 955 ut
511 916 672 966 debeat,
704 916 838 966 adice,
870 917 911 955 et
936 916 1098 955 adulter
1128 918 1170 955 et
1193 918 1335 967 raptor
1364 918 1410 955 in
1439 916 1513 956 illa

127 978 315 1016 matrona
352 977 535 1016 maritali
572 977 709 1016 dolore
746 990 875 1027 paene
911 990 1143 1028 percussus,
1174 977 1218 1015 in
1248 978 1323 1015 illa
1354 978 1512 1030 virgine

70 1049 109 1076 15
127 1037 294 1088 publica
318 1037 591 1077 subclamatus
616 1037 783 1087 invidia,
817 1050 1064 1088 quamquam
1093 1038 1192 1077 haec
1218 1051 1377 1089 quoque
1402 1039 1513 1077 intra

127 1099 245 1138 notos
276 1097 495 1137 decurrunt
524 1098 748 1138 iuventutis
781 1111 980 1138 excursus.
1031 1098 1129 1149 quid
1154 1097 1243 1137 ais?
1276 1098 1326 1137 ab
1356 1099 1512 1138 incesto

127 1158 316 1198 libidines
348 1157 593 1209 coeperunt?
623 1159 699 1199 hoc
728 1160 906 1210 primum
930 1172 1111 1209 unquam
1135 1160 1292 1199 iuvenis
1319 1157 1512 1199 admisit?

127 1220 204 1259 hoc
234 1219 364 1258 solum
396 1221 680 1271 argumentum
712 1220 837 1259 sumis
869 1233 917 1259 ex
948 1218 1108 1259 forma?
1161 1220 1226 1259 dic
1256 1220 1411 1270 potius:
1444 1220 1512 1259 de-

127 1279 323 1330 prehendi
352 1280 539 1319 iuvenem
565 1281 667 1319 mihi
692 1293 846 1319 venena
871 1281 1118 1329 miscentem,
1148 1281 1192 1319 in
1218 1293 1355 1319 necem
1379 1293 1513 1320 meam

70 1352 110 1379 ὀ
128 1341 375 1380 conscientia
413 1341 572 1380 sceleris
612 1344 674 1379 est
711 1342 902 1380 armatus.
964 1340 1171 1380 infinitum
1208 1343 1268 1380 est
1313 1343 1513 1391 quantum

128 1400 273 1440 debeat
305 1403 399 1440 ante
436 1402 577 1440 fecisse
609 1400 735 1451 filius,
773 1404 821 1440 ut
852 1401 901 1440 de
938 1401 1010 1440 illo
1048 1402 1250 1441 incestum
1285 1404 1404 1452 pater
1434 1401 1513 1441 sibi

128 1461 277 1501 credat.
329 1457 549 1512 ‘speciosus
575 1458 680 1500 fuit?
732 1463 822 1512 quis
849 1463 957 1500 enim
981 1475 1062 1501 non
1088 1464 1151 1501 est
1178 1462 1377 1502 formosus
1402 1462 1511 1502 filius

128 1520 280 1560 matri?
341 1524 481 1561 amant
512 1522 760 1572 debilitates,
799 1523 1099 1573 amplectuntur
1129 1523 1247 1561 illum
1278 1523 1512 1562 morborum

129 1582 501 1633 suppliciorumque
538 1583 754 1634 pallorem,
792 1585 832 1622 et
870 1583 912 1621 in
946 1584 1052 1623 vires
1091 1584 1277 1622 caritatis
1315 1583 1512 1624 adcrescit

74 1653 110 1680 25
128 1642 218 1693 ipsa
255 1643 472 1682 miseratio.
536 1656 617 1682 non
652 1644 812 1694 inpedit
843 1656 987 1695 aegrae
1025 1644 1192 1694 pietatis
1230 1645 1411 1683 animum
1442 1645 1512 1684 de-

226 1822 245 1854 1
273 1829 313 1854 se
339 1824 377 1854 Β
489 1818 672 1855 incredile
698 1825 750 1864 Μ,
774 1831 877 1866 supr.
897 1834 940 1854 nn
1064 1824 1085 1855 3
1111 1806 1227 1855 uxore
1252 1827 1290 1855 Β
1412 1825 1433 1857 5
1460 1821 1511 1857 ad

127 1902 230 1937 supr.
255 1897 285 1925 V
353 1890 505 1946 erubuit
529 1903 657 1927 rumor
681 1900 702 1935 β
787 1895 808 1927 6
834 1891 1089 1939 malignitatis
1116 1902 1136 1936 β
1222 1897 1241 1928 7
1269 1881 1383 1929 ausus
1402 1900 1440 1929 Β

129 1939 229 1975 dabo
254 1945 284 1974 V
346 1942 367 1974 8
392 1941 571 1975 mentum
595 1946 624 1974 Γ
686 1943 708 1975 9
735 1940 834 1976 aduc
852 1947 890 1976 Β
954 1941 1107 1977 dubitet
1125 1943 1164 1977 te
1183 1948 1222 1977 Β
1294 1945 1339 1977 10
1366 1943 1472 1978 actor
1491 1951 1511 1985 β

130 2015 174 2047 11
199 2011 327 2058 inquit
342 2034 385 2038 —
401 2012 593 2058 speciosus
618 2013 706 2048 1.12
730 2024 799 2049 om.
819 2019 858 2048 Β
940 2014 1091 2061 magis}
1114 2021 1143 2048 V
1236 2018 1281 2050 13
1306 1993 1438 2061 posse}
1455 2021 1510 2060 Β;

127 2086 258 2130 posset
282 2091 347 2128 Vd3
372 2086 542 2130 potesset
567 2096 612 2120 ex
635 2087 805 2131 posestet
825 2092 868 2121 Μ
940 2090 984 2121 14
1010 2075 1210 2132 percus*ms
1230 2094 1282 2133 B;
1309 2098 1509 2134 percussus

128 2134 188 2168 est
206 2139 251 2168 Μ
334 2137 378 2168 15
404 2135 530 2168 matus
549 2139 596 2178 Β,
622 2133 770 2169 subola·
789 2146 891 2180 supr.
912 2141 936 2169 b
1025 2146 1274 2182 quamquam:
1302 2136 1509 2182 quodquod

129 2187 166 2216 P
238 2185 282 2217 16
308 2183 455 2217 nostros
482 2187 532 2225 Μ,
558 2182 600 2216 in
618 2193 734 2230 mar-9.
761 2182 820 2218 vel
845 2184 955 2218 notos
980 2197 1023 2218 m
1106 2183 1324 2220 discurrunt
1350 2193 1371 2219 ς
1452 2184 1509 2219 iu-

127 2229 576 2276 ventutis—coeperunt
601 2230 623 2264 l.
639 2233 688 2266 17
713 2242 781 2267 om.
807 2237 835 2265 V
937 2231 1081 2267 incerto
1106 2239 1144 2268 Β
1251 2237 1295 2268 18
1322 2233 1439 2268 sumis
1464 2245 1510 2268 ex

128 2281 337 2314 mrrectura
364 2277 464 2324 (ηιξ)
486 2284 541 2322 Μ;
578 2289 706 2313 sumus
733 2287 752 2322 β
777 2280 883 2324 (corr.
906 2282 946 2326 S)
1026 2284 1072 2315 20
1099 2283 1157 2317 est
1182 2293 1248 2317 om.
1276 2288 1305 2315 Γ
1380 2285 1423 2316 21
1452 2281 1510 2315 in-

129 2327 273 2361 certum
300 2332 338 2361 Β
468 2330 513 2361 22
539 2325 725 2362 formosus
750 2339 796 2363 ex
821 2327 1032 2364 formonsus
1058 2335 1096 2364 Β
1228 2334 1273 2364 23
1300 2329 1438 2364 materi
1469 2326 1507 2373 Ῠς

128 2374 262 2409 matris
288 2383 308 2417 β
406 2378 452 2410 24
479 2374 753 2421 suppliciorum
778 2388 823 2412 ecc
848 2387 946 2411 —rom
971 2383 999 2411 Γ
1093 2382 1138 2413 25
1165 2389 1255 2424 agre
1282 2383 1351 2412 Bt·
