1638 2560
6 101 17 106 ³
0 0 34 58 &fad

569 112 888 150 DECLAMATIO
913 113 967 149 111
987 116 1092 149 6—8.
1454 112 1512 156 47

110 228 337 282 imperat?
399 243 516 269 suum
556 230 727 280 quisque
766 228 919 268 habeat
956 229 1129 268 fortasse
1170 228 1384 267 iudicium:
1424 241 1516 267 mea

135 291 337 331 sententia
366 303 448 330 non
473 291 573 330 satis
602 289 773 341 pudicus
806 291 868 329 est
897 290 1013 328 miles
1045 290 1116 340 qui
1143 291 1322 328 armatus
1353 291 1516 328 tantum

113 364 115 367 ·
134 354 270 404 negat.

224 412 314 452 Hoc
350 411 611 464 expositionis
648 412 756 460 loco,
793 412 1026 462 imperator,
1063 411 1170 450 malo
1209 410 1511 450 accusatoribus
1539 411 1559 447 7

61 486 67 488 “
100 488 118 515 5
136 473 286 514 credas.
347 473 412 512 illi
442 474 660 512 narrarunt
690 485 776 511 rem
800 472 888 511 viro
921 473 962 511 et
992 471 1174 511 Romano
1208 474 1249 511 et
1279 471 1411 511 milite
1442 473 1514 511 tuo

113 533 311 587 dignam.
375 533 428 574 ad
457 534 633 584 primum
666 532 806 572 stafim
838 532 1032 572 obscenae
1063 532 1244 572 libidinis
1279 544 1516 582 sermonem,

134 607 217 635 non
254 595 376 634 aliter
412 607 536 646 quam
572 595 607 633 si
643 594 687 632 in
723 594 881 633 hostem
912 594 1125 633 classicum
1163 593 1391 642 cecinisset,
1429 594 1515 645 gla-

111 655 248 694 dium
277 656 396 694 illum
427 668 547 707 quem
580 668 604 694 a
633 656 675 694 te
706 667 780 706 pro
812 654 1011 705 pudicifia
1042 656 1273 694 nostrarum
1298 655 1516 706 coniugum

136 718 358 767 acceperat,
382 729 455 767 per
479 718 619 767 pectus
649 715 809 754 infandi
835 716 1082 766 corruptoris
1114 716 1247 767 exegit
1273 717 1314 754 et
1337 716 1382 753 in
1407 715 1515 754 latus

82 792 118 820 ιο
135 777 246 817 ultra
275 777 429 828 pedem.
479 779 722 827 tantumque
747 788 828 815 non
853 776 1039 816 ardorem
1066 776 1277 826 luminum,
1308 776 1515 815 horrorem

136 838 396 889 capillorum,
443 837 649 877 fremitum
689 836 984 889 indignationis
1033 839 1126 876 ante
1167 837 1304 876 oculos
1346 837 1514 876 dicendo

134 900 369 950 posuerunt.
420 900 456 938 si
480 911 618 938 omnes
643 898 795 937 milites
820 898 924 937 tales
949 897 1156 947 habemus,
1187 897 1306 947 Mari,
1332 899 1513 937 vicimus.

110 959 304 999 .verebar
346 959 554 1011 equidem,
597 972 647 998 ne
689 958 860 1010 fugandi
907 960 1153 1009 corruptoris
1197 971 1319 998 causa
1362 959 1515 998 ferrum

136 1021 377 1070 strinxisset,
409 1023 451 1060 et
468 1042 529 1046 —
549 1019 656 1071 quod
688 1019 869 1059 accidere
892 1020 1055 1059 interim
1082 1020 1186 1059 solet
1204 1041 1264 1046 ——
1284 1019 1380 1063 dum
1412 1019 1515 1058 alter

81 1095 116 1122 15
134 1093 383 1121 recessurum
414 1082 552 1132 putat,
590 1081 697 1120 alter
726 1093 1009 1131 percussurum
1040 1094 1121 1120 non
1152 1083 1290 1131 putat,
1329 1083 1415 1119 tam
1446 1080 1515 1119 ho-

110 1144 296 1181 nestum
326 1155 427 1192 opus
458 1154 574 1182 casus
612 1142 784 1181 fecisset.
846 1155 975 1192 neque
1008 1141 1132 1190 enim,
1170 1143 1216 1180 ut
1248 1140 1403 1192 opinor,
1440 1142 1516 1180 hoc

135 1215 296 1254 quoque
326 1203 567 1255 exigendum
598 1203 689 1251 fuit,
721 1205 768 1242 ut
799 1215 891 1242 cum
922 1215 1062 1242 caecus
1096 1203 1274 1241 amentia
1304 1204 1516 1252 corruptor

134 1276 207 1314 per
243 1263 413 1303 vulnera
449 1265 541 1315 ipsa
579 1265 714 1302 rueret
752 1263 803 1301 ad
840 1263 1090 1314 praebendos
1129 1263 1354 1314 amplexus,
1398 1263 1514 1302 miles

137 1325 261 1363 etiam
288 1324 473 1376 gladium
503 1323 722 1363 reduceret.
773 1336 848 1375 ego
880 1336 975 1363 vero
1008 1336 1154 1374 parum
1186 1324 1361 1362 viriliter
1392 1325 1517 1362 istum

82 1399 118 1425 so
135 1384 393 1437 indignatum
417 1387 531 1436 puto,
563 1386 598 1424 si
623 1386 665 1423 in
691 1386 808 1424 tanto
835 1384 971 1424 dolore
996 1384 1206 1423 tribunum
1231 1385 1367 1435 potuit
1394 1397 1516 1436 agno-

137 1458 257 1485 scere.
321 1446 408 1497 ipse
439 1446 543 1484 nihil
574 1448 747 1485 excusat.

226 1506 429 1557 Percussi,
458 1508 612 1558 inquit,
645 1507 778 1558 gratia
809 1506 934 1545 Marti
965 1507 1183 1557 signisque,
1218 1505 1364 1555 occidi,
1396 1506 1514 1545 hausi
1540 1507 1564 1543 8

137 1568 301 1606 noxium
337 1567 482 1607 ultrice
520 1567 684 1606 dextera
721 1567 977 1618 sanguinem,
1020 1567 1104 1606 sive
1142 1567 1277 1615 licuit,
1319 1568 1403 1606 sive
1435 1579 1517 1605 non

111 1647 114 1649 ·
137 1627 264 1667 licuit.
328 1630 451 1679 atque
483 1629 641 1667 utinam
671 1628 807 1678 plures
839 1630 988 1667 mortes
1021 1628 1209 1678 cepisset,
1248 1629 1295 1667 ut
1324 1629 1516 1678 inpurum

143 1768 146 1771 ,
235 1735 253 1767 1
281 1731 426 1767 habeat
449 1743 550 1778 supr.
571 1746 614 1766 m
639 1735 673 1767 et
697 1735 786 1777 post
815 1726 976 1766 fortasse
1010 1734 1033 1767 5
1064 1731 1119 1767 vel
1151 1734 1176 1767 6
1207 1731 1276 1768 litt.
1303 1743 1352 1767 er.
1381 1737 1424 1766 ,11

138 1783 159 1815 2
186 1779 310 1816 sentia
334 1786 372 1815 Β
468 1785 490 1815 4
516 1779 787 1835 expositioneis
812 1786 850 1814 B
934 1779 1198 1816 aeusatoribus
1224 1786 1262 1815 B
1345 1783 1366 1814 5
1393 1779 1516 1815 milite

137 1864 183 1889 ex
206 1855 302 1888 -tem
327 1859 365 1888 Β
461 1857 482 1889 8
509 1841 673 1899 putit¹cia
698 1859 735 1887 Β
830 1856 851 1887 9
877 1863 947 1899 per
971 1854 1104 1898 pectus
1131 1852 1298 1888 infandi:
1324 1853 1515 1899 perfectus

138 1901 307 1949 instandi
331 1907 370 1937 Β
458 1902 499 1937 in
525 1901 644 1938 latus:
670 1901 710 1936 in
736 1901 859 1937 latum
884 1908 991 1945 Βῐ’σ;
1017 1900 1169 1937 illatum
1195 1907 1239 1936 Μ
1261 1903 1367 1948 (corr.
1388 1904 1443 1947 m),

140 1953 185 1985 10
210 1951 455 1996 tantumque:
482 1952 633 1986 tantum
659 1960 771 1996 quem
798 1959 817 1992 β
923 1949 1120 1985 horrorum
1146 1956 1198 1994 Β,
1224 1961 1315 1986 corr.
1338 1957 1361 1984 b
1460 1950 1517 1984 in-

139 1998 397 2045 dignacionis:
442 1999 475 2034 is
513 2000 555 2034 in
591 2010 665 2034 ras.
698 2005 735 2034 Β
876 2003 919 2034 12
957 2000 1187 2044 posuerunt:
1232 1999 1293 2034 vel
1337 2000 1518 2044 posuerat

137 2058 239 2093 supr.
260 2061 302 2082 ιιι
384 2047 541 2084 abemus
566 2054 618 2092 Β;
644 2046 872 2083 haberemus
899 2056 918 2090 β
991 2047 1138 2083 vicinus
1164 2053 1201 2082 Β
1311 2051 1356 2082 14
1383 2047 1515 2082 strinc-

138 2095 257 2132 xisset
281 2102 319 2131 Β
429 2101 474 2132 16
501 2107 611 2132 casus
637 2095 792 2131 fecisset
823 2108 867 2131 ew
893 2106 1022 2131 cassus
1048 2095 1244 2131 refecisset
1269 2102 1306 2130 Β
1416 2096 1517 2131 enim

139 2155 207 2180 om.
229 2150 281 2200 Μὀ
305 2144 391 2181 add.
412 2159 455 2180 m
555 2148 599 2180 18
625 2144 880 2191 praebendos:
907 2143 1120 2190 prehendos
1147 2150 1198 2188 Β;
1229 2144 1468 2190 prendendos
1497 2152 1518 2178 ς

142 2232 185 2264 19
210 2193 342 2265 viil-iter
366 2236 403 2264 Β
499 2232 546 2264 20
571 2229 831 2276 indignatum:
866 2230 907 2264 at
931 2231 973 2265 in
998 2240 1071 2265 ras.
1099 2235 1136 2263 Β
1232 2230 1340 2264 tanto
1367 2228 1513 2264 dolore:

139 2278 290 2313 tantum
316 2278 484 2314 dolorem
509 2284 555 2321 B,
582 2289 672 2314 corr.
695 2285 718 2312 b
794 2282 837 2313 21
864 2278 1036 2313 lexcusat
1060 2284 1106 2321 Β,
1132 2277 1146 2312 l
1172 2277 1238 2313 del.
1261 2284 1284 2312 ὁ
1359 2281 1403 2312 22
1432 2288 1517 2324 gra—

139 2325 235 2361 tiam
254 2341 301 2370 ω;
327 2338 419 2363 corr.
445 2327 547 2371 Obr.;
574 2325 611 2362 C.
633 2326 743 2370 Mari,
770 2326 839 2361 sub
860 2326 1055 2373 signisque
1083 2335 1104 2361 s·
1177 2326 1305 2361 hausi:
1334 2326 1421 2360 auxi
1442 2331 1522 2359 Βη

140 2374 214 2419 (vel
238 2374 349 2410 hausi
374 2376 431 2421 m)
457 2383 484 2410 α’
589 2378 633 2409 23
666 2375 837 2410 noxium:
871 2374 1040 2410 noctium
1072 2381 1101 2408 V
1203 2374 1376 2410 dextera:
1411 2384 1451 2408 er
1476 2374 1517 2408 in

140 2434 214 2459 ras.
229 2422 299 2458 .?B
394 2434 471 2459 non
496 2423 616 2459 lacuit
641 2430 664 2457 b
764 2427 809 2458 24
834 2423 1000 2459 utinam:
1027 2422 1080 2458 ut'
1108 2429 1145 2457 Ρ
