1638 2560
454 109 775 147 Ducnm'mo
801 110 889 147 vm
909 114 1063 147 13—15.
1368 111 1454 155 159

72 226 341 277 promitteret.
402 225 478 265 hoc
508 238 615 265 nunc
651 238 716 265 me
747 227 863 276 queri
898 226 1057 277 putatis
1089 226 1197 276 quod
1230 227 1275 265 in
1304 240 1366 276 re,
1404 226 1453 265 de

74 300 156 339 qua
195 285 354 327 medere
396 299 471 326 nec
514 286 700 326 omnibus
743 286 964 336 debuisset,
1008 287 1176 326 accessit
1211 285 1312 326 uni?
1373 300 1454 326 non

73 347 253 397 interest,
283 360 337 387 an
368 348 544 398 supersit
572 347 796 386 remedium
822 347 930 398 quod
960 349 1161 398 temptare
1186 360 1269 387 non
1295 347 1453 398 debeas,

74 409 117 448 et
133 407 204 447 ubi
221 408 462 448 tantundem
486 408 658 458 periculi
682 420 816 458 speres
842 410 1042 458 quantum
1064 408 1293 459 desperatio
1318 408 1454 459 habet,

37 485 55 512 ε
73 469 218 509 melior
254 468 384 508 exitus
422 470 483 508 est
514 468 585 520 qui
622 469 723 508 facit
753 470 920 508 miseros
954 469 1200 508 innocentes.
1263 469 1362 520 quid
1390 469 1453 508 in-

71 529 227 570 vidiam
254 529 458 581 prioribus
488 529 655 568 medicis
684 528 905 580 paramus?
954 542 1071 569 nemo
1103 531 1234 582 magis
1266 530 1455 581 desperat

73 603 197 642 quam
227 591 264 630 si
292 592 416 642 negat
446 602 565 629 nosse
594 590 844 642 languorem.

164 650 271 698 Quid
301 651 375 701 ais,
403 649 549 702 pater?
598 651 659 690 ita
689 653 823 690 tecum
856 651 1071 702 quisquam
1102 651 1160 691 sic
1185 651 1308 691 audet
1333 664 1452 703 agere
1472 652 1527 690 15

71 711 121 751 de
152 711 308 752 duobus
338 711 452 761 filiis,
490 713 702 763 tamquam
732 712 782 750 de
814 711 971 752 duobus
1004 711 1164 764 aegris?
1225 714 1275 751 tu
1306 725 1353 751 ex
1385 725 1451 764 ge-

17 789 55 816 lo
70 773 193 813 minis
224 772 398 812 alterum
423 772 684 812 occidendum
715 771 858 812 dabis?
907 785 989 812 non
1013 773 1173 822 ferrem,
1204 773 1240 812 si
1265 785 1452 824 separare

73 834 327 884 expositurus
365 833 549 882 auderes,
587 834 624 872 si
660 834 873 872 contentus
911 846 1016 873 esses
1051 833 1293 873 educaturus
1331 834 1451 872 alter-

71 896 222 944 utrum,
253 907 335 933 non
361 894 509 933 ferrem
533 906 558 932 a
582 895 728 945 pirain's
754 895 919 945 captum
948 894 1079 933 filium
1105 895 1273 933 alterius
1298 895 1452 934 vicaria

72 955 267 995 servitute
302 954 575 994 redimentem.
638 957 684 994 tu
715 954 764 993 de
802 955 977 994 orbitate
1014 955 1138 994 facies
1169 956 1277 994 vices
1315 956 1356 994 et
1387 967 1452 994 ca-

72 1028 163 1055 sum
191 1015 444 1068 singulorum
473 1028 548 1066 per
571 1017 790 1066 uin-umque
817 1014 1042 1055 diffundes?
1092 1015 1356 1066 parricidium
1381 1028 1451 1054 vo-

17 1091 53 1119 15
72 1089 223 1126 curem,
258 1077 295 1116 si
323 1077 585 1127 promittente
615 1076 771 1116 medico
804 1077 913 1127 quod
944 1079 1106 1116 sanaret
1136 1090 1280 1126 unum,
1314 1089 1451 1127 posses

71 1137 219 1189 eligere
255 1137 494 1188 periturum.
556 1150 684 1187 paene
722 1137 923 1177 crudelius
963 1139 1024 1176 est
1061 1138 1241 1189 geminos
1273 1137 1451 1176 dividere

72 1210 193 1249 quam
218 1197 396 1249 perdere.
447 1211 496 1237 en
521 1199 690 1237 scientia
721 1199 787 1237 cui
812 1198 957 1237 debeat
976 1198 1102 1237 credi!
1134 1200 1257 1250 negat
1282 1211 1323 1238 se
1349 1199 1451 1237 scire

72 1270 212 1298 causas
243 1259 464 1311 languoris,
495 1258 639 1298 deinde
670 1258 877 1309 promittit
903 1258 1094 1310 quicquid
1125 1259 1246 1298 licere
1277 1271 1358 1298 non
1384 1258 1451 1297 de-

70 1319 185 1359 beret
202 1331 275 1359 nec
292 1319 626 1372 intelligentibus.
670 1316 895 1369 ‘occidam'‚
920 1320 1067 1370 inquit,
1089 1317 1248 1359 ‘deinde
1269 1316 1448 1358 sanabo?

17 1395 54 1422 so
70 1379 312 1430 memineris,
342 1383 470 1431 pater,
501 1380 545 1418 in
575 1380 652 1419 hac
677 1380 910 1420 condicione
941 1381 1054 1431 prius
1080 1393 1176 1430 esse,
1209 1382 1255 1418 ut
1280 1379 1449 1419 occidas.

70 1453 152 1480 non
183 1441 246 1480 est
274 1442 394 1480 tanta
422 1441 555 1492 pietas
587 1453 747 1480 servare
779 1441 909 1480 filium
935 1443 1134 1491 quantum
1164 1442 1321 1480 facinus
1348 1440 1450 1479 occi-

70 1501 174 1541 dere.
235 1503 284 1540 tu
313 1514 419 1540 nunc
449 1502 526 1540 1100
562 1503 684 1552 putas
714 1501 939 1552 profundae
972 1503 1071 1541 artis
1104 1514 1198 1541 esse-
1223 1499 1450 1541 secretum?

70 1561 195 1601 verba
225 1564 387 1601 tantum
417 1562 708 1612 desperationis
738 1562 931 1613 involvit,
970 1564 1010 1602 et
1040 1563 1160 1602 homo
1193 1562 1451 1602 cautissimae

71 1621 267 1662 vanitatis
310 1624 452 1673 captat
490 1622 605 1661 illam
644 1623 906 1662 novissimam
947 1623 1155 1662 circumire
1195 1623 1448 1662 brevitatem.

16 1697 52 1724 2⁶
70 1682 184 1722 vides
216 1685 372 1734 quanta
407 1684 651 1733 promissum
688 1695 805 1723 suum
843 1685 1239 1734 experimentumque
1277 1684 1451 1735 caligine

70 1743 249 1783 medicus
274 1742 518 1783 involverit?
549 1757 770 1794 numquam
796 1743 1009 1794 constabit,
1030 1759 1081 1784 an
1106 1745 1230 1784 fuerit
1255 1745 1451 1796 languore

69 1804 290 1844 moriturus
329 1817 449 1856 aeger
486 1805 558 1855 qm·
597 1804 716 1844 aliter
753 1805 959 1844 occiditur.
1021 1818 1103 1845 non
1146 1806 1259 1855 novi,
1302 1804 1451 1855 inquit,

70 1865 277 1917 languoris
308 1877 446 1916 genus.
495 1866 590 1915 post
619 1865 723 1904 hanc
748 1879 888 1905 vocem
918 1866 1143 1905 mehercule
1173 1879 1254 1905 non
1286 1865 1451 1904 deberes

70 1925 322 1965 committere
347 1938 502 1978 aegros,
534 1925 693 1965 etiamsi
717 1926 842 1966 vellet
866 1927 1039 1978 experiri
1062 1928 1241 1978 potionis
1266 1927 1448 1975 haustus,

167 2032 190 2064 3
215 2029 375 2065 interest
392 2040 438 2065 ex
455 2028 638 2064 interesse
656 2035 695 2064 Β
715 2031 821 2075 (corr.
842 2032 879 2076 b)
954 2030 1073 2076 quod:
1101 2041 1174 2076 que
1195 2037 1231 2065 Ρ
1302 2034 1324 2064 4
1349 2029 1447 2076 peri-

71 2076 167 2113 culis
191 2083 231 2112 Β
348 2076 511 2124 periculi
542 2077 685 2113 habeas
720 2089 848 2125 speres
878 2085 907 2113 r
1025 2083 1045 2114 6
1080 2078 1286 2126 desperasst
1316 2084 1353 2113 Β

72 2129 116 2161 11
143 2125 303 2162 auderes
319 2148 361 2152 —
378 2126 608 2162 educaturus
634 2138 702 2162 om.
723 2133 761 2162 P
843 2138 944 2163 esses
971 2127 1218 2163 educatur-us:
1243 2131 1292 2162 ff
1314 2137 1353 2162 se
1379 2126 1449 2161 du-

70 2175 223 2210 caturus
242 2180 295 2218 Β;
325 2185 426 2210 esses
453 2174 700 2210 seducaturus
725 2175 789 2212 sed
814 2186 853 2211 se
878 2188 926 2212 er.
949 2182 993 2211 Μ
1089 2180 1132 2212 14
1159 2174 1447 2233 sinssssgulorum

69 2229 108 2258 Β
200 2224 330 2258 utrum
353 2229 386 2258 ,1
482 2227 526 2258 17
552 2224 578 2270 Ξ
602 2234 718 2270 quam
748 2231 777 2259 V
870 2224 1105 2260 conscientia
1136 2231 1163 2259 V
1256 2223 1359 2260 credi
1386 2223 1449 2258 cui

70 2270 210 2307 debeat
239 2277 268 2306 V
348 2275 392 2307 18
419 2264 507 2318 dein
534 2271 581 2307 de
606 2278 658 2316 Β;
685 2272 774 2308 dein
804 2279 833 2307 V
912 2272 1071 2308 haberet
1096 2280 1140 2318 P,
1168 2272 1324 2308 deberet
1345 2287 1374 2312 p

72 2323 116 2355 19
142 2330 228 2356 nec:
254 2331 331 2356 non
356 2328 384 2355 σ
467 2324 512 2355 23
539 2319 833 2366 desperationis:
860 2333 997 2358 rasura
1019 2333 1064 2357 ex
1089 2333 1146 2357 -es
1165 2328 1203 2356 Β
1288 2325 1332 2356 26
1360 2331 1445 2355 0011·

70 2367 191 2404 stabit
223 2379 269 2404 ex
303 2369 360 2403 —at
394 2374 432 2403 Β
552 2372 597 2404 28
632 2368 839 2405 mihercule
871 2376 899 2404 Γ
1017 2373 1062 2405 29
1098 2369 1266 2406 etiamsi:
1304 2368 1375 2404 etsi
1402 2374 1446 2410 Ρ,

69 2428 162 2454 corr.
179 2431 209 2457 ιι
305 2416 421 2452 vellet
446 2424 483 2452 s‘:
510 2416 651 2454 vellent
676 2432 707 2452 ω
