<?xml version="1.0" encoding="UTF-8"?>
<!DOCTYPE html PUBLIC "-//W3C//DTD XHTML 1.0 Transitional//EN"
    "http://www.w3.org/TR/xhtml1/DTD/xhtml1-transitional.dtd">
<html xmlns="http://www.w3.org/1999/xhtml" xml:lang="en" lang="en">
 <head>
  <title>
</title>
<meta http-equiv="Content-Type" content="text/html;charset=utf-8" />
  <meta name='ocr-system' content='tesseract 3.04.00' />
  <meta name='ocr-capabilities' content='ocr_page ocr_carea ocr_par ocr_line ocrx_word'/>
</head>
<body>
  <div class='ocr_page' id='page_1' title='image "./quintilianiquaef00lehnuoft_0395.png"; bbox 0 0 1638 2560; ppageno 0'>
   <div class='ocr_carea' id='block_1_1' title="bbox 576 78 1466 123">
    <p class='ocr_par' dir='ltr' id='par_1_1' title="bbox 576 78 1466 123">
     <span class='ocr_line' id='line_1_1' title="bbox 576 78 1466 123; baseline 0.009 -7"><span class='ocrx_word' id='word_1_1' title='bbox 576 78 897 116; x_wconf 79' lang='lat' dir='ltr'>DEGLAMATIO</span> <span class='ocrx_word' id='word_1_2' title='bbox 922 79 968 116; x_wconf 83' lang='grc' dir='ltr'><strong>Π.</strong></span> <span class='ocrx_word' id='word_1_3' title='bbox 1375 80 1466 123; x_wconf 82' lang='lat'><strong>359</strong></span> 
     </span>
    </p>
   </div>
   <div class='ocr_carea' id='block_1_2' title="bbox 35 194 1472 1702">
    <p class='ocr_par' dir='ltr' id='par_1_2' title="bbox 35 194 1472 1702">
     <span class='ocr_line' id='line_1_2' title="bbox 84 194 1470 248; baseline -0.001 -12"><span class='ocrx_word' id='word_1_4' title='bbox 84 196 177 236; x_wconf 89' lang='lat' dir='ltr'><strong>ideo</strong></span> <span class='ocrx_word' id='word_1_5' title='bbox 213 195 376 236; x_wconf 80' lang='lat' dir='ltr'><strong>videtur</strong></span> <span class='ocrx_word' id='word_1_6' title='bbox 411 195 518 247; x_wconf 87' lang='lat' dir='ltr'><strong>quod</strong></span> <span class='ocrx_word' id='word_1_7' title='bbox 553 195 725 248; x_wconf 87' lang='lat' dir='ltr'><strong>fingeret</strong></span> <span class='ocrx_word' id='word_1_8' title='bbox 766 208 808 235; x_wconf 93' lang='lat' dir='ltr'><strong>se</strong></span> <span class='ocrx_word' id='word_1_9' title='bbox 851 194 1127 235; x_wconf 73' lang='lat' dir='ltr'><strong>dormientem.</strong></span> <span class='ocrx_word' id='word_1_10' title='bbox 1185 194 1292 246; x_wconf 88' lang='lat' dir='ltr'><strong>quod</strong></span> <span class='ocrx_word' id='word_1_11' title='bbox 1331 196 1470 235; x_wconf 89' lang='lat' dir='ltr'><strong>autem</strong></span> 
     </span>
     <span class='ocr_line' id='line_1_3' title="bbox 86 255 1466 307; baseline -0.001 -10"><span class='ocrx_word' id='word_1_12' title='bbox 86 269 288 297; x_wconf 82' lang='lat' dir='ltr'><strong>venenum</strong></span> <span class='ocrx_word' id='word_1_13' title='bbox 315 257 527 296; x_wconf 84' lang='lat' dir='ltr'><strong>inventum</strong></span> <span class='ocrx_word' id='word_1_14' title='bbox 556 256 637 295; x_wconf 86' lang='lat' dir='ltr'><strong>fuit</strong></span> <span class='ocrx_word' id='word_1_15' title='bbox 660 256 704 295; x_wconf 90' lang='lat' dir='ltr'><strong>in</strong></span> <span class='ocrx_word' id='word_1_16' title='bbox 734 255 826 296; x_wconf 89' lang='lat' dir='ltr'><strong>sinu</strong></span> <span class='ocrx_word' id='word_1_17' title='bbox 857 255 943 295; x_wconf 91' lang='lat' dir='ltr'><strong>eius</strong></span> <span class='ocrx_word' id='word_1_18' title='bbox 968 258 1009 295; x_wconf 88' lang='lat' dir='ltr'><strong>et</strong></span> <span class='ocrx_word' id='word_1_19' title='bbox 1039 255 1199 307; x_wconf 80' lang='lat' dir='ltr'>gladius</span> <span class='ocrx_word' id='word_1_20' title='bbox 1230 257 1466 296; x_wconf 87' lang='lat' dir='ltr'><strong>cruentatus</strong></span> 
     </span>
     <span class='ocr_line' id='line_1_4' title="bbox 87 316 1468 369; baseline -0.001 -12"><span class='ocrx_word' id='word_1_21' title='bbox 87 317 148 357; x_wconf 70' lang='lat' dir='ltr'><strong>adt</strong></span> <span class='ocrx_word' id='word_1_22' title='bbox 170 319 294 369; x_wconf 80' lang='lat' dir='ltr'><strong>capnt</strong></span> <span class='ocrx_word' id='word_1_23' title='bbox 331 318 437 367; x_wconf 83' lang='lat' dir='ltr'><strong>eius,</strong></span> <span class='ocrx_word' id='word_1_24' title='bbox 477 316 666 368; x_wconf 88' lang='lat' dir='ltr'><strong>apposita</strong></span> <span class='ocrx_word' id='word_1_25' title='bbox 696 318 813 356; x_wconf 83' lang='lat' dir='ltr'><strong>erant</strong></span> <span class='ocrx_word' id='word_1_26' title='bbox 842 316 932 368; x_wconf 93' lang='lat' dir='ltr'><strong>ipso</strong></span> <span class='ocrx_word' id='word_1_27' title='bbox 968 317 1183 368; x_wconf 76' lang='lat' dir='ltr'><strong>ignorante</strong></span> <span class='ocrx_word' id='word_1_28' title='bbox 1225 318 1266 356; x_wconf 87' lang='lat' dir='ltr'><strong>et</strong></span> <span class='ocrx_word' id='word_1_29' title='bbox 1295 329 1378 356; x_wconf 92' lang='lat' dir='ltr'><strong>non</strong></span> <span class='ocrx_word' id='word_1_30' title='bbox 1407 317 1468 356; x_wconf 87' lang='lat' dir='ltr'><strong>vi-</strong></span> 
     </span>
     <span class='ocr_line' id='line_1_5' title="bbox 89 378 1469 428; baseline -0.001 -10"><span class='ocrx_word' id='word_1_31' title='bbox 89 378 226 427; x_wconf 80' lang='lat' dir='ltr'><strong>dente,</strong></span> <span class='ocrx_word' id='word_1_32' title='bbox 266 390 359 418; x_wconf 88' lang='lat' dir='ltr'><strong>cum</strong></span> <span class='ocrx_word' id='word_1_33' title='bbox 389 390 530 418; x_wconf 88' lang='lat' dir='ltr'><strong>caecus</strong></span> <span class='ocrx_word' id='word_1_34' title='bbox 562 378 634 427; x_wconf 89' lang='lat' dir='ltr'><strong>sit,</strong></span> <span class='ocrx_word' id='word_1_35' title='bbox 672 379 713 416; x_wconf 90' lang='lat' dir='ltr'><strong>et</strong></span> <span class='ocrx_word' id='word_1_36' title='bbox 749 378 825 417; x_wconf 92' lang='lat' dir='ltr'><strong>hoc</strong></span> <span class='ocrx_word' id='word_1_37' title='bbox 856 390 882 417; x_wconf 90' lang='lat' dir='ltr'><strong>a</strong></span> <span class='ocrx_word' id='word_1_38' title='bbox 911 389 1086 417; x_wconf 85' lang='lat' dir='ltr'><strong>noverca</strong></span> <span class='ocrx_word' id='word_1_39' title='bbox 1122 390 1227 428; x_wconf 90' lang='lat' dir='ltr'><strong>quae</strong></span> <span class='ocrx_word' id='word_1_40' title='bbox 1259 389 1469 428; x_wconf 89' lang='lat' dir='ltr'><strong>nunquam</strong></span> 
     </span>
     <span class='ocr_line' id='line_1_6' title="bbox 52 437 1469 491; baseline -0.002 -11"><span class='ocrx_word' id='word_1_41' title='bbox 52 454 70 481; x_wconf 80' lang='lat'><strong>5</strong></span> <span class='ocrx_word' id='word_1_42' title='bbox 87 438 304 478; x_wconf 71' lang='lat' dir='ltr'><strong>filiastrum</strong></span> <span class='ocrx_word' id='word_1_43' title='bbox 327 438 466 491; x_wconf 77' lang='lat' dir='ltr'><strong>dilig-it</strong></span> <span class='ocrx_word' id='word_1_44' title='bbox 489 438 733 478; x_wconf 73' lang='lat' dir='ltr'><strong>naturaliter</strong></span> <span class='ocrx_word' id='word_1_45' title='bbox 762 438 833 477; x_wconf 90' lang='lat' dir='ltr'><strong>sed</strong></span> <span class='ocrx_word' id='word_1_46' title='bbox 862 437 961 488; x_wconf 83' lang='lat' dir='ltr'><strong>odit,</strong></span> <span class='ocrx_word' id='word_1_47' title='bbox 993 439 1035 477; x_wconf 88' lang='lat' dir='ltr'><strong>et</strong></span> <span class='ocrx_word' id='word_1_48' title='bbox 1060 439 1197 489; x_wconf 83' lang='lat' dir='ltr'><strong>etiam,</strong></span> <span class='ocrx_word' id='word_1_49' title='bbox 1223 439 1271 477; x_wconf 90' lang='lat' dir='ltr'><strong>ut</strong></span> <span class='ocrx_word' id='word_1_50' title='bbox 1295 451 1368 489; x_wconf 90' lang='lat' dir='ltr'><strong>per</strong></span> <span class='ocrx_word' id='word_1_51' title='bbox 1391 438 1469 477; x_wconf 92' lang='lat' dir='ltr'><strong>hoc</strong></span> 
     </span>
     <span class='ocr_line' id='line_1_7' title="bbox 87 498 1469 552; baseline -0.001 -14"><span class='ocrx_word' id='word_1_52' title='bbox 87 499 159 538; x_wconf 90' lang='lat' dir='ltr'><strong>ille</strong></span> <span class='ocrx_word' id='word_1_53' title='bbox 177 499 363 552; x_wconf 78' lang='lat' dir='ltr'><strong>perderet</strong></span> <span class='ocrx_word' id='word_1_54' title='bbox 379 499 657 548; x_wconf 72' lang='lat' dir='ltr'><strong>hereditatem,</strong></span> <span class='ocrx_word' id='word_1_55' title='bbox 683 501 724 538; x_wconf 90' lang='lat' dir='ltr'><strong>et</strong></span> <span class='ocrx_word' id='word_1_56' title='bbox 747 500 839 550; x_wconf 90' lang='lat' dir='ltr'><strong>ipsa</strong></span> <span class='ocrx_word' id='word_1_57' title='bbox 864 511 954 538; x_wconf 87' lang='lat' dir='ltr'><strong>eam</strong></span> <span class='ocrx_word' id='word_1_58' title='bbox 972 498 1149 538; x_wconf 81' lang='lat' dir='ltr'><strong>haberet.</strong></span> <span class='ocrx_word' id='word_1_59' title='bbox 1196 499 1306 549; x_wconf 88' lang='lat' dir='ltr'><strong>quod</strong></span> <span class='ocrx_word' id='word_1_60' title='bbox 1331 500 1469 538; x_wconf 88' lang='lat' dir='ltr'><strong>autem</strong></span> 
     </span>
     <span class='ocr_line' id='line_1_8' title="bbox 89 559 1469 612; baseline -0.002 -12"><span class='ocrx_word' id='word_1_61' title='bbox 89 572 229 600; x_wconf 83' lang='lat' dir='ltr'><strong>caecus</strong></span> <span class='ocrx_word' id='word_1_62' title='bbox 258 560 546 612; x_wconf 83' lang='lat' dir='ltr'><strong>interrogatus,</strong></span> <span class='ocrx_word' id='word_1_63' title='bbox 576 562 715 599; x_wconf 89' lang='lat' dir='ltr'><strong>utrum</strong></span> <span class='ocrx_word' id='word_1_64' title='bbox 745 572 944 599; x_wconf 83' lang='lat' dir='ltr'><strong>venenum</strong></span> <span class='ocrx_word' id='word_1_65' title='bbox 973 559 1158 608; x_wconf 88' lang='lat' dir='ltr'><strong>haberet,</strong></span> <span class='ocrx_word' id='word_1_66' title='bbox 1195 560 1379 612; x_wconf 83' lang='lat' dir='ltr'><strong>negavit,</strong></span> <span class='ocrx_word' id='word_1_67' title='bbox 1421 572 1469 598; x_wconf 82' lang='lat' dir='ltr'><strong>ex</strong></span> 
     </span>
     <span class='ocr_line' id='line_1_9' title="bbox 86 620 1472 671; baseline 0 -11"><span class='ocrx_word' id='word_1_68' title='bbox 86 620 320 660; x_wconf 88' lang='lat' dir='ltr'><strong>innocentia</strong></span> <span class='ocrx_word' id='word_1_69' title='bbox 350 622 436 660; x_wconf 88' lang='lat' dir='ltr'><strong>eius</strong></span> <span class='ocrx_word' id='word_1_70' title='bbox 460 621 551 659; x_wconf 90' lang='lat' dir='ltr'><strong>fuit.</strong></span> <span class='ocrx_word' id='word_1_71' title='bbox 614 620 722 671; x_wconf 90' lang='lat' dir='ltr'><strong>quod</strong></span> <span class='ocrx_word' id='word_1_72' title='bbox 754 622 891 659; x_wconf 88' lang='lat' dir='ltr'><strong>autem</strong></span> <span class='ocrx_word' id='word_1_73' title='bbox 920 620 1087 660; x_wconf 85' lang='lat' dir='ltr'><strong>invento</strong></span> <span class='ocrx_word' id='word_1_74' title='bbox 1117 621 1162 659; x_wconf 89' lang='lat' dir='ltr'><strong>in</strong></span> <span class='ocrx_word' id='word_1_75' title='bbox 1193 621 1285 660; x_wconf 85' lang='lat' dir='ltr'><strong>sinu</strong></span> <span class='ocrx_word' id='word_1_76' title='bbox 1315 633 1472 660; x_wconf 87' lang='lat' dir='ltr'><strong>veneno</strong></span> 
     </span>
     <span class='ocr_line' id='line_1_10' title="bbox 87 678 1469 734; baseline -0.001 -13"><span class='ocrx_word' id='word_1_77' title='bbox 87 678 360 734; x_wconf 87' lang='lat' dir='ltr'><strong>interrogatus</strong></span> <span class='ocrx_word' id='word_1_78' title='bbox 391 682 458 721; x_wconf 88' lang='lat' dir='ltr'><strong>cui</strong></span> <span class='ocrx_word' id='word_1_79' title='bbox 487 683 683 732; x_wconf 85' lang='lat' dir='ltr'><strong>parasset,</strong></span> <span class='ocrx_word' id='word_1_80' title='bbox 713 682 896 733; x_wconf 84' lang='lat' dir='ltr'><strong>negavit,</strong></span> <span class='ocrx_word' id='word_1_81' title='bbox 929 683 1072 732; x_wconf 85' lang='lat' dir='ltr'><strong>stupor</strong></span> <span class='ocrx_word' id='word_1_82' title='bbox 1102 681 1183 719; x_wconf 88' lang='lat' dir='ltr'><strong>fuit</strong></span> <span class='ocrx_word' id='word_1_83' title='bbox 1213 681 1318 720; x_wconf 88' lang='lat' dir='ltr'><strong>sicut</strong></span> <span class='ocrx_word' id='word_1_84' title='bbox 1348 680 1469 720; x_wconf 92' lang='lat' dir='ltr'><strong>homo</strong></span> 
     </span>
     <span class='ocr_line' id='line_1_11' title="bbox 35 741 1471 794; baseline -0.002 -11"><span class='ocrx_word' id='word_1_85' title='bbox 35 756 71 783; x_wconf 87' lang='lat'><strong>10</strong></span> <span class='ocrx_word' id='word_1_86' title='bbox 90 743 228 794; x_wconf 86' lang='lat' dir='ltr'><strong>stupet</strong></span> <span class='ocrx_word' id='word_1_87' title='bbox 264 742 354 782; x_wconf 82' lang='lat' dir='ltr'><strong>visa</strong></span> <span class='ocrx_word' id='word_1_88' title='bbox 393 755 437 781; x_wconf 89' lang='lat' dir='ltr'><strong>re</strong></span> <span class='ocrx_word' id='word_1_89' title='bbox 472 742 701 782; x_wconf 77' lang='lat' dir='ltr'><strong>incredibili</strong></span> <span class='ocrx_word' id='word_1_90' title='bbox 731 743 772 781; x_wconf 90' lang='lat' dir='ltr'><strong>et</strong></span> <span class='ocrx_word' id='word_1_91' title='bbox 808 741 1079 781; x_wconf 70' lang='lat' dir='ltr'><strong>inaestimata..</strong></span> <span class='ocrx_word' id='word_1_92' title='bbox 1142 742 1177 781; x_wconf 89' lang='lat' dir='ltr'><strong>si</strong></span> <span class='ocrx_word' id='word_1_93' title='bbox 1209 742 1317 780; x_wconf 88' lang='lat' dir='ltr'><strong>enim</strong></span> <span class='ocrx_word' id='word_1_94' title='bbox 1349 741 1471 781; x_wconf 88' lang='lat' dir='ltr'><strong>aliter</strong></span> 
     </span>
     <span class='ocr_line' id='line_1_12' title="bbox 89 802 1471 853; baseline -0.001 -11"><span class='ocrx_word' id='word_1_95' title='bbox 89 804 211 853; x_wconf 81' lang='lat' dir='ltr'><strong>esset,</strong></span> <span class='ocrx_word' id='word_1_96' title='bbox 256 815 338 842; x_wconf 92' lang='lat' dir='ltr'><strong>non</strong></span> <span class='ocrx_word' id='word_1_97' title='bbox 380 802 591 852; x_wconf 82' lang='lat' dir='ltr'><strong>tacuisset3</strong></span> <span class='ocrx_word' id='word_1_98' title='bbox 638 815 734 841; x_wconf 88' lang='lat' dir='ltr'><strong>nam</strong></span> <span class='ocrx_word' id='word_1_99' title='bbox 776 803 952 842; x_wconf 85' lang='lat' dir='ltr'><strong>sentiens</strong></span> <span class='ocrx_word' id='word_1_100' title='bbox 993 815 1035 841; x_wconf 92' lang='lat' dir='ltr'><strong>se</strong></span> <span class='ocrx_word' id='word_1_101' title='bbox 1077 815 1193 842; x_wconf 89' lang='lat' dir='ltr'><strong>reum</strong></span> <span class='ocrx_word' id='word_1_102' title='bbox 1242 802 1345 842; x_wconf 86' lang='lat' dir='ltr'><strong>solet</strong></span> <span class='ocrx_word' id='word_1_103' title='bbox 1387 814 1471 841; x_wconf 88' lang='lat' dir='ltr'><strong>non</strong></span> 
     </span>
     <span class='ocr_line' id='line_1_13' title="bbox 88 863 1469 913; baseline 0 -10"><span class='ocrx_word' id='word_1_104' title='bbox 88 865 236 913; x_wconf 85' lang='lat' dir='ltr'><strong>tacere,</strong></span> <span class='ocrx_word' id='word_1_105' title='bbox 265 863 336 903; x_wconf 87' lang='lat' dir='ltr'><strong>sed</strong></span> <span class='ocrx_word' id='word_1_106' title='bbox 359 863 403 902; x_wconf 88' lang='lat' dir='ltr'><strong>in</strong></span> <span class='ocrx_word' id='word_1_107' title='bbox 428 864 555 902; x_wconf 88' lang='lat' dir='ltr'><strong>alium</strong></span> <span class='ocrx_word' id='word_1_108' title='bbox 580 864 731 902; x_wconf 79' lang='lat' dir='ltr'><strong>crimen</strong></span> <span class='ocrx_word' id='word_1_109' title='bbox 756 863 979 902; x_wconf 85' lang='lat' dir='ltr'><strong>refundere.</strong></span> <span class='ocrx_word' id='word_1_110' title='bbox 1041 876 1166 902; x_wconf 89' lang='lat' dir='ltr'><strong>unum</strong></span> <span class='ocrx_word' id='word_1_111' title='bbox 1195 875 1346 902; x_wconf 84' lang='lat' dir='ltr'><strong>novum</strong></span> <span class='ocrx_word' id='word_1_112' title='bbox 1376 875 1469 903; x_wconf 89' lang='lat' dir='ltr'><strong>reus</strong></span> 
     </span>
     <span class='ocr_line' id='line_1_14' title="bbox 89 923 1471 975; baseline 0 -13"><span class='ocrx_word' id='word_1_113' title='bbox 89 937 216 963; x_wconf 84' lang='lat' dir='ltr'><strong>unum</strong></span> <span class='ocrx_word' id='word_1_114' title='bbox 251 937 364 963; x_wconf 88' lang='lat' dir='ltr'><strong>reum</strong></span> <span class='ocrx_word' id='word_1_115' title='bbox 402 926 444 963; x_wconf 90' lang='lat' dir='ltr'><strong>et</strong></span> <span class='ocrx_word' id='word_1_116' title='bbox 479 926 623 964; x_wconf 86' lang='lat' dir='ltr'><strong>cetera.</strong></span> <span class='ocrx_word' id='word_1_117' title='bbox 680 925 890 975; x_wconf 86' lang='lat' dir='ltr'><strong>praeterea</strong></span> <span class='ocrx_word' id='word_1_118' title='bbox 929 924 1128 974; x_wconf 90' lang='lat' dir='ltr'><strong>quomodo</strong></span> <span class='ocrx_word' id='word_1_119' title='bbox 1165 923 1374 975; x_wconf 90' lang='lat' dir='ltr'><strong>probabile</strong></span> <span class='ocrx_word' id='word_1_120' title='bbox 1409 925 1471 963; x_wconf 87' lang='lat' dir='ltr'><strong>est</strong></span> 
     </span>
     <span class='ocr_line' id='line_1_15' title="bbox 91 984 1470 1037; baseline 0 -14"><span class='ocrx_word' id='word_1_121' title='bbox 91 984 199 1035; x_wconf 89' lang='lat' dir='ltr'><strong>quod</strong></span> <span class='ocrx_word' id='word_1_122' title='bbox 229 997 370 1025; x_wconf 86' lang='lat' dir='ltr'><strong>caecus</strong></span> <span class='ocrx_word' id='word_1_123' title='bbox 397 984 548 1024; x_wconf 83' lang='lat' dir='ltr'><strong>diceret</strong></span> <span class='ocrx_word' id='word_1_124' title='bbox 583 997 781 1024; x_wconf 87' lang='lat' dir='ltr'><strong>novercae</strong></span> <span class='ocrx_word' id='word_1_125' title='bbox 819 984 927 1035; x_wconf 93' lang='lat' dir='ltr'><strong>quod</strong></span> <span class='ocrx_word' id='word_1_126' title='bbox 956 984 1183 1037; x_wconf 86' lang='lat' dir='ltr'><strong>porrigeret</strong></span> <span class='ocrx_word' id='word_1_127' title='bbox 1211 985 1322 1035; x_wconf 87' lang='lat' dir='ltr'><strong>patri</strong></span> <span class='ocrx_word' id='word_1_128' title='bbox 1352 997 1470 1023; x_wconf 82' lang='lat' dir='ltr'><strong>vene-</strong></span> 
     </span>
     <span class='ocr_line' id='line_1_16' title="bbox 36 1044 1471 1096; baseline -0.001 -11"><span class='ocrx_word' id='word_1_129' title='bbox 36 1059 71 1086; x_wconf 81' lang='lat'><strong>15</strong></span> <span class='ocrx_word' id='word_1_130' title='bbox 90 1058 204 1095; x_wconf 89' lang='lat' dir='ltr'><strong>mun,</strong></span> <span class='ocrx_word' id='word_1_131' title='bbox 236 1057 328 1084; x_wconf 85' lang='lat' dir='ltr'><strong>cum</strong></span> <span class='ocrx_word' id='word_1_132' title='bbox 358 1046 531 1085; x_wconf 87' lang='lat' dir='ltr'><strong>nesciret</strong></span> <span class='ocrx_word' id='word_1_133' title='bbox 561 1047 698 1084; x_wconf 88' lang='lat' dir='ltr'><strong>utrum</strong></span> <span class='ocrx_word' id='word_1_134' title='bbox 728 1047 818 1096; x_wconf 89' lang='lat' dir='ltr'><strong>ipsa</strong></span> <span class='ocrx_word' id='word_1_135' title='bbox 849 1045 973 1084; x_wconf 87' lang='lat' dir='ltr'><strong>vellet</strong></span> <span class='ocrx_word' id='word_1_136' title='bbox 1002 1045 1079 1084; x_wconf 87' lang='lat' dir='ltr'><strong>hoc</strong></span> <span class='ocrx_word' id='word_1_137' title='bbox 1108 1045 1260 1094; x_wconf 85' lang='lat' dir='ltr'><strong>facere,</strong></span> <span class='ocrx_word' id='word_1_138' title='bbox 1295 1044 1405 1096; x_wconf 88' lang='lat' dir='ltr'><strong>quod</strong></span> <span class='ocrx_word' id='word_1_139' title='bbox 1435 1047 1471 1084; x_wconf 89' lang='lat' dir='ltr'><strong>si</strong></span> 
     </span>
     <span class='ocr_line' id='line_1_17' title="bbox 90 1105 1471 1157; baseline -0.001 -12"><span class='ocrx_word' id='word_1_140' title='bbox 90 1105 235 1155; x_wconf 85' lang='lat' dir='ltr'><strong>nollet,</strong></span> <span class='ocrx_word' id='word_1_141' title='bbox 284 1107 394 1157; x_wconf 64' lang='lat' dir='ltr'><strong>patui</strong></span> <span class='ocrx_word' id='word_1_142' title='bbox 443 1106 682 1145; x_wconf 88' lang='lat' dir='ltr'><strong>ostenderet.</strong></span> <span class='ocrx_word' id='word_1_143' title='bbox 740 1108 781 1145; x_wconf 90' lang='lat' dir='ltr'><strong>et</strong></span> <span class='ocrx_word' id='word_1_144' title='bbox 828 1107 1057 1156; x_wconf 85' lang='lat' dir='ltr'><strong>praeterea,</strong></span> <span class='ocrx_word' id='word_1_145' title='bbox 1114 1107 1186 1156; x_wconf 90' lang='lat' dir='ltr'><strong>qui</strong></span> <span class='ocrx_word' id='word_1_146' title='bbox 1234 1107 1471 1156; x_wconf 85' lang='lat' dir='ltr'><strong>procuravit</strong></span> 
     </span>
     <span class='ocr_line' id='line_1_18' title="bbox 90 1166 1471 1217; baseline 0 -12"><span class='ocrx_word' id='word_1_147' title='bbox 90 1166 237 1206; x_wconf 88' lang='lat' dir='ltr'><strong>habere</strong></span> <span class='ocrx_word' id='word_1_148' title='bbox 267 1179 485 1216; x_wconf 83' lang='lat' dir='ltr'><strong>venenum,</strong></span> <span class='ocrx_word' id='word_1_149' title='bbox 522 1168 617 1206; x_wconf 92' lang='lat' dir='ltr'><strong>ante</strong></span> <span class='ocrx_word' id='word_1_150' title='bbox 655 1179 779 1217; x_wconf 85' lang='lat' dir='ltr'><strong>quam</strong></span> <span class='ocrx_word' id='word_1_151' title='bbox 815 1166 936 1206; x_wconf 89' lang='lat' dir='ltr'><strong>sciret</strong></span> <span class='ocrx_word' id='word_1_152' title='bbox 972 1168 1111 1206; x_wconf 67' lang='lat' dir='ltr'><strong>uta-um</strong></span> <span class='ocrx_word' id='word_1_153' title='bbox 1141 1178 1316 1206; x_wconf 85' lang='lat' dir='ltr'><strong>noverca</strong></span> <span class='ocrx_word' id='word_1_154' title='bbox 1347 1166 1471 1205; x_wconf 82' lang='lat' dir='ltr'><strong>vellet</strong></span> 
     </span>
     <span class='ocr_line' id='line_1_19' title="bbox 89 1226 1470 1278; baseline -0.001 -12"><span class='ocrx_word' id='word_1_155' title='bbox 89 1226 194 1266; x_wconf 86' lang='lat' dir='ltr'><strong>illud</strong></span> <span class='ocrx_word' id='word_1_156' title='bbox 241 1228 351 1278; x_wconf 81' lang='lat' dir='ltr'><strong>patri</strong></span> <span class='ocrx_word' id='word_1_157' title='bbox 394 1227 502 1267; x_wconf 88' lang='lat' dir='ltr'><strong>dare.</strong></span> <span class='ocrx_word' id='word_1_158' title='bbox 563 1229 605 1266; x_wconf 90' lang='lat' dir='ltr'><strong>et</strong></span> <span class='ocrx_word' id='word_1_159' title='bbox 647 1228 875 1278; x_wconf 86' lang='lat' dir='ltr'><strong>praeterea,</strong></span> <span class='ocrx_word' id='word_1_160' title='bbox 920 1226 1010 1278; x_wconf 91' lang='lat' dir='ltr'><strong>quis</strong></span> <span class='ocrx_word' id='word_1_161' title='bbox 1054 1227 1227 1266; x_wconf 86' lang='lat' dir='ltr'><strong>confecit</strong></span> <span class='ocrx_word' id='word_1_162' title='bbox 1270 1240 1470 1266; x_wconf 85' lang='lat' dir='ltr'><strong>venenum</strong></span> 
     </span>
     <span class='ocr_line' id='line_1_20' title="bbox 91 1287 1472 1338; baseline -0.001 -11"><span class='ocrx_word' id='word_1_163' title='bbox 91 1299 222 1328; x_wconf 80' lang='lat' dir='ltr'><strong>caeco.</strong></span> <span class='ocrx_word' id='word_1_164' title='bbox 286 1289 328 1327; x_wconf 87' lang='lat' dir='ltr'><strong>et</strong></span> <span class='ocrx_word' id='word_1_165' title='bbox 367 1288 439 1338; x_wconf 89' lang='lat' dir='ltr'><strong>qui</strong></span> <span class='ocrx_word' id='word_1_166' title='bbox 477 1287 624 1327; x_wconf 89' lang='lat' dir='ltr'><strong>mulier</strong></span> <span class='ocrx_word' id='word_1_167' title='bbox 668 1300 750 1326; x_wconf 92' lang='lat' dir='ltr'><strong>non</strong></span> <span class='ocrx_word' id='word_1_168' title='bbox 790 1287 906 1338; x_wconf 85' lang='lat' dir='ltr'><strong>dicit,</strong></span> <span class='ocrx_word' id='word_1_169' title='bbox 961 1287 1070 1338; x_wconf 92' lang='lat' dir='ltr'><strong>quod</strong></span> <span class='ocrx_word' id='word_1_170' title='bbox 1108 1287 1358 1338; x_wconf 85' lang='lat' dir='ltr'><strong>inquiratur,</strong></span> <span class='ocrx_word' id='word_1_171' title='bbox 1400 1289 1472 1338; x_wconf 80' lang='lat' dir='ltr'><strong>qui</strong></span> 
     </span>
     <span class='ocr_line' id='line_1_21' title="bbox 36 1347 1470 1399; baseline -0.001 -11"><span class='ocrx_word' id='word_1_172' title='bbox 36 1363 72 1389; x_wconf 67' lang='grc' dir='ltr'><strong>ιο</strong></span> <span class='ocrx_word' id='word_1_173' title='bbox 91 1347 256 1388; x_wconf 82' lang='lat' dir='ltr'><strong>fuerunt</strong></span> <span class='ocrx_word' id='word_1_174' title='bbox 285 1348 543 1397; x_wconf 76' lang='lat' dir='ltr'><strong>confectores,</strong></span> <span class='ocrx_word' id='word_1_175' title='bbox 579 1348 659 1388; x_wconf 89' lang='lat' dir='ltr'><strong>nisi</strong></span> <span class='ocrx_word' id='word_1_176' title='bbox 694 1349 790 1399; x_wconf 89' lang='lat' dir='ltr'><strong>quia</strong></span> <span class='ocrx_word' id='word_1_177' title='bbox 823 1347 914 1399; x_wconf 88' lang='lat' dir='ltr'><strong>ipsa</strong></span> <span class='ocrx_word' id='word_1_178' title='bbox 944 1348 1048 1386; x_wconf 86' lang='lat' dir='ltr'><strong>illud</strong></span> <span class='ocrx_word' id='word_1_179' title='bbox 1079 1349 1251 1387; x_wconf 85' lang='lat' dir='ltr'><strong>confecit</strong></span> <span class='ocrx_word' id='word_1_180' title='bbox 1280 1348 1347 1387; x_wconf 83' lang='lat' dir='ltr'><strong>vel</strong></span> <span class='ocrx_word' id='word_1_181' title='bbox 1379 1360 1470 1387; x_wconf 91' lang='lat' dir='ltr'><strong>con-</strong></span> 
     </span>
     <span class='ocr_line' id='line_1_22' title="bbox 90 1407 1472 1460; baseline -0.001 -12"><span class='ocrx_word' id='word_1_182' title='bbox 90 1407 158 1448; x_wconf 82' lang='lat' dir='ltr'><strong>fici</strong></span> <span class='ocrx_word' id='word_1_183' title='bbox 195 1409 303 1448; x_wconf 86' lang='lat' dir='ltr'><strong>fecit.</strong></span> <span class='ocrx_word' id='word_1_184' title='bbox 358 1411 568 1460; x_wconf 88' lang='lat' dir='ltr'><strong>praeterea</strong></span> <span class='ocrx_word' id='word_1_185' title='bbox 609 1408 718 1459; x_wconf 91' lang='lat' dir='ltr'><strong>quod</strong></span> <span class='ocrx_word' id='word_1_186' title='bbox 758 1421 898 1448; x_wconf 88' lang='lat' dir='ltr'><strong>caecus</strong></span> <span class='ocrx_word' id='word_1_187' title='bbox 938 1410 1126 1448; x_wconf 84' lang='lat' dir='ltr'><strong>inventus</strong></span> <span class='ocrx_word' id='word_1_188' title='bbox 1170 1410 1232 1447; x_wconf 89' lang='lat' dir='ltr'><strong>est</strong></span> <span class='ocrx_word' id='word_1_189' title='bbox 1276 1411 1388 1448; x_wconf 87' lang='lat' dir='ltr'><strong>stans</strong></span> <span class='ocrx_word' id='word_1_190' title='bbox 1429 1409 1472 1447; x_wconf 87' lang='lat' dir='ltr'><strong>in</strong></span> 
     </span>
     <span class='ocr_line' id='line_1_23' title="bbox 91 1469 1472 1520; baseline 0 -12"><span class='ocrx_word' id='word_1_191' title='bbox 91 1469 231 1508; x_wconf 90' lang='lat' dir='ltr'><strong>limine</strong></span> <span class='ocrx_word' id='word_1_192' title='bbox 262 1469 439 1508; x_wconf 86' lang='lat' dir='ltr'><strong>cubiculi</strong></span> <span class='ocrx_word' id='word_1_193' title='bbox 470 1470 550 1518; x_wconf 86' lang='lat' dir='ltr'><strong>sui,</strong></span> <span class='ocrx_word' id='word_1_194' title='bbox 586 1469 663 1508; x_wconf 87' lang='lat' dir='ltr'><strong>hoc</strong></span> <span class='ocrx_word' id='word_1_195' title='bbox 695 1471 771 1518; x_wconf 88' lang='lat' dir='ltr'><strong>est,</strong></span> <span class='ocrx_word' id='word_1_196' title='bbox 814 1470 912 1520; x_wconf 89' lang='lat' dir='ltr'><strong>quia</strong></span> <span class='ocrx_word' id='word_1_197' title='bbox 943 1470 1139 1509; x_wconf 83' lang='lat' dir='ltr'><strong>excitatus</strong></span> <span class='ocrx_word' id='word_1_198' title='bbox 1172 1469 1224 1508; x_wconf 88' lang='lat' dir='ltr'><strong>ad</strong></span> <span class='ocrx_word' id='word_1_199' title='bbox 1255 1470 1472 1520; x_wconf 88' lang='lat' dir='ltr'><strong>strepitum</strong></span> 
     </span>
     <span class='ocr_line' id='line_1_24' title="bbox 92 1529 1471 1580; baseline 0 -12"><span class='ocrx_word' id='word_1_200' title='bbox 92 1529 278 1569; x_wconf 81' lang='lat' dir='ltr'><strong>auditum</strong></span> <span class='ocrx_word' id='word_1_201' title='bbox 307 1531 351 1568; x_wconf 85' lang='lat' dir='ltr'><strong>in</strong></span> <span class='ocrx_word' id='word_1_202' title='bbox 383 1529 568 1569; x_wconf 90' lang='lat' dir='ltr'><strong>cubiculo</strong></span> <span class='ocrx_word' id='word_1_203' title='bbox 597 1529 726 1580; x_wconf 87' lang='lat' dir='ltr'><strong>patris</strong></span> <span class='ocrx_word' id='word_1_204' title='bbox 758 1531 798 1568; x_wconf 86' lang='lat' dir='ltr'><strong>et</strong></span> <span class='ocrx_word' id='word_1_205' title='bbox 824 1529 875 1568; x_wconf 84' lang='lat' dir='ltr'><strong>ad</strong></span> <span class='ocrx_word' id='word_1_206' title='bbox 907 1542 1143 1569; x_wconf 88' lang='lat' dir='ltr'><strong>concursum</strong></span> <span class='ocrx_word' id='word_1_207' title='bbox 1172 1530 1354 1569; x_wconf 86' lang='lat' dir='ltr'><strong>familiae</strong></span> <span class='ocrx_word' id='word_1_208' title='bbox 1385 1542 1471 1570; x_wconf 86' lang='lat' dir='ltr'><strong>sur-</strong></span> 
     </span>
     <span class='ocr_line' id='line_1_25' title="bbox 91 1590 1472 1641; baseline 0.001 -13"><span class='ocrx_word' id='word_1_209' title='bbox 91 1591 251 1630; x_wconf 85' lang='lat' dir='ltr'><strong>rexerat</strong></span> <span class='ocrx_word' id='word_1_210' title='bbox 282 1591 323 1629; x_wconf 89' lang='lat' dir='ltr'><strong>et</strong></span> <span class='ocrx_word' id='word_1_211' title='bbox 353 1590 490 1630; x_wconf 90' lang='lat' dir='ltr'><strong>stabat</strong></span> <span class='ocrx_word' id='word_1_212' title='bbox 520 1591 637 1641; x_wconf 88' lang='lat' dir='ltr'><strong>quasi</strong></span> <span class='ocrx_word' id='word_1_213' title='bbox 668 1591 866 1629; x_wconf 85' lang='lat' dir='ltr'><strong>attonitus</strong></span> <span class='ocrx_word' id='word_1_214' title='bbox 898 1592 939 1630; x_wconf 89' lang='lat' dir='ltr'><strong>et</strong></span> <span class='ocrx_word' id='word_1_215' title='bbox 970 1592 1135 1641; x_wconf 83' lang='lat' dir='ltr'><strong>stupens</strong></span> <span class='ocrx_word' id='word_1_216' title='bbox 1169 1590 1221 1629; x_wconf 88' lang='lat' dir='ltr'><strong>ad</strong></span> <span class='ocrx_word' id='word_1_217' title='bbox 1253 1591 1472 1630; x_wconf 90' lang='lat' dir='ltr'><strong>clamorem</strong></span> 
     </span>
     <span class='ocr_line' id='line_1_26' title="bbox 38 1650 1406 1702; baseline 0 -12"><span class='ocrx_word' id='word_1_218' title='bbox 38 1665 73 1691; x_wconf 80' lang='lat'><strong>25</strong></span> <span class='ocrx_word' id='word_1_219' title='bbox 93 1652 135 1689; x_wconf 88' lang='lat' dir='ltr'><strong>et</strong></span> <span class='ocrx_word' id='word_1_220' title='bbox 163 1652 332 1702; x_wconf 83' lang='lat' dir='ltr'><strong>paratus</strong></span> <span class='ocrx_word' id='word_1_221' title='bbox 364 1662 455 1689; x_wconf 88' lang='lat' dir='ltr'><strong>cum</strong></span> <span class='ocrx_word' id='word_1_222' title='bbox 486 1651 578 1690; x_wconf 88' lang='lat' dir='ltr'><strong>aliis</strong></span> <span class='ocrx_word' id='word_1_223' title='bbox 609 1663 778 1700; x_wconf 89' lang='lat' dir='ltr'><strong>currere,</strong></span> <span class='ocrx_word' id='word_1_224' title='bbox 809 1651 888 1691; x_wconf 88' lang='lat' dir='ltr'><strong>nisi</strong></span> <span class='ocrx_word' id='word_1_225' title='bbox 918 1652 1081 1690; x_wconf 82' lang='lat' dir='ltr'><strong>timeret</strong></span> <span class='ocrx_word' id='word_1_226' title='bbox 1110 1650 1406 1690; x_wconf 81' lang='lat' dir='ltr'><strong>offendiculum.</strong></span> 
     </span>
    </p>
   </div>
   <div class='ocr_carea' id='block_1_3' title="bbox 93 1721 382 1726">
    <p class='ocr_par' dir='ltr' id='par_1_3' title="bbox 93 1721 382 1726">
     <span class='ocr_line' id='line_1_27' title="bbox 93 1721 382 1726; baseline 0 0"><span class='ocrx_word' id='word_1_227' title='bbox 93 1721 382 1726; x_wconf 95' lang='lat' dir='ltr'><strong> </strong></span> 
     </span>
    </p>
   </div>
   <div class='ocr_carea' id='block_1_4' title="bbox 91 1741 1474 1887">
    <p class='ocr_par' dir='ltr' id='par_1_4' title="bbox 91 1741 1474 1887">
     <span class='ocr_line' id='line_1_28' title="bbox 189 1741 1474 1788; baseline 0.001 -11"><span class='ocrx_word' id='word_1_228' title='bbox 189 1746 212 1777; x_wconf 84' lang='lat'>4</span> <span class='ocrx_word' id='word_1_229' title='bbox 231 1741 304 1777; x_wconf 89' lang='lat' dir='ltr'><strong>hoc</strong></span> <span class='ocrx_word' id='word_1_230' title='bbox 313 1753 366 1777; x_wconf 76' lang='lat' dir='ltr'><strong>an</strong></span> <span class='ocrx_word' id='word_1_231' title='bbox 378 1741 500 1777; x_wconf 78' lang='lat' dir='ltr'><strong>haec?</strong></span> <span class='ocrx_word' id='word_1_232' title='bbox 519 1748 560 1777; x_wconf 71' lang='grc' dir='ltr'><em>Μ</em></span> <span class='ocrx_word' id='word_1_233' title='bbox 628 1745 671 1777; x_wconf 83' lang='lat'><strong>12</strong></span> <span class='ocrx_word' id='word_1_234' title='bbox 686 1743 993 1778; x_wconf 88' lang='lat' dir='ltr'><strong>unum—cetera</strong></span> <span class='ocrx_word' id='word_1_235' title='bbox 1006 1743 1105 1779; x_wconf 78' lang='lat'><strong><em>1.13:</em></strong></span> <span class='ocrx_word' id='word_1_236' title='bbox 1119 1742 1228 1779; x_wconf 81' lang='lat' dir='ltr'><strong>verba</strong></span> <span class='ocrx_word' id='word_1_237' title='bbox 1241 1746 1474 1788; x_wconf 63' lang='lat' dir='ltr'><strong>comptam:</strong></span> 
     </span>
     <span class='ocr_line' id='line_1_29' title="bbox 92 1789 1472 1838; baseline 0 -12"><span class='ocrx_word' id='word_1_238' title='bbox 92 1790 184 1827; x_wconf 80' lang='lat' dir='ltr'><strong>Icto</strong></span> <span class='ocrx_word' id='word_1_239' title='bbox 203 1790 364 1836; x_wconf 77' lang='lat' dir='ltr'><strong>quodam</strong></span> <span class='ocrx_word' id='word_1_240' title='bbox 376 1789 593 1836; x_wconf 73' lang='lat' dir='ltr'><strong>deprompta</strong></span> <span class='ocrx_word' id='word_1_241' title='bbox 604 1801 678 1827; x_wconf 75' lang='lat' dir='ltr'><strong>esse</strong></span> <span class='ocrx_word' id='word_1_242' title='bbox 697 1791 852 1827; x_wconf 74' lang='lat' dir='ltr'><strong>coniecit</strong></span> <span class='ocrx_word' id='word_1_243' title='bbox 865 1791 1045 1827; x_wconf 74' lang='lat' dir='ltr'><strong>Hamnaer</strong></span> <span class='ocrx_word' id='word_1_244' title='bbox 1119 1794 1164 1826; x_wconf 81' lang='lat'><strong>25</strong></span> <span class='ocrx_word' id='word_1_245' title='bbox 1178 1792 1220 1826; x_wconf 77' lang='lat' dir='ltr'><strong>in</strong></span> <span class='ocrx_word' id='word_1_246' title='bbox 1232 1792 1400 1838; x_wconf 73' lang='lat' dir='ltr'><strong>maryine</strong></span> <span class='ocrx_word' id='word_1_247' title='bbox 1413 1792 1472 1826; x_wconf 78' lang='lat' dir='ltr'><strong>in-</strong></span> 
     </span>
     <span class='ocr_line' id='line_1_30' title="bbox 91 1839 1472 1887; baseline 0.001 -13"><span class='ocrx_word' id='word_1_248' title='bbox 91 1839 227 1884; x_wconf 68' lang='lat' dir='ltr'><strong>feriore</strong></span> <span class='ocrx_word' id='word_1_249' title='bbox 239 1849 386 1882; x_wconf 79' lang='lat' dir='ltr'><strong>causae,</strong></span> <span class='ocrx_word' id='word_1_250' title='bbox 398 1850 467 1875; x_wconf 79' lang='lat' dir='ltr'><strong>em·</strong></span> <span class='ocrx_word' id='word_1_251' title='bbox 478 1849 608 1875; x_wconf 77' lang='lat' dir='ltr'><strong>caecus</strong></span> <span class='ocrx_word' id='word_1_252' title='bbox 613 1843 761 1885; x_wconf 81' lang='lat' dir='ltr'><strong>patrem</strong></span> <span class='ocrx_word' id='word_1_253' title='bbox 774 1850 849 1875; x_wconf 80' lang='lat' dir='ltr'><strong>non</strong></span> <span class='ocrx_word' id='word_1_254' title='bbox 864 1839 1048 1883; x_wconf 78' lang='lat' dir='ltr'><strong>occiderit,</strong></span> <span class='ocrx_word' id='word_1_255' title='bbox 1060 1840 1131 1875; x_wconf 79' lang='lat' dir='ltr'><strong>hac</strong></span> <span class='ocrx_word' id='word_1_256' title='bbox 1142 1841 1266 1884; x_wconf 82' lang='lat' dir='ltr'><strong>forma</strong></span> <span class='ocrx_word' id='word_1_257' title='bbox 1280 1840 1468 1887; x_wconf 74' lang='lat' dir='ltr'><strong>leyuntur.</strong></span> <span class='ocrx_word' id='word_1_258' title='bbox 1464 1853 1472 1860; x_wconf 92' lang='lat'>·</span> 
     </span>
    </p>
   </div>
   <div class='ocr_carea' id='block_1_5' title="bbox 44 1947 1473 2430">
    <p class='ocr_par' dir='ltr' id='par_1_5' title="bbox 44 1947 1473 2430">
     <span class='ocr_line' id='line_1_31' title="bbox 93 1947 1471 1994; baseline 0 -11"><span class='ocrx_word' id='word_1_259' title='bbox 93 1958 180 1983; x_wconf 89' lang='lat' dir='ltr'><strong>cum</strong></span> <span class='ocrx_word' id='word_1_260' title='bbox 193 1947 278 1992; x_wconf 86' lang='lat' dir='ltr'><strong>quis</strong></span> <span class='ocrx_word' id='word_1_261' title='bbox 291 1947 511 1993; x_wconf 80' lang='lat' dir='ltr'><strong>procuravit</strong></span> <span class='ocrx_word' id='word_1_262' title='bbox 522 1958 719 1991; x_wconf 88' lang='lat' dir='ltr'><strong>venenum</strong></span> <span class='ocrx_word' id='word_1_263' title='bbox 734 1949 940 1994; x_wconf 84' lang='lat' dir='ltr'><strong>antequam</strong></span> <span class='ocrx_word' id='word_1_264' title='bbox 953 1947 1068 1983; x_wconf 87' lang='lat' dir='ltr'><strong>sciret</strong></span> <span class='ocrx_word' id='word_1_265' title='bbox 1081 1959 1130 1984; x_wconf 88' lang='lat' dir='ltr'><strong>an</strong></span> <span class='ocrx_word' id='word_1_266' title='bbox 1140 1948 1226 1994; x_wconf 83' lang='lat' dir='ltr'><strong>ipsa</strong></span> <span class='ocrx_word' id='word_1_267' title='bbox 1238 1947 1355 1984; x_wconf 88' lang='lat' dir='ltr'><strong>vellet</strong></span> <span class='ocrx_word' id='word_1_268' title='bbox 1368 1947 1471 1984; x_wconf 87' lang='lat' dir='ltr'><strong>dare.</strong></span> 
     </span>
     <span class='ocr_line' id='line_1_32' title="bbox 44 1995 1473 2043; baseline 0.001 -12"><span class='ocrx_word' id='word_1_269' title='bbox 44 2028 45 2035; x_wconf 71' lang='grc'>,</span> <span class='ocrx_word' id='word_1_270' title='bbox 94 2006 179 2031; x_wconf 88' lang='lat' dir='ltr'><strong>cum</strong></span> <span class='ocrx_word' id='word_1_271' title='bbox 199 1995 284 2042; x_wconf 88' lang='lat' dir='ltr'><strong>quis</strong></span> <span class='ocrx_word' id='word_1_272' title='bbox 304 1995 469 2031; x_wconf 89' lang='lat' dir='ltr'><strong>confecit</strong></span> <span class='ocrx_word' id='word_1_273' title='bbox 487 2006 674 2032; x_wconf 85' lang='lat' dir='ltr'><strong>venenum</strong></span> <span class='ocrx_word' id='word_1_274' title='bbox 693 2007 818 2041; x_wconf 83' lang='lat' dir='ltr'><strong>caeco,</strong></span> <span class='ocrx_word' id='word_1_275' title='bbox 838 1998 877 2032; x_wconf 85' lang='lat' dir='ltr'><strong>et</strong></span> <span class='ocrx_word' id='word_1_276' title='bbox 896 2007 1014 2042; x_wconf 86' lang='lat' dir='ltr'><strong>quare</strong></span> <span class='ocrx_word' id='word_1_277' title='bbox 1031 1996 1117 2043; x_wconf 80' lang='lat' dir='ltr'><strong>ipsa</strong></span> <span class='ocrx_word' id='word_1_278' title='bbox 1136 2008 1212 2032; x_wconf 89' lang='lat' dir='ltr'><strong>non</strong></span> <span class='ocrx_word' id='word_1_279' title='bbox 1231 1996 1313 2032; x_wconf 76' lang='lat' dir='ltr'><strong>vult</strong></span> <span class='ocrx_word' id='word_1_280' title='bbox 1332 1996 1380 2032; x_wconf 88' lang='lat' dir='ltr'><strong>de</strong></span> <span class='ocrx_word' id='word_1_281' title='bbox 1399 1996 1473 2032; x_wconf 87' lang='lat' dir='ltr'><strong>hoc</strong></span> 
     </span>
     <span class='ocr_line' id='line_1_33' title="bbox 94 2043 1469 2140; baseline 0.001 -13"><span class='ocrx_word' id='word_1_282' title='bbox 94 2043 295 2139; x_wconf 52' lang='lat' dir='ltr'><strong>quidldqlaidi</strong></span> <span class='ocrx_word' id='word_1_283' title='bbox 298 2092 449 2128; x_wconf 87' lang='lat' dir='ltr'><strong>obiecta</strong></span> <span class='ocrx_word' id='word_1_284' title='bbox 474 2091 577 2138; x_wconf 88' lang='lat' dir='ltr'><strong>quod</strong></span> <span class='ocrx_word' id='word_1_285' title='bbox 600 2103 787 2129; x_wconf 84' lang='lat' dir='ltr'><strong>venenum</strong></span> <span class='ocrx_word' id='word_1_286' title='bbox 812 2093 853 2128; x_wconf 85' lang='lat' dir='ltr'><strong>in</strong></span> <span class='ocrx_word' id='word_1_287' title='bbox 885 2093 970 2128; x_wconf 87' lang='lat' dir='ltr'><strong>sinu</strong></span> <span class='ocrx_word' id='word_1_288' title='bbox 996 2094 1036 2129; x_wconf 89' lang='lat' dir='ltr'><strong>et</strong></span> <span class='ocrx_word' id='word_1_289' title='bbox 1065 2092 1218 2140; x_wconf 85' lang='lat' dir='ltr'><strong>gladius</strong></span> <span class='ocrx_word' id='word_1_290' title='bbox 1248 2094 1469 2129; x_wconf 85' lang='lat' dir='ltr'><strong>cruentatus</strong></span> 
     </span>
     <span class='ocr_line' id='line_1_34' title="bbox 141 2139 1472 2188; baseline 0.001 -13"><span class='ocrx_word' id='word_1_291' title='bbox 141 2140 183 2175; x_wconf 88' lang='lat' dir='ltr'><strong>in</strong></span> <span class='ocrx_word' id='word_1_292' title='bbox 201 2139 314 2184; x_wconf 85' lang='lat' dir='ltr'><strong>lecto,</strong></span> <span class='ocrx_word' id='word_1_293' title='bbox 333 2141 428 2176; x_wconf 90' lang='lat' dir='ltr'><strong>haec</strong></span> <span class='ocrx_word' id='word_1_294' title='bbox 448 2141 628 2187; x_wconf 87' lang='lat' dir='ltr'><strong>apposita</strong></span> <span class='ocrx_word' id='word_1_295' title='bbox 641 2142 707 2187; x_wconf 79' lang='grc' dir='ltr'><strong>(απ</strong></span> <span class='ocrx_word' id='word_1_296' title='bbox 726 2141 930 2188; x_wconf 82' lang='lat' dir='ltr'><strong>opposita),</strong></span> <span class='ocrx_word' id='word_1_297' title='bbox 950 2141 1042 2188; x_wconf 87' lang='lat' dir='ltr'><strong>quia</strong></span> <span class='ocrx_word' id='word_1_298' title='bbox 1062 2152 1195 2177; x_wconf 88' lang='lat' dir='ltr'><strong>caecus</strong></span> <span class='ocrx_word' id='word_1_299' title='bbox 1216 2143 1255 2178; x_wconf 88' lang='lat' dir='ltr'><strong>et</strong></span> <span class='ocrx_word' id='word_1_300' title='bbox 1268 2153 1292 2177; x_wconf 89' lang='lat' dir='ltr'><strong>a</strong></span> <span class='ocrx_word' id='word_1_301' title='bbox 1310 2152 1472 2178; x_wconf 85' lang='lat' dir='ltr'><strong>noverca</strong></span> 
     </span>
     <span class='ocr_line' id='line_1_35' title="bbox 142 2188 1229 2226; baseline 0.001 -2"><span class='ocrx_word' id='word_1_302' title='bbox 142 2188 370 2225; x_wconf 82' lang='lat' dir='ltr'><strong>naturaliter</strong></span> <span class='ocrx_word' id='word_1_303' title='bbox 394 2188 548 2225; x_wconf 85' lang='lat' dir='ltr'><strong>odiente</strong></span> <span class='ocrx_word' id='word_1_304' title='bbox 574 2191 615 2225; x_wconf 92' lang='lat' dir='ltr'><strong>et</strong></span> <span class='ocrx_word' id='word_1_305' title='bbox 638 2189 686 2225; x_wconf 93' lang='lat' dir='ltr'><strong>ob</strong></span> <span class='ocrx_word' id='word_1_306' title='bbox 718 2190 972 2226; x_wconf 85' lang='lat' dir='ltr'><strong>hereditatem</strong></span> <span class='ocrx_word' id='word_1_307' title='bbox 1001 2189 1229 2226; x_wconf 85' lang='lat' dir='ltr'><strong>habendam.</strong></span> 
     </span>
     <span class='ocr_line' id='line_1_36' title="bbox 95 2237 1470 2284; baseline 0.001 -12"><span class='ocrx_word' id='word_1_308' title='bbox 95 2248 181 2273; x_wconf 87' lang='lat' dir='ltr'><strong>cum</strong></span> <span class='ocrx_word' id='word_1_309' title='bbox 205 2237 462 2284; x_wconf 83' lang='lat' dir='ltr'><strong>interrogatus</strong></span> <span class='ocrx_word' id='word_1_310' title='bbox 486 2237 609 2274; x_wconf 84' lang='lat' dir='ltr'><strong>tacuit</strong></span> <span class='ocrx_word' id='word_1_311' title='bbox 637 2249 684 2274; x_wconf 86' lang='lat' dir='ltr'><strong>ex</strong></span> <span class='ocrx_word' id='word_1_312' title='bbox 709 2238 939 2274; x_wconf 87' lang='lat' dir='ltr'><strong>innocentia.</strong></span> <span class='ocrx_word' id='word_1_313' title='bbox 983 2249 1073 2274; x_wconf 90' lang='lat' dir='ltr'><strong>nam</strong></span> <span class='ocrx_word' id='word_1_314' title='bbox 1098 2249 1183 2274; x_wconf 82' lang='lat' dir='ltr'><strong>reus</strong></span> <span class='ocrx_word' id='word_1_315' title='bbox 1209 2250 1328 2274; x_wconf 87' lang='lat' dir='ltr'><strong>unum</strong></span> <span class='ocrx_word' id='word_1_316' title='bbox 1352 2249 1470 2274; x_wconf 87' lang='lat' dir='ltr'><strong>reum.</strong></span> 
     </span>
     <span class='ocr_line' id='line_1_37' title="bbox 95 2285 1473 2333; baseline 0 -12"><span class='ocrx_word' id='word_1_317' title='bbox 95 2296 182 2321; x_wconf 89' lang='lat' dir='ltr'><strong>cum</strong></span> <span class='ocrx_word' id='word_1_318' title='bbox 207 2285 248 2321; x_wconf 92' lang='lat' dir='ltr'><strong>in</strong></span> <span class='ocrx_word' id='word_1_319' title='bbox 273 2285 406 2321; x_wconf 86' lang='lat' dir='ltr'><strong>limine</strong></span> <span class='ocrx_word' id='word_1_320' title='bbox 431 2286 498 2331; x_wconf 87' lang='lat' dir='ltr'><strong>qui</strong></span> <span class='ocrx_word' id='word_1_321' title='bbox 524 2285 710 2323; x_wconf 83' lang='lat' dir='ltr'><strong>excitatus</strong></span> <span class='ocrx_word' id='word_1_322' title='bbox 736 2286 839 2333; x_wconf 87' lang='lat' dir='ltr'><strong>quod</strong></span> <span class='ocrx_word' id='word_1_323' title='bbox 859 2286 1040 2333; x_wconf 86' lang='lat' dir='ltr'><strong>strepitus</strong></span> <span class='ocrx_word' id='word_1_324' title='bbox 1066 2288 1106 2322; x_wconf 89' lang='lat' dir='ltr'><strong>et</strong></span> <span class='ocrx_word' id='word_1_325' title='bbox 1131 2288 1288 2332; x_wconf 83' lang='lat' dir='ltr'><strong>stupens</strong></span> <span class='ocrx_word' id='word_1_326' title='bbox 1314 2288 1473 2332; x_wconf 84' lang='lat' dir='ltr'><strong>paratus</strong></span> 
     </span>
     <span class='ocr_line' id='line_1_38' title="bbox 95 2334 454 2430; baseline 0 -11"><span class='ocrx_word' id='word_1_327' title='bbox 95 2334 454 2430; x_wconf 51' lang='grc' dir='ltr'><strong>ωῗῗὲἒὲξῗὲἓιεια</strong></span> 
     </span>
    </p>
   </div>
  </div>
 </body>
</html>
