1638 2560
192 104 280 147 270
718 102 818 139 omi
843 102 987 139 Por1o
1013 103 1030 137 1

193 233 313 270 quam
355 219 445 257 ideo
489 219 650 257 tantum
693 218 881 257 meretrix
924 217 1087 266 habuit,
1133 218 1180 255 ut
1221 216 1294 256 illo
1339 218 1479 257 contra
1523 231 1564 258 se

191 281 382 319 uteretur.

281 340 345 378 Me
371 339 543 390 quidem,
568 339 731 388 iudices,
757 340 793 378 si
819 339 907 388 quis
933 339 1167 389 interroget,
1193 338 1237 376 in
1262 340 1564 389 comparatione

191 400 372 439 veneficii
397 400 445 438 de
471 412 550 450 quo
577 412 733 449 queror,
765 400 897 438 minus
930 398 1059 437 odisse
1091 397 1235 437 debeas
1268 399 1376 448 quod
1404 399 1562 439 occidit.

191 462 231 499 et
268 462 302 499 si
333 474 414 511 qua
452 473 498 499 ex
534 461 633 510 ipsis
672 472 830 510 quoque
867 459 1087 498 mortiferis
1125 459 1290 498 mitiora
1327 461 1422 499 sunt
1460 473 1562 510 quae
1582 489 1584 491 -
1601 474 1617 502 5

190 522 329 560 statim
360 522 449 559 tota
480 521 695 559 velocitate
727 521 962 572 grassantur
994 520 1034 558 et
1066 519 1246 558 dolorem
1275 520 1383 559 inter
1411 521 1563 560 exitum

189 582 395 631 vitamque
428 594 509 619 non
541 581 739 629 detinent,
777 582 838 619 ita
875 580 1074 619 crudelius
1108 579 1215 630 quod
1252 581 1309 619 sic
1341 580 1563 631 ordinatur,

189 643 235 680 ut
266 643 442 692 corporis
473 643 616 691 parcat
639 641 831 690 invidiae,
863 642 905 679 et
935 642 989 680 sit
1013 642 1175 679 tantum
1201 641 1328 680 animi
1352 654 1562 681 venenum.

189 702 286 751 quid
317 700 405 741 ais?
435 714 516 740 non
548 704 608 741 est
638 703 803 740 noxium
834 703 957 751 virus,
988 702 1068 740 nisi
1099 700 1208 751 quod
1239 700 1415 741 occidit?
1465 703 1563 753 quid

188 774 282 814 ergo
320 774 553 801 vocaremus
597 762 701 801 illud
739 775 817 812 quo
861 762 1016 800 lumina
1058 761 1145 801 sola
1181 763 1438 813 raperentur,
1483 776 1562 814 quo
1583 776 1617 803 10

186 835 280 872 pars
313 823 449 872 aliqua
478 823 750 862 membrorum
782 822 992 861 debilitate
1023 821 1327 874 languesceret?

277 883 338 921 Tu
362 885 403 922 te
429 883 646 922 veneficam
665 896 788 935 negas
808 895 910 933 quae
935 884 1050 933 potes
1075 883 1241 933 potione
1266 883 1409 933 facere,
1435 896 1561 934 quan.-

187 945 276 982 tum
308 943 497 992 offensae,
537 945 734 994 quantum
764 945 845 994 ira,
877 945 1075 994 quantum
1107 942 1248 983 dolor?
1311 943 1465 984 amabit
1497 945 1562 984 cui

188 1005 434 1054 permiseris,
473 1005 722 1043 execrabitur
753 1005 822 1043 ille
861 1017 980 1055 quem
1016 1005 1196 1044 iusseris:
1235 1005 1434 1056 accipient
1465 1018 1490 1044 a
1520 1007 1561 1044 te

189 1064 386 1103 desideria
416 1066 555 1104 nostra
587 1066 738 1114 ortum,
769 1064 906 1115 finem,
937 1064 1112 1103 modum.
1176 1077 1274 1104 sane
1303 1067 1344 1104 et
1374 1078 1489 1104 amor
1520 1067 1561 1105 et
1579 1078 1614 1106 1⁵

189 1124 326 1162 odium
355 1126 558 1169 ,naturalis
596 1125 782 1164 videatur
819 1125 1001 1175 affectus,
1038 1124 1276 1165 veneficium
1313 1127 1424 1176 sunt,
1469 1138 1560 1165 cum

187 1184 386 1223 iubentur.
438 1184 565 1236 quid?
598 1186 705 1236 quod
735 1199 815 1225 non
846 1188 982 1236 potest
1012 1199 1093 1225 non
1124 1185 1270 1226 habere
1300 1187 1386 1226 vim
1416 1188 1560 1226 veneni

189 1244 295 1294 quod
333 1247 473 1284 contra
510 1247 761 1285 voluntatem
803 1246 959 1285 homini
1002 1245 1149 1285 datur?
1211 1246 1329 1286 video
1368 1260 1439 1286 cur
1481 1247 1559 1286 sibi

185 1305 385 1344 medicina
414 1308 627 1356 permittat
652 1320 865 1357 corporum
890 1309 993 1346 vitia
1023 1307 1373 1358 membrorumque
1398 1307 1558 1348 morbos

184 1366 328 1405 infusis
354 1366 684 1407 medicaminibus
711 1368 919 1417 expellere,
951 1370 991 1406 et
1017 1369 1101 1407 sine
1127 1368 1286 1407 animae
1311 1369 1558 1419 spiritusque
1577 1381 1613 1408 so

186 1427 422 1477 contagione
460 1440 718 1478 quaecunque
757 1429 1000 1468 extrinsecus
1034 1428 1238 1479 accidunt,
1274 1430 1439 1480 potione
1470 1430 1558 1468 vin-

187 1488 340 1525 cuntur.

276 1547 368 1585 Non
405 1549 540 1597 potest
576 1549 682 1587 ullus
721 1549 900 1589 adfectus
940 1549 1098 1589 sedibus
1131 1551 1213 1590 suis
1246 1563 1320 1601 per
1350 1550 1461 1589 virus
1493 1563 1557 1589 ex-

187 1606 284 1656 pelli
321 1608 399 1646 nisi
435 1609 613 1646 totorum
657 1611 912 1649 concussione
956 1610 1145 1649 vitalium
1191 1612 1250 1661 et,
1291 1623 1382 1650 cum
1422 1610 1558 1650 anima

187 1668 342 1705 constet
373 1681 419 1706 ex
451 1669 647 1718 sensibus,
681 1683 939 1720 quaecunque
972 1671 1128 1710 auferre
1165 1672 1447 1723 temptaveris,
1483 1671 1558 1710 illa
1577 1683 1612 1711 25

186 1728 325 1766 statim
362 1729 493 1777 prima
530 1730 656 1768 nostri
699 1732 813 1780 parte
857 1731 1058 1781 prioribus
1095 1733 1253 1771 retento
1297 1732 1557 1782 confectoque

281 1893 303 1924 4
330 1890 468 1926 debeat
489 1900 509 1926 ς
582 1896 603 1927 5
630 1892 661 1927 si
682 1893 765 1938 quis
785 1900 866 1938 BV3
894 1894 925 1929 si
946 1905 1018 1939 que
1039 1901 1094 1939 M3
1116 1895 1148 1930 si
1168 1905 1244 1940 qua
1264 1904 1342 1940 βηις
1369 1894 1468 1931 sicut
1488 1903 1510 1930 ς

184 1949 278 1983 quas
298 1945 335 1973 B
413 1943 433 1974 6
461 1941 676 1975 crassantur
694 1948 764 1976 BV
844 1946 861 1977 7
889 1954 965 1978 non
984 1954 1051 1979 om.
1071 1952 1091 1986 β
1164 1946 1186 1978 8
1213 1943 1396 1989 corporis:
1422 1942 1556 1978 mortis

183 1986 261 2022 Seh.
386 1987 568 2023 invidiae:
602 1988 764 2025 iniuriae
789 1990 864 2025 Bu.
989 1991 1039 2026 sit
1070 2003 1137 2027 om.
1158 1998 1210 2036 Β;
1237 1996 1324 2038 post
1355 1991 1473 2027 animi
1508 1992 1555 2027 le-

179 2035 282 2081 qitur
306 2035 349 2070 in
374 2042 417 2070 M
525 2040 567 2071 11
594 2037 902 2084 languesceretur
928 2048 947 2081 β
1057 2043 1100 2074 12
1126 2040 1351 2075 veneficium
1376 2046 1403 2075 S
1487 2051 1556 2086 po—

179 2083 324 2119 tionem
347 2089 385 2118 B
507 2089 550 2119 13
577 2087 761 2130 quantum
787 2091 871 2122 ante
897 2087 955 2122 ira
981 2099 1071 2124 eras.
1100 2088 1266 2135 (lacuna)
1293 2095 1336 2124 M
1448 2087 1556 2123 dolor

181 2131 344 2167 suaserit
368 2138 412 2167 M
482 2133 637 2168 amabat
663 2141 689 2168 s
788 2138 832 2169 15
860 2146 950 2171 sane
977 2147 1062 2171 eum
1088 2138 1127 2172 et
1152 2143 1195 2172 M
1291 2141 1335 2172 16
1361 2135 1555 2172 naturales

179 2179 381 2215 videantur
407 2188 428 2215 ς
478 2184 521 2216 19
547 2182 775 2218 medicinam
794 2189 863 2217 BV
917 2187 962 2218 20
989 2184 1144 2230 spiritus
1163 2191 1251 2230 ΒΜ,
1278 2196 1351 2231 que
1369 2196 1470 2231 supr.
1488 2191 1555 2220 bm

181 2231 227 2263 23
252 2228 353 2264 ullus
381 2236 417 2264 5:
444 2228 548 2264 illius
573 2236 654 2275 ΒΥς
679 2230 794 2266 11111118
821 2237 910 2274 Μβσ
1005 2236 1051 2267 24
1075 2234 1157 2268 toto
1182 2236 1308 2277 t—orum
1333 2239 1371 2268 B
1467 2243 1555 2268 con-

181 2276 392 2312 cussionem
417 2283 455 2312 Β
575 2282 619 2313 25
653 2279 852 2315 exensibus
878 2286 930 2326 B,
963 2293 978 2316 s
1006 2292 1105 2327 supr.
1134 2288 1157 2315 b
1279 2291 1554 2327 quemcumque

179 2355 264 2392 Ββσ
334 2337 463 2386 aufeie
481 2356 519 2385 Β
612 2354 656 2385 26
684 2355 768 2386 ante
793 2351 983 2397 prioribus
1009 2354 1095 2390 add.
1124 2354 1399 2390 subtrahuntur
1418 2359 1461 2389 M

179 2397 368 2443 prioribus
393 2400 558 2435 retento:
587 2399 805 2444 corporibus
831 2401 979 2436 retenta
1006 2410 1043 2446 ς;
1070 2403 1263 2448 peioribus
1289 2403 1395 2439 Dess.
