1638 2560
453 114 774 152 DECLAMATIO
799 115 923 152 XVIII
943 118 1096 151 15—17.
1383 115 1471 158 335

90 230 199 282 quod
226 243 309 270 non
340 229 498 270 dixerit.
560 230 810 280 dissimulas,
842 232 970 280 taces,
1003 243 1139 280 saeve,
1171 228 1370 270 crudelis?
1411 230 1472 268 in-

89 292 240 331 venisti
267 292 471 331 tormenta
501 291 642 342 patris.

178 351 302 402 Audi,
328 351 426 402 quid
449 352 598 391 misera
623 351 922 404 simplicissimo
948 351 1085 391 dolore
1110 352 1344 402 proclamet.
1390 364 1472 390 non

89 411 256 463 efficies,
286 412 440 463 inquit,
471 412 732 452 callidissime
762 411 1076 464 parricidarum,
1108 414 1156 452 ut
1185 425 1267 451 non
1300 411 1472 451 audeam

51 487 68 514 5
88 473 261 513 cadaver
299 473 499 524 amplecti.
563 486 636 525 ego
668 485 761 513 vere
791 475 947 513 incesta
978 485 1084 523 sum,
1124 473 1159 512 si
1189 485 1355 524 possum
1385 485 1469 511 mo·
1491 472 1543 511 17

87 533 221 574 derari
245 534 431 586 gemitus,
454 534 702 585 conprimere
728 534 928 573 lacrimas.
981 535 1086 573 coite
1110 535 1154 572 in
1179 534 1313 583 funus,
1333 546 1470 573 omnes

86 593 216 645 liberi,
248 606 385 634 omnes
415 597 616 646 parentes,
648 595 847 634 custodite
878 595 1067 646 planctus
1098 607 1225 644 meos,
1259 594 1471 634 observate

87 655 272 706 suspiria.
323 656 359 694 si
385 655 483 706 quid
514 655 604 705 feci,
636 656 670 694 si
696 655 795 706 quid
821 655 978 706 admisi,
1009 656 1179 695 fatebor.
1231 667 1320 694 ecce
1346 668 1470 706 supra

85 715 279 755 lectulum
316 716 442 755 effusa
480 716 648 755 feralem
686 716 840 756 laceros
883 718 995 756 artus
1034 717 1075 755 et
1110 718 1322 767 perustum
1363 729 1470 755 com-

31 791 67 818 ιο
84 777 205 827 plexa
242 789 386 827 corpus
432 777 629 816 exclamo:
672 778 790 816 teneo
828 778 993 816 unicum
1030 790 1183 827 meum,
1221 777 1323 815 velit
1365 777 1470 816 nolit

84 837 258 887 invidia,
295 850 432 876 meum
468 839 616 877 misera
656 838 886 877 formosum.
950 837 1026 877 hoc
1065 839 1152 876 erat
1191 837 1299 887 quod
1335 837 1469 876 infeli-

86 897 290 938 cissimam
307 899 480 937 matrem
498 899 608 937 ultra
633 898 777 938 solitae
803 898 986 938 caritatis
1013 898 1249 950 exagitabat
1274 897 1469 948 adfectus,

86 958 292 1008 amabam,
328 958 493 1008 marite,
529 959 767 1009 periturum.
830 960 1002 998 infames
1034 958 1334 1010 quantumlibet
1364 958 1468 998 hanc

84 1019 392 1070 inpatientiam,
430 1032 504 1071 ego
535 1019 637 1058 mihi
667 1020 807 1059 videor
837 1019 1032 1069 defuisse,
1065 1031 1257 1069 cessasse,
1291 1020 1468 1058 multum

30 1093 66 1121 15
85 1079 135 1118 de
165 1080 337 1130 laetitia,
368 1080 544 1119 multum
574 1080 797 1131 perdidisse
823 1080 871 1120 de
903 1080 1074 1132 gaudiis.
1131 1093 1248 1119 nemo
1274 1093 1468 1130 umquam

83 1139 215 1180 filium
245 1139 366 1179 nimis
398 1141 563 1180 amavit.
614 1153 759 1180 excuso
789 1141 879 1191 tibi,
910 1142 1056 1192 inquit,
1088 1141 1247 1180 iuvenis
1278 1141 1467 1180 innocen-

83 1201 257 1251 tissime,
297 1201 404 1251 quod
436 1203 633 1252 supremis
670 1203 753 1241 tuis
784 1202 964 1241 nondum
1000 1203 1188 1253 praestiti
1225 1202 1372 1241 misera
1403 1214 1467 1240 co-

83 1262 286 1301 mitatum.
337 1262 474 1301 vivere
506 1262 669 1313 quidem
700 1264 741 1301 te
773 1262 962 1302 defuncto
995 1262 1185 1302 continuo
1218 1275 1302 1301 non
1334 1261 1467 1312 debui,

83 1321 153 1361 sed
195 1322 300 1361 mori
343 1323 492 1362 marito
535 1324 696 1362 tacente
740 1336 821 1362 non
864 1324 991 1373 potui.
1055 1335 1242 1373 rumpam
1285 1322 1467 1361 taedium

27 1395 64 1423 so
83 1383 186 1423 lucis
222 1383 397 1433 invisae,
435 1383 505 1422 sed
542 1384 654 1434 prius
692 1383 854 1422 licuerit
892 1396 1027 1422 coram
1071 1384 1238 1422 civitate
1279 1383 1466 1422 manibus

81 1443 164 1483 tuis
201 1445 310 1482 iusta
345 1444 592 1494 persolvere,
635 1457 726 1483 cum
766 1444 958 1484 damnato
997 1457 1119 1495 supra
1158 1443 1466 1483 callidissimum

82 1503 289 1543 silentium
332 1504 535 1554 parricida
578 1504 681 1543 nihil
724 1506 765 1543 te
808 1504 955 1544 dixisse
1000 1505 1239 1544 constiterit.
1302 1506 1465 1556 ignosce

83 1564 190 1615 quod
223 1564 272 1603 ad
310 1564 505 1603 iudicium
541 1565 652 1604 istud
683 1564 826 1604 orbata
858 1565 1012 1604 duravi.
1075 1566 1213 1615 timui,
1244 1578 1314 1614 ne,
1346 1566 1381 1603 si
1412 1564 1465 1603 ad

82 1625 234 1663 exitum
264 1625 541 1675 impatientia,
578 1625 613 1664 si
643 1626 859 1676 praecipiti
890 1627 1043 1676 pietate
1075 1638 1372 1677 properassem,
1404 1626 1464 1664 fa-

27 1698 62 1726 ²⁶
82 1687 191 1724 ceret
222 1685 347 1724 alium
378 1685 581 1736 parricida
612 1685 661 1725 de
692 1699 784 1725 mea
813 1688 944 1725 morte
974 1700 1186 1726 rumorem.

178 1805 200 1836 5
227 1776 392 1846 amptcti
417 1807 455 1836 Β
573 1812 661 1837 vere
686 1802 835 1848 scripsi:
862 1812 951 1837 vera
975 1808 1049 1846 Ββς
1074 1813 1162 1838 vero
1193 1808 1288 1837 mm
1406 1802 1464 1837 in-

82 1850 187 1885 certa
209 1855 248 1884 B
344 1852 365 1884 8
393 1860 507 1895 supra
532 1861 601 1887 om.
627 1856 656 1884 V
749 1854 770 1885 9
795 1850 894 1896 perii
918 1852 1001 1886 tum
1026 1856 1055 1885 V
1147 1854 1189 1886 11
1216 1850 1398 1886 miserata
1424 1857 1468 1886 Μ

82 1901 127 1933 13
153 1897 253 1933 hanc
278 1909 335 1934 om
373 1904 401 1932 V
509 1901 552 1933 16
579 1898 706 1944 inquit
730 1898 803 1934 tibi
831 1905 859 1933 V
977 1902 1022 1934 17
1048 1899 1277 1945 praestitisti
1301 1905 1372 1934 BV

82 1949 127 1982 18
153 1945 270 1982 debui
295 1946 378 1982 sed:
406 1945 602 1982 debuisset
625 1953 654 1981 V
722 1950 766 1982 21
794 1947 999 1983 damnatus
1019 1962 1044 1983 α
1122 1950 1166 1983 23
1193 1958 1241 1983 ne
1267 1947 1315 1983 si.
1342 1947 1418 1983 nisi
1438 1962 1463 1983 α

79 1995 186 2041 (corr.
203 1995 259 2040 m)
334 1998 380 2030 25
400 2005 590 2030 rumorem
608 1995 725 2031 minio
743 1998 921 2042 scriptum
941 2002 978 2031 P
1048 2006 1238 2031 rumorem
1256 1995 1423 2031 feliciter
1436 2002 1463 2030 S

176 2043 255 2079 iam
278 2043 463 2088 sequitur:
489 2043 673 2089 descripsi
698 2043 870 2090 (escripsi
893 2051 944 2089 1³3
971 2044 1106 2091 scripsi
1131 2046 1172 2090 S)
1198 2046 1237 2080 et
1262 2044 1462 2080 emendavi

79 2089 270 2127 Domitius
291 2091 427 2137 (domis
448 2091 525 2127 tuis
550 2098 590 2135 3'3
616 2091 809 2128 Domicius
829 2094 869 2139 S)
889 2092 1116 2128 Dracontius
1138 2093 1394 2138 (dracontivus
1415 2096 1461 2139 P)

80 2139 128 2175 de
162 2139 293 2176 codice
331 2139 460 2175 fratris
495 2120 605 2176 hieri
626 2139 821 2186 (hierionis
853 2142 894 2187 s>
926 2140 1091 2176 feliciter
1124 2141 1221 2177 mihi
1253 2142 1292 2177 et
1328 2141 1460 2176 usibus

79 2187 174 2223 meis
200 2189 240 2223 et
265 2187 324 2223 dis
352 2188 440 2234 (diis
467 2194 540 2232 Ms)
568 2188 752 2224 omnibus.

175 2237 343 2282 subscrip
344 2238 396 2272 tio
421 2236 608 2272 sollemnis
633 2237 730 2274 deest
754 2238 796 2273 in
820 2244 858 2273 B
933 2238 973 2273 M
997 2237 1112 2273 FABI
1138 2237 1459 2281 QVINTILIANI

79 2283 212 2320 BENE
236 2284 440 2320 INFAMIS
466 2284 520 2319 IN
545 2284 759 2321 MATREM
778 2286 1013 2322 EXPLICIT.
1040 2285 1222 2322 INCIPIT
1240 2285 1461 2322 EIVSDEM

80 2343 206 2380 PARS
231 2344 430 2380 ALTERA
461 2351 489 2380 ι
605 2345 786 2382 morem*
811 2346 878 2382 DE
903 2346 1077 2382 MATRE
1104 2346 1134 2390 Q
1160 2346 1354 2382 MARITV
1380 2345 1459 2381 Ac-

81 2415 236 2453 GVSAT
261 2416 422 2453 PROPT
448 2416 620 2454 MORTE
646 2418 759 2454 FILII
784 2421 901 2455 minio
924 2420 1027 2466 picta
1053 2408 1096 2455 in
1170 2399 1209 2454 n
1235 2418 1347 2454 Fabii
1373 2423 1459 2463 qux-
