1638 2560
232 123 316 166 196
592 119 885 156 SEPVLORVM
909 116 1240 154 INCANTATVM

231 251 335 277 nunc
365 237 496 276 minus
526 235 625 274 mali
655 236 874 285 pateretur,
906 235 941 272 si
972 245 1052 271 non
1084 232 1262 271 sentiret.
1318 231 1388 271 ille
1421 232 1492 283 qui
1521 245 1603 271 non

231 299 341 338 venit
377 298 419 336 in
452 296 651 347 quendam
689 308 904 343 carcerem,
940 293 1162 332 translatus
1195 305 1219 331 a
1255 293 1412 332 tumulo
1446 293 1603 344 patitur

232 358 419 398 veneficia
451 359 570 396 vitae.
632 368 802 407 magnae
841 356 935 393 sunt
966 367 1060 405 ergo
1099 352 1332 392 umbrarum
1366 354 1531 393 catenae
1563 354 1604 392 et

233 431 477 469 quamquam
507 417 716 456 volatilem
748 428 971 467 vagamque
1002 414 1222 465 imaginem
1251 413 1375 453 morti
1398 414 1606 466 stringunt

233 480 352 529 atque
379 478 552 530 alligant
582 479 790 526 tamquam
815 488 928 514 reum
963 487 1105 525 corpus
1139 475 1325 513 animam.
1375 473 1483 514 ferro
1508 487 1604 514 vero

233 553 278 578 ac
314 539 515 589 lapidibus
554 540 686 576 artare
725 539 781 586 et,
819 539 865 575 ut
902 536 1032 575 solent
1068 534 1236 574 bellicae
1266 534 1389 574 robur
1426 535 1605 586 accipere

232 601 383 650 portae,
413 600 544 650 ipsam
575 598 758 636 umbram
788 598 871 635 iam
902 596 1054 635 catenis
1086 595 1274 647 alligare,
1304 596 1388 634 iam
1419 595 1606 635 claustris

231 673 311 699 non
337 660 425 699 dico
453 659 609 698 crudele
636 660 708 707 est,
739 659 1028 708 portentosum,
1061 656 1272 706 nefarium,
1303 656 1445 706 utique
1471 656 1506 695 si
1529 656 1606 695 hoc

232 720 356 760 faciat
387 720 456 770 qui
483 732 691 758 sensurum
716 718 845 756 filiurn
870 717 1017 762 credat.
1069 719 1110 756 et
1134 729 1240 756 nunc
1263 716 1355 756 illos
1380 717 1607 756 miserrima

232 782 360 820 mater
390 781 433 818 in
459 792 601 830 corpus
626 781 746 829 putat
771 781 811 817 et
836 780 879 817 in
904 777 1084 817 membra
1110 777 1359 817 descendisse
1384 789 1605 817 mucrones.
1625 790 1638 817 1

186 843 208 877 9
325 840 357 881 Ο
389 854 506 892 mage
538 852 665 889 saeve,
698 839 882 889 erudelis,
915 851 937 878 o
969 839 1012 877 in
1043 838 1230 878 lacrimas
1258 837 1405 877 artifex
1435 838 1606 888 nostras,

232 902 376 940 vellem
396 914 476 940 non
497 901 669 940 dedisses
694 902 779 938 tam
805 913 998 951 magnum
1025 898 1354 949 experimentum.
1395 898 1607 938 irascimur

232 962 326 1011 tibi,
366 963 406 1000 et
436 961 613 1000 blandiri
642 973 799 1000 necesse
832 962 903 999 est.
966 960 1061 998 dum
1094 959 1221 999 cludis
1251 959 1454 1009 umbram,
1488 959 1607 998 intel-

234 1023 402 1061 leximus
435 1022 565 1061 solum
595 1023 636 1060 te
669 1034 752 1060 esse
785 1021 853 1071 qui
884 1021 1012 1071 possis
1045 1033 1221 1060 evocare.

324 1082 495 1121 Videtur
524 1083 663 1132 itaque
695 1082 839 1120 mulier
868 1081 1009 1120 infelix
1042 1094 1065 1120 a
1091 1079 1302 1132 dignitatis
1335 1080 1471 1120 dolore
1502 1092 1606 1120 sece-
1627 1094 1638 1121 ι

235 1143 343 1192 dere,
383 1143 487 1193 quod
525 1145 610 1181 tam
647 1143 807 1181 uxorias
845 1142 888 1180 in
924 1143 1057 1181 forum
1095 1142 1278 1192 querelas
1316 1143 1356 1180 et
1399 1143 1608 1191 tamquam

235 1204 406 1242 delicata
443 1205 651 1242 matronae
689 1202 884 1242 desideria
921 1203 1144 1252 pertulerit.
1207 1214 1289 1241 non
1327 1203 1435 1241 enim
1476 1203 1607 1242 vestes

235 1277 307 1303 nec
344 1277 485 1302 aurum
521 1276 593 1302 nec
632 1263 863 1302 ambitiosos
902 1264 1062 1313 quaerit
1099 1264 1282 1313 ornatus,
1320 1263 1510 1302 contenta
1547 1263 1609 1301 est

236 1324 386 1363 orbitas
418 1324 599 1363 sordibus
632 1325 724 1363 suis.
783 1337 828 1362 ac
859 1337 931 1362 nec
963 1324 1103 1373 pelicis
1136 1323 1299 1374 quidem
1333 1323 1471 1362 dolore
1502 1334 1608 1362 com-

234 1385 410 1435 pellitur,
447 1397 519 1423 nec
550 1385 675 1424 tacita
713 1384 859 1436 gaudia
891 1385 1029 1423 mariti
1060 1384 1317 1435 impatientia
1349 1385 1391 1422 et
1420 1382 1638 1423 muliebris

235 1446 414 1484 vanitate
447 1445 679 1496 complorat.
742 1445 812 1484 sed
842 1457 913 1484 nec
945 1445 1131 1484 relictum
1161 1447 1296 1484 torum
1328 1444 1608 1494 desertumque

237 1506 434 1556 genialem
477 1506 588 1544 velut
631 1507 861 1556 contempta
898 1505 1035 1545 vilitas
1079 1506 1214 1544 uxoris
1257 1505 1482 1544 ulciscitur:
1528 1504 1609 1543 alia

236 1566 364 1617 longe,
398 1567 478 1605 alia
510 1566 559 1604 de
590 1567 772 1605 noctibus
805 1579 899 1605 cura
925 1568 995 1605 est.
1046 1579 1095 1605 ne
1121 1567 1316 1615 timueris,
1348 1577 1610 1616 quaecunque

238 1626 412 1677 dignitas
445 1628 506 1665 est
536 1628 674 1678 magni
705 1627 871 1666 doloris:
903 1627 1004 1665 nihil
1035 1628 1217 1677 queritur
1247 1627 1395 1665 misera
1425 1625 1505 1665 nisi
1534 1637 1611 1676 par

238 1686 413 1735 orbitati,
438 1687 516 1725 nisi
541 1688 662 1725 matri
688 1687 867 1738 dignum,
888 1688 994 1737 quod
1019 1687 1201 1738 publicos
1227 1687 1438 1726 consumat
1461 1686 1638 1735 oculos‚5

239 1746 345 1796 quod
381 1748 541 1798 ignotas
581 1760 737 1797 quoque
777 1749 911 1799 exigat
946 1748 1144 1787 lacrimas.
1209 1748 1404 1798 quantam
1441 1746 1549 1785 enim
1586 1758 1610 1784 a

237 1806 382 1845 marito
415 1809 611 1858 acceperit
641 1807 833 1846 iniuriam
865 1809 965 1847 scire
997 1807 1152 1848 vultis?
1202 1808 1289 1848 sola
1319 1809 1450 1846 mater
1479 1806 1612 1845 filium

237 1866 413 1917 perdidit
449 1881 521 1906 nec
562 1870 695 1918 potest
734 1868 929 1907 invidiam
970 1870 1101 1908 facere
1139 1868 1273 1908 morti.
1337 1869 1431 1908 ante
1468 1867 1610 1917 itaque

238 1939 359 1977 quam
384 1929 532 1978 sciatis,
563 1928 725 1977 iudiceS,
753 1929 840 1979 quis
867 1929 980 1968 dolor
1006 1930 1144 1979 quisve
1170 1941 1339 1978 maeror,
1366 1940 1468 1979 quae
1493 1929 1611 1966 tanta

336 2058 353 2089 1
382 2055 532 2102 minus}
557 2058 579 2090 3
605 2057 658 2091 vel
684 2059 706 2091 4
733 2057 801 2091 litt.
828 2067 876 2091 er.
904 2063 946 2091 M
1042 2060 1061 2091 3
1090 2056 1276 2092 beneficia
1300 2062 1381 2091 ΒΜ
1402 2054 1476 2102 (vel
1500 2065 1612 2090 vene-

238 2103 323 2138 ficia
348 2104 402 2149 m)
500 2115 611 2149 mage
630 2110 700 2138 BV
793 2108 814 2139 4
841 2115 1072 2151 quamquam
1099 2117 1166 2141 om.
1188 2112 1225 2140 Ρ
1320 2108 1341 2139 5
1366 2115 1492 2139 rerum
1517 2109 1546 2137 V

239 2155 258 2186 7
287 2151 439 2197 alligari
459 2158 501 2186 M
523 2152 594 2198 (vel
614 2152 772 2199 alligare
792 2154 846 2199 m)
940 2157 961 2188 8
987 2155 1276 2199 portentuosum
1301 2159 1346 2188 Μ
1432 2155 1475 2187 10
1501 2152 1613 2197 patat

236 2206 282 2244 Β,
308 2211 334 2234 u
359 2211 459 2245 supr.
482 2207 504 2234 ὁ
639 2205 680 2236 11
707 2201 875 2236 lacrimis
900 2208 937 2236 Β
1053 2206 1096 2237 12
1129 2202 1265 2237 vellem
1294 2201 1454 2236 desisses
1479 2206 1517 2235 Β

239 2251 283 2283 13
305 2248 456 2294 ⁴claudis
483 2258 502 2291 β
595 2252 638 2284 19
666 2249 743 2284 suis
770 2249 943 2285 sordibus
968 2256 1005 2284 B
1088 2261 1136 2285 ne
1161 2249 1296 2296 pelicis
1327 2255 1401 2292 Ῡβσ
1482 2251 1528 2284 20
1554 2249 1611 2284 ta-

238 2296 330 2332 cita:
357 2298 467 2332 tanta
493 2306 511 2339 β
592 2301 634 2332 21
663 2297 813 2333 thorum
832 2304 916 2341 Βνβ
997 2302 1040 2333 22
1068 2300 1247 2334 contenta
1272 2305 1300 2333 V
1369 2301 1414 2332 23
1441 2296 1613 2332 timuerit

237 2345 315 2382 Seh.
393 2349 438 2380 24
465 2356 503 2380 es
529 2352 557 2380 V
644 2350 688 2380 25
715 2346 829 2381 matri
854 2358 899 2382 ex
923 2348 1043 2382 matre
1069 2353 1106 2382 Β
1197 2351 1241 2382 26
1270 2345 1485 2382 amaritudo
1510 2352 1544 2381 J

237 2421 283 2453 28
308 2417 479 2464 invidis}
503 2424 530 2452 v
600 2422 644 2453 29
671 2406 801 2454 qmsve
822 2425 858 2453 P
