1638 2560
528 121 848 159 DECLAMA'HO
873 121 963 158 Vm
982 125 1135 158 17—19.
1440 121 1527 164 163

149 251 229 289 que
257 237 382 278 fuisso
417 238 661 288 periturum3
698 250 789 277 cum
821 237 1090 287 convaluerit,
1126 237 1274 287 probat
1310 238 1527 287 utrumque

147 299 362 339 ‘victui-um.
425 298 478 337 ad
509 299 786 338 saevissimam
817 299 1066 337 curationem
1102 299 1240 348 potuit
1271 310 1437 349 aegrum
1468 298 1528 336 fa-

148 358 266 399 cilins
300 358 547 401 mehercules
585 359 803 410 explicare,
841 359 877 397 si
908 360 1013 399 esset
1043 360 1155 397 unici
1186 360 1315 409 pater.
1378 357 1530 397 sufficit

148 432 244 472 ergo
274 431 519 471 comparare,
551 419 781 459 decernere:
813 432 894 458 non
924 420 1073 459 iterum
1100 420 1171 458 ille
1195 419 1274 458 tibi
1298 420 1528 470 pretiosior,

111 495 129 522 5
146 481 220 520 ille
249 480 394 520 melior
422 481 592 531 incipiet
623 493 708 520 esse
739 481 909 520 victuro.

237 540 320 580 Vbi
342 542 404 580 est
421 537 738 594 <im>patientia
764 553 844 591 qua
864 542 932 580 vix
957 541 1181 580 dimittitur
1206 540 1379 580 cadaver
1401 541 1446 578 in
1463 553 1527 579 ro·
1549 541 1599 579 19

148 613 233 654 gos,
248 614 330 652 qua.
347 614 492 652 corpus
513 603 694 641 exanime
711 601 916 640 detinetur
935 599 1152 652 amplexu?
1189 601 1247 640 dii
1265 601 1528 650 immortales,

149 674 272 713 quam
302 674 435 712 saeva,
467 676 590 713 quam
623 662 795 702 crudelis
828 664 889 702 est
918 664 1009 713 ipsa
1041 663 1265 701 cunctatio!
1301 662 1397 700 dum
1428 661 1527 700 deli-

146 723 276 773 beras,
307 723 404 762 dum
434 736 762 773 unumquemque
794 723 1012 773 detrectas,
1046 723 1310 774 parricidium
1340 724 1385 761 111
1415 724 1527 762 utro-

93 798 130 826 11»
148 796 227 834 que
258 785 469 824 consumis.
532 784 704 823 duorum
734 783 896 823 vilitate
927 783 986 834 fit,
1017 785 1065 822 ut
1095 797 1142 822 ex
1173 783 1368 823 fratribus
1398 784 1529 834 possit

147 844 344 883 alteruter
374 844 512 883 occidi.
570 858 790 895 nunquam,
820 845 985 894 iudices,
1017 857 1081 884 res
1111 846 1199 883 tam
1228 844 1434 884 horribilis
1465 845 1528 882 in-

147 904 313 944 auditae
349 905 527 944 feritatis
565 905 742 944 admissa
780 907 851 944 est.
912 905 1043 944 filium
1080 908 1198 956 pater
1234 907 1402 956 propter
1436 918 1528 944 eum

147 965 297 1005 occidit
326 979 447 1016 quem
477 966 602 1005 etiam
632 967 767 1016 ipsum
797 967 959 1017 poterat
988 966 1177 1005 occidere.
1228 966 1435 1015 transfert,
1466 967 1527 1004 iu-

147 1025 265 1076 dices,
295 1038 388 1065 reus
418 1027 463 1065 in
493 1026 695 1066 medicum
725 1027 935 1066 electionis
965 1026 1175 1065 invidiam.
1235 1022 1349 1076 ‘ffle’‚
1378 1028 1527 1077 inquit,

93 1101 128 1128 1⁵
149 1083 415 1137 ‘aesffimavit,
451 1087 522 1126 ille
554 1084 761 1126 decrevit.'
826 1100 920 1140 ergo
957 1087 1220 1126 manifestum
1252 1089 1313 1127 est
1344 1100 1424 1126 non
1455 1100 1527 1138 pa-

146 1160 232 1187 rem
262 1147 387 1187 fuisse
417 1148 664 1200 languorem.
717 1161 763 1187 ex
790 1148 944 1187 duobus
971 1150 1104 1200 aegris
1135 1149 1228 1198 plus
1259 1148 1404 1187 habuit
1428 1149 1527 1198 spei,

145 1209 313 1259 propter
337 1221 457 1258 quem
482 1208 622 1248 debuit
647 1209 751 1248 alter
776 1209 915 1248 occidi.
965 1210 1104 1248 recede
1131 1209 1349 1260 paulisper,
1380 1209 1528 1248 mulier

146 1269 300 1318 infelix,
334 1268 411 1307 filii
440 1270 504 1308 tui
534 1269 650 1309 nobis
680 1270 890 1309 referenda
922 1271 1079 1308 curatio
1112 1272 1183 1309 est.
1245 1270 1383 1309 felices
1416 1271 1528 1321 aegri

147 1330 219 1380 qui
259 1329 454 1382 languore
498 1331 744 1381 moriuntur,
796 1332 867 1381 qui
916 1343 1124 1381 supremos
1170 1331 1371 1370 anhelitus
1419 1331 1529 1369 inter

92 1404 128 1430 no
147 1402 311 1430 suorum
348 1391 574 1441 amplexus,
611 1392 719 1430 inter
755 1404 919 1430 suorum
957 1391 1149 1442 adloquia
1186 1392 1419 1441 posuerunt.
1481 1391 1528 1429 ut

147 1452 236 1490 erat
264 1452 423 1491 iuvenis
453 1452 586 1501 primo
617 1453 706 1502 ipso
738 1453 1052 1502 comparationis
1090 1453 1262 1501 incerto,
1300 1465 1394 1491 mox
1425 1451 1527 1491 elec-

145 1512 256 1550 tione
301 1513 520 1561 cruciatus‚
566 1511 710 1551 abacta
748 1515 810 1552 est
846 1525 870 1551 a
907 1514 1089 1563 perituro
1125 1514 1259 1563 prima
1299 1514 1442 1562 mater,
1486 1513 1528 1551 et

146 1572 266 1611 modo
297 1572 437 1612 sedula
466 1574 694 1612 ministeria
728 1586 936 1612 servorum
965 1575 1129 1624 repente
1166 1575 1327 1612 mutata
1358 1575 1454 1613 sunt
1482 1574 1526 1612 in

145 1633 287 1672 mortis
326 1632 469 1671 officia.
533 1633 801 1672 detrahuntur
836 1633 1103 1674 trementibus
1135 1634 1365 1673 velamenta
1402 1647 1525 1673 mem-

92 1706 126 1733 115
145 1693 247 1743 bris,
285 1694 344 1742 et,
381 1695 428 1732 ut
465 1696 716 1746 grassaturas
754 1707 897 1734 manus
935 1697 1068 1734 totum
1100 1707 1245 1745 corpus
1280 1694 1526 1744 admitteret,

244 1837 262 1868 1
289 1832 424 1868 fuisse:
451 1833 527 1869 fuis
552 1839 604 1878 Β;
632 1844 713 1870 esse
738 1840 767 1869 V
877 1846 979 1871 cum:
1006 1846 1073 1871 om.
1094 1841 1147 1879 Β;
1174 1835 1207 1870 81
1234 1841 1277 1870 Μ
1390 1845 1524 1870 conva-

144 1880 219 1916 luit
243 1889 286 1926 σς
322 1881 383 1917 vel
415 1893 500 1917 cum
531 1882 654 1918 valuit
684 1884 723 1918 et
747 1884 839 1919 tunc
870 1895 946 1919 non
977 1883 1175 1930 praecedit
1207 1883 1239 1918 si
1263 1895 1428 1929 suptus

146 1934 168 1966 2
201 1930 354 1976 putavit
386 1936 466 1966 ΒΜ
498 1930 570 1976 (vel
603 1932 732 1977 potuit
766 1943 869 1987 supr.
898 1933 954 1978 m)
1082 1931 1236 1968 facilius
1273 1943 1429 1978 aegrum
1461 1932 1526 1968 sed

144 1982 285 2024 trmzsp.
312 1985 341 2013 V
433 1983 456 2014 4
481 1991 572 2014 num
599 1986 636 2014 P
724 1984 747 2016 5
771 1980 934 2026 incipire
960 1987 1011 2025 Ρ;
1037 1981 1197 2027 incipite
1223 1987 1268 2025 s3
1293 1980 1455 2036 incipiet
1480 1992 1526 2016 ex

145 2026 331 2072 inciperet
350 2033 392 2062 Η
463 2031 484 2062 6
510 2027 754 2074 impatientia
775 2037 812 2064 e:
839 2040 859 2064 e
879 2030 1070 2075 patientia
1093 2045 1123 2064 ω
1185 2040 1278 2075 qua:
1305 2029 1397 2075 quia
1416 2035 1454 2064 B

143 2075 239 2110 vixit
268 2082 383 2119 Vmw
466 2079 485 2111 7
514 2088 588 2134 wo
615 2083 705 2119 Μβᾱ·
775 2077 968 2113 detinetur
992 2090 1060 2114 om.
1087 2085 1116 2112 V
1188 2078 1312 2125 di3V
1393 2082 1414 2112 8
1441 2088 1525 2113 cru-

146 2147 259 2183 delis:
287 2159 327 2184 cr
352 2149 394 2184 in
418 2160 491 2185 ras.
512 2155 551 2184 Β
646 2152 667 2184 9
695 2127 866 2185 deiectas
892 2157 943 2195 Β;
977 2151 1169 2186 detractas
1195 2157 1240 2186 Μ
1335 2154 1377 2186 11
1410 2149 1525 2185 alter—

144 2209 272 2244 utrum
302 2215 375 2253 Ββ;
409 2200 517 2244 affut
539 2216 578 2254 V;
612 2209 710 2246 alter
734 2219 762 2245 <r
862 2211 1137 2257 inauditaeque
1164 2217 1225 2254 Μβ
1343 2215 1387 2246 13
1414 2212 1453 2246 et
1478 2216 1523 2255 P,

145 2291 237 2317 corr.
255 2295 285 2322 p
356 2282 574 2318 transferV
668 2286 712 2319 18
738 2259 809 2319 filii
832 2290 872 2318 Β
969 2288 1013 2319 19
1039 2283 1233 2320 hanelitus
1260 2293 1279 2326 β
1371 2286 1417 2318 20
1444 2293 1521 2317 a-m-

144 2328 296 2374 plexus:
324 2342 407 2365 -xu-
432 2333 474 2367 in
499 2343 573 2367 ras.
595 2337 632 2366 Β
728 2336 772 2367 21
808 2331 1019 2379 electione3
1044 2334 1081 2378 (4
1106 2334 1161 2368 vel
1187 2336 1210 2369 5
1237 2333 1306 2367 litt.
1327 2333 1390 2375 er.)
1411 2337 1454 2366 Μ

146 2381 191 2412 22
216 2378 402 2424 perituro:
424 2380 594 2426 aperitur
612 2382 656 2415 ut
674 2386 746 2415 BV
813 2385 859 2416 23
885 2381 1118 2417 servulorum
1138 2388 1181 2416 Μ
1252 2385 1298 2416 24
1323 2379 1475 2427 3officia
1500 2384 1528 2413 V

146 2429 191 2461 25
217 2427 341 2463 totum
366 2439 411 2464 ex
435 2429 561 2463 tutum
586 2435 624 2463 Β

1234 2491 1304 2526 11*
