1638 2560
237 102 324 145 236
664 96 1007 135 CADAVERIBVS
1032 96 1175 133 PASTI

238 216 404 264 crimen,
443 214 549 266 quod
580 215 755 265 pretium
789 212 1072 262 constituistis,
1105 211 1213 262 quod
1245 212 1447 251 occultum
1478 210 1613 251 datis?

238 277 414 328 duplum.
465 275 688 326 patrocinio
714 287 803 313 meo
830 274 1072 325 quantulum
1097 269 1272 312 lucror?
1325 273 1369 312 at
1387 285 1460 312 nos
1481 273 1614 322 inepti

239 350 284 376 ac
315 337 453 376 vesani
490 335 539 375 de
576 336 682 374 fame
722 335 999 385 querebamur,
1038 334 1173 385 gravis
1205 332 1320 373 nobis
1357 333 1515 384 inopia,
1552 333 1613 371 in-

236 397 458 436 tolerabilis
484 397 525 435 et
549 397 696 435 misera
723 396 915 434 accersita
940 407 1048 434 mors
1074 393 1298 433 videbatur.
1348 405 1428 433 non
1455 394 1614 445 agimus

238 458 389 510 gratias
432 456 656 496 industriae
700 454 857 507 legati?
918 455 1145 506 respublica
1188 455 1328 494 nostra
1370 454 1614 505 locupletior

237 519 352 568 perit.
416 518 692 557 sacrosanctus
723 518 923 556 mercator
955 517 1240 567 opportunum,
1272 515 1427 566 opinor,
1456 515 1616 554 invenit

236 579 379 618 mercis
418 580 610 617 exactum.
674 577 799 615 miror
835 577 1034 626 hercules,
1073 577 1108 616 si
1144 577 1231 615 tam
1267 575 1367 615 bene
1405 576 1614 628 negotium

238 650 435 691 gesseras,
468 638 666 688 quomodo
704 637 819 676 nobis
850 638 1063 688 pecuniam
1094 649 1175 676 non
1211 636 1410 676 retuleris.
1475 632 1614 687 ‘duplo

237 696 426 738 vendidi.’
472 699 665 749 decepisti
690 698 866 737 vicinam
892 699 1112 747 civitatem,
1145 696 1505 748 circumscripsisti,
1535 697 1615 736 ita-

239 773 315 810 que
347 760 538 809 queritur.
584 755 722 809 eduplo
755 755 944 798 vendidi?
990 759 1067 798 hoc
1098 758 1205 797 enim
1237 771 1363 797 unum
1394 758 1638 808 supererat,:

238 821 284 859 ut
315 819 523 859 devectum
553 819 752 859 tantidem
783 819 986 859 venderes.
1042 818 1185 858 habita
1216 820 1278 858 est
1307 819 1465 858 itineris
1495 819 1616 868 ratio,

237 880 377 919 habita
408 893 630 920 usurarum.
695 893 768 931 ego
801 892 895 920 vero
926 880 1034 918 malo
1074 879 1183 930 quod
1218 880 1304 919 tam
1341 891 1489 931 magno
1521 891 1617 918 ven-

239 941 388 980 didisti.
453 943 622 992 apparet
666 941 771 980 enim
814 942 856 980 te
899 940 1001 979 nihil
1046 941 1240 980 coactum.
1304 939 1374 980 sed
1414 940 1449 979 si
1492 939 1616 979 semel

239 1002 355 1052 ponis
380 1001 539 1041 hastam
565 1001 719 1051 salutis,
751 1002 786 1041 si
810 1001 1081 1052 redemptores
1107 1002 1216 1040 vitae
1244 1000 1440 1050 admittis,
1472 1001 1513 1039 et
1543 1012 1615 1040 nos

241 1062 425 1100 admone:
462 1063 607 1101 melius
639 1062 790 1101 vendis.
853 1075 925 1102 nos
964 1061 1157 1112 quicquid
1194 1062 1238 1100 in
1273 1060 1457 1101 domibus
1494 1061 1638 1102 habe-1

239 1135 345 1172 mus,
385 1122 574 1172 quicquid
611 1123 655 1161 in
698 1122 879 1173 templis,
919 1122 1110 1173 quicquid
1149 1122 1293 1162 civitas
1331 1134 1448 1161 suum
1484 1123 1616 1172 vocat,

240 1195 451 1234 congerere
482 1184 618 1234 parati
655 1196 800 1223 sumus.
864 1184 1112 1222 frumentum
1142 1183 1315 1234 pecunia
1345 1182 1616 1232 remetiamur,

239 1243 469 1282 libertatem
518 1245 699 1283 nostram
743 1244 983 1293 addicimus,
1027 1243 1125 1283 fines
1169 1243 1352 1294 publicos
1396 1243 1616 1282 tradimus:

240 1305 374 1342 omnia
418 1304 512 1342 licet
553 1304 692 1343 eadem
729 1305 863 1343 vicina
908 1305 1052 1344 civitas
1096 1304 1356 1354 polliceatur,
1399 1304 1491 1354 plus
1535 1315 1616 1342 non

169 1363 220 1399 20
238 1365 382 1414 potest.
432 1364 561 1414 prosit
586 1365 698 1414 mihi,
725 1365 833 1416 quod
860 1365 967 1415 apud
991 1366 1264 1417 negotiatores
1290 1365 1404 1414 solet,
1436 1364 1479 1403 in
1505 1365 1638 1404 ante-1

240 1436 370 1463 cessus
415 1424 517 1463 dedi.
579 1426 766 1476 triplum,
811 1425 1101 1476 quadruplum,
1146 1427 1344 1476 quantum
1386 1425 1616 1476 poposceris

338 1532 356 1563 1
384 1527 545 1573 quod—
559 1528 809 1564 constituistis
835 1540 902 1565 om.
929 1535 968 1573 νς
994 1529 1041 1574 cf.
1062 1529 1168 1565 Dese.
1183 1540 1223 1575 p.
1242 1531 1291 1565 78
1384 1526 1616 1564 constituitis

241 1583 288 1617 (w
352 1576 444 1620 quid
469 1583 506 1611 Β
578 1577 782 1612 occultum:
810 1579 835 1612 fi
860 1578 902 1612 in
927 1589 1000 1614 ras.
1022 1583 1066 1612 M
1137 1581 1157 1612 2
1184 1587 1268 1612 meo
1295 1578 1353 1613 est
1371 1582 1415 1612 M
1484 1575 1616 1611 luchro

239 1630 285 1667 ,13
311 1623 462 1659 luchror
488 1631 530 1659 11
625 1629 644 1660 3
673 1637 716 1661 ac
741 1626 870 1661 vesani
897 1637 964 1662 om.
985 1632 1012 1660 V
1099 1625 1217 1661 fame:
1244 1626 1364 1661 morte
1385 1631 1435 1670 M,
1461 1635 1554 1661 corr.
1574 1638 1617 1659 m

240 1676 263 1707 4
290 1672 469 1708 arcessita
494 1680 584 1716 Μβσ
703 1677 723 1709 5
750 1674 895 1720 gratias
921 1685 989 1711 om.
1012 1683 1031 1717 β
1154 1678 1174 1710 6
1201 1675 1431 1720 oportunum
1455 1679 1526 1708 BV

243 1724 261 1755 7
288 1720 451 1755 herculis
476 1728 513 1756 Β
622 1725 643 1757 8
670 1724 839 1768 gesserat
865 1729 908 1757 M
1013 1722 1187 1758 retulerit
1212 1728 1283 1758 BV
1387 1725 1473 1758 ante
1498 1721 1616 1767 duplo

240 1772 366 1804 notam
393 1768 422 1804 O
455 1770 540 1805 add.
563 1784 626 1814 αγς
662 1774 738 1806 iam
769 1775 938 1817 repetunt
968 1777 1049 1806 ΒΜ
1079 1771 1234 1816 quidam
1264 1785 1287 1813 y
1320 1770 1377 1806 ita
1407 1769 1616 1805 infelicitas

239 1819 387 1860 235,21
402 1838 448 1843 ——
462 1817 606 1853 invenit
636 1821 724 1862 236,
739 1822 771 1854 6.
811 1820 877 1855 hoc
903 1820 978 1855 loco
1009 1820 1102 1856 satis
1133 1820 1246 1855 habeo
1278 1819 1459 1855 adnotare
1489 1818 1617 1854 varias

241 1866 409 1901 lectiones
433 1867 619 1912 yraviores
643 1867 779 1903 codicis
803 1874 855 1903 B:
881 1867 950 1903 hos
978 1869 1094 1914 (meos
1120 1869 1286 1913 235,22>
1370 1867 1472 1913 quod
1497 1876 1617 1912 prope

241 1912 380 1948 civium
419 1914 591 1950 constitit
626 1915 828 1951 discrimen
860 1916 991 1952 omisso
1027 1916 1128 1962 quod
1163 1915 1329 1962 pretium
1365 1914 1618 1951 constituistis

242 1963 418 2008 (235,25)
487 1962 591 1998 lucro
661 1975 704 1999 ac
724 1964 853 1999 vesani
879 1976 946 2000 om.
1017 1965 1177 2001 accersit
1197 1976 1302 2000 amor
1350 1975 1447 2010 resp.
1470 1969 1489 1999 0
1513 1963 1618 1999 10011-

241 2009 380 2056 pletior
430 2012 687 2047 sacrosanctos
805 2015 825 2047 9
853 2012 1058 2058 decepistis
1085 2022 1104 2056 β
1214 2011 1534 2058 curumscripsisti
1559 2017 1617 2055 M3

241 2058 444 2094 circonscr-
464 2065 501 2094 Ρ
603 2063 647 2094 10
681 2062 835 2106 superat
860 2067 953 2095 BV&
1049 2065 1092 2096 12
1118 2061 1285 2097 vendisti
1310 2067 1360 2106 M,
1388 2060 1429 2096 di
1452 2072 1555 2107 supr.
1574 2074 1618 2095 m

243 2134 287 2166 15
313 2119 444 2166 vendis
469 2138 506 2166 Β
602 2132 784 2177 quicquid
816 2132 856 2168 in
887 2133 1040 2179 templis
1068 2134 1250 2179 quicquid
1281 2134 1322 2169 in
1348 2132 1523 2169 domibus
1548 2131 1617 2168 ha—

239 2178 372 2214 bemus
399 2188 419 2222 β
534 2179 748 2216 dominibus
774 2187 812 2216 Β
927 2186 970 2217 16
998 2182 1181 2228 quicquid
1206 2182 1246 2217 in
1271 2181 1426 2228 templis
1452 2192 1519 2218 om.
1541 2186 1622 2216 ΒΜ

243 2229 425 2274 (supr.m)
505 2231 548 2263 17
576 2239 806 2275 congregare
825 2236 871 2274 Β,
893 2241 983 2266 corr.
1000 2238 1022 2265 ὁ
1096 2231 1280 2266 fruffition
1310 2229 1513 2277 pecuniam
1539 2230 1617 2276 (pe-

242 2300 393 2336 cuniam
419 2300 529 2336 etia-m
554 2301 596 2346 V>
621 2278 832 2337 remetimur
857 2308 894 2337 B
970 2303 1212 2339 remetiemur
1241 2303 1325 2339 Obr.
1412 2305 1455 2337 19
1482 2301 1617 2338 eadem

241 2360 309 2385 om.
335 2355 364 2383 V
445 2352 491 2384 20
516 2350 682 2385 tecessus
709 2357 759 2394 M,
787 2361 836 2386 an
860 2362 961 2396 supr.
983 2365 1024 2386 m
1108 2355 1151 2387 21
1180 2351 1354 2398 triplum:
1380 2350 1617 2396 triumphum

241 2403 291 2440 M,
318 2408 408 2433 corr.
429 2411 472 2432 m
1598 2423 1601 2425 -
1625 2420 1628 2421 ν
