1638 2560
2 95 4 99 ,
478 113 797 154 DECLAMATIO
823 114 875 150 [X
902 118 1056 150 12-14.
1365 114 1451 157 179

74 243 204 281 neque
241 229 348 270 enim
383 229 463 269 nisi
500 229 665 280 opffimis
700 229 903 269 mentibus
940 230 1159 282 contingit,
1199 231 1247 268 ut
1284 230 1357 268 aut
1394 231 1452 268 sic

75 302 211 331 amare
247 291 378 330 sciant
414 291 487 329 aut
517 290 574 329 sic
605 291 735 328 amari
770 291 1010 329 mereantur.
1072 290 1149 330 hoc
1188 302 1263 342 ego
1298 290 1451 329 crimen

75 348 365 402 expavescam?
413 350 535 390 scires
566 351 719 401 quanto
745 362 863 400 opere
896 351 1104 402 gloriarer,
1134 351 1266 401 pater,
1298 351 1334 389 si
1358 363 1451 390 cum

75 413 205 452 amico
234 423 324 451 meo
355 423 430 463 ego
459 410 662 450 redissem.
724 412 804 450 nisi
836 410 942 450 forte
979 411 1246 450 similitudine
1276 410 1452 462 flagitio-

40 486 57 514 5
74 485 167 511 rum
196 471 340 511 ductus
370 472 482 522 turpi
512 484 576 510 me
608 471 892 510 coniunxeram
923 473 1081 521 iuveni,
1113 484 1216 522 quae
1247 471 1334 510 vita
1365 473 1451 511 sine

76 532 199 572 dubio
235 544 381 571 nomen
419 532 623 571 amicitiae
660 544 742 571 non
779 532 944 583 accipit3
980 533 1041 571 ita
1077 534 1215 571 tamen
1246 532 1299 571 ad
1334 533 1451 582 paria

74 593 246 632 ducente
276 594 425 632 natura
456 593 558 631 vifia
589 593 870 631 convenerant.
933 592 1044 631 obice
1074 593 1175 631 mihi
1207 593 1379 631 amicum
1411 595 1452 632 et

73 653 197 693 habes
221 652 486 693 maledicendi
510 653 734 692 materiam.
787 649 1005 704 ‘gladiator
1029 653 1119 703 fuit,
1150 666 1273 703 quare
1299 653 1450 692 amicus

74 713 184 754 illius
227 710 386 753 fuistiP'
455 715 533 762 ita,
578 713 733 764 opinor,
775 715 967 764 paenitet.
1036 713 1150 753 effers
1194 716 1235 753 te
1278 714 1451 766 longius,

19 788 56 817 ιο
74 773 200 824 dolor,
241 776 283 813 et
317 774 445 813 nimia
481 766 705 813 concitatus
742 775 804 812 ira
842 787 920 824 quo
957 774 1233 825 progrediare,
1270 787 1352 813 non
1388 788 1450 812 re—

74 835 206 886 spicis.
255 847 337 874 non
362 836 498 884 sen‘m's,
522 836 652 885 pater,
676 835 752 873 hoc
777 836 818 873 te
842 835 943 873 mihi
968 835 1134 885 obicere,
1154 835 1262 885 quod
1283 833 1449 874 vivam?
1471 835 1522 872 14

75 895 290 946 quisquam
315 895 363 934 de
395 895 468 934 illa
497 895 676 934 amicitia
703 895 816 945 queri
846 897 981 945 potest
1010 898 1173 945 praeter
1202 894 1450 946 pauperem?

166 951 240 994 ‘At
277 968 351 1007 ego
388 956 597 995 inimicum
633 954 830 994 habebam
866 955 977 995 illius
1008 952 1193 1006 patrem.'
1260 955 1450 995 decuerat

74 1015 236 1067 quidem
272 1016 499 1055 simultates
531 1028 630 1066 quas
667 1015 835 1054 maximi
871 1017 1051 1055 omnium
1089 1016 1325 1056 mortalium
1363 1029 1447 1056 esse

19 1089 54 1118 15
73 1076 236 1116 voluere
268 1077 487 1127 sapientes,
524 1077 568 1115 in
598 1077 661 1115 his
693 1076 890 1126 desinere,
923 1077 967 1114 in
1000 1077 1143 1127 quibus
1175 1079 1446 1116 nascerentur.

71 1150 168 1176 nam
210 1137 268 1175 sic
311 1149 472 1188 quoque
520 1137 756 1176 immodicas
800 1138 898 1176 serit
941 1137 1235 1177 discordiarum
1283 1138 1448 1176 fortuna

73 1209 227 1246 causas,
258 1198 418 1236 etiamsi
448 1210 529 1236 non
559 1197 804 1236 hereditaria
835 1198 1047 1237 subeamus
1080 1198 1186 1247 odia,
1218 1210 1265 1237 ac
1294 1198 1446 1237 diutius

70 1258 307 1297 inimicitiae
332 1259 523 1296 maneant
550 1270 670 1308 quam
695 1257 859 1297 inimici.
910 1260 1046 1297 tamen
1072 1259 1106 1298 si
1133 1259 1230 1309 quid
1255 1259 1446 1298 adversus

71 1319 113 1358 te
142 1319 230 1369 ipse
261 1319 461 1358 commisit
492 1317 741 1368 adulescens,
774 1320 828 1357 sit
857 1319 984 1358 hostis
1017 1320 1058 1358 et
1087 1331 1210 1358 meus.
1267 1321 1302 1358 si
1331 1320 1446 1358 inno-

16 1392 54 1419 2⁰
70 1379 159 1418 xius
191 1380 232 1418 et
262 1380 371 1418 omni
401 1390 548 1418 vacans
580 1380 700 1429 culpa
731 1379 942 1418 caritatem
972 1381 1118 1418 mereri
1142 1381 1265 1430 cupit,
1297 1380 1332 1419 si
1357 1380 1445 1418 nul-

69 1439 150 1478 lius
177 1452 241 1478 me
266 1440 387 1478 amici
410 1439 517 1479 filius
542 1439 718 1478 validius
745 1440 866 1489 amat,
899 1439 997 1490 quid
1021 1439 1185 1478 tandem
1211 1441 1285 1490 vis,
1315 1443 1446 1490 pater,

62 1511 256 1551 ‘respuam
287 1502 328 1539 et
356 1501 483 1538 iratas
510 1500 682 1539 obiciam
714 1499 885 1539 manus?
932 1502 979 1539 tu
1005 1513 1163 1550 quoque
1188 1513 1270 1539 non
1294 1501 1444 1540 odisses

69 1572 305 1611 pauperem,
343 1561 378 1599 si
413 1561 454 1599 te
492 1563 656 1599 amaret.
719 1560 862 1599 inserit
898 1573 940 1599 se
978 1562 1019 1600 et
1055 1560 1256 1601 beneficiis
1302 1563 1441 1600 certat.

70 1633 189 1660 noras
227 1620 520 1659 adulescentem
558 1622 694 1659 omnia
732 1621 838 1660 ultro
874 1623 1167 1671 praestantem,
1206 1623 1248 1661 et
1284 1623 1341 1661 sic
1377 1635 1443 1661 me

16 1693 52 1720 25
70 1680 246 1730 amabat,
277 1681 461 1730 quamvis
491 1682 539 1720 tu
565 1693 667 1720 esses
696 1681 881 1720 inimicus
912 1683 1052 1732 patris.
1103 1682 1228 1731 adice,
1259 1682 1294 1722 si
1325 1684 1443 1721 tanta

68 1741 112 1779 in
144 1741 396 1780 adulescente
427 1741 582 1780 indoles
613 1741 692 1780 fuit
724 1744 919 1792 quantam
949 1743 1062 1781 nulla
1092 1755 1271 1793 unquam
1297 1755 1442 1795 cogno-

69 1814 178 1858 vere!
199 1802 376 1850 saecula,
415 1803 450 1840 si
479 1801 578 1840 fides
615 1803 898 1852 antiquissima
935 1805 976 1841 et
1006 1815 1096 1842 cum
1129 1803 1293 1842 deorum
1325 1805 1441 1843 coetu

167 1895 186 1927 1
214 1891 367 1927 obtimis
399 1898 427 1926 V
508 1892 670 1939 contigit
695 1901 715 1936 β
812 1897 833 1928 3
860 1894 1093 1940 quantopere
1119 1900 1208 1937 Μβσ
1297 1894 1329 1930 si
1355 1905 1442 1930 eum

69 1940 232 1976 amicum
256 1951 381 1976 meum
408 1951 479 1987 ego
505 1941 748 1977 redemissem
774 1948 830 1986 Μ,
854 1943 1057 1988 genuinam
1082 1943 1267 1979 lectionem
1293 1942 1379 1978 add.
1400 1958 1443 1978 m

67 1992 204 2044 4ego
220 2000 286 2025 om.
313 1995 347 2034 V,
379 2001 479 2035 supr.
503 2001 602 2025 man.
623 1990 742 2026 altera
838 1990 1082 2026 redemissem
1106 1997 1159 2035 Β;
1191 1991 1389 2027 rediissem
1421 1997 1448 2026 V

69 2040 91 2072 6
121 2036 232 2083 paria
256 2038 299 2072 in
323 2049 396 2073 ras.
418 2044 442 2072 υ
541 2041 561 2073 7
589 2037 707 2073 obicis
734 2044 778 2073 Μ
870 2038 982 2074 mihi:
1015 2039 1029 2074 i
1053 2039 1157 2085 prior
1182 2040 1224 2075 in
1249 2051 1322 2076 ras.
1343 2045 1368 2074 ιι

69 2088 90 2120 9
115 2085 220 2121 illius
239 2087 413 2122 omissum
431 2097 532 2132 supr.
548 2092 600 2131 Β;
627 2086 707 2122 eius
733 2093 761 2121 V
829 2086 938 2123 effert
956 2095 984 2122 <r
1052 2087 1203 2134 longior
1221 2094 1272 2132 Μ,
1291 2099 1384 2124 corr.
1398 2102 1441 2122 m

70 2136 115 2169 10
143 2133 294 2170 concita
319 2140 370 2178 Μ,
394 2135 457 2170 tus
482 2145 583 2180 supr.
604 2149 646 2170 m
744 2139 789 2171 14
815 2135 972 2171 maximi
997 2146 1064 2171 om.
1091 2142 1132 2180 V,
1157 2136 1322 2172 maxime
1348 2144 1370 2171 ς’

66 2181 245 2218 mortales
272 2190 294 2217 e
369 2186 412 2218 15
438 2182 641 2219 noluerunt
666 2189 704 2218 P
773 2184 957 2230 sapientis
979 2190 1049 2219 BV
1118 2188 1163 2220 23
1188 2184 1383 2220 interserit
1402 2191 1445 2219 Μ

68 2269 113 2302 24
139 2266 267 2302 omnia
293 2278 361 2303 om.
382 2273 425 2302 Μ
507 2271 553 2303 25
578 2242 822 2304 tgssffisimicus
844 2274 882 2303 Β
952 2269 1055 2314 patri
1081 2275 1166 2311 Μβα
1249 2273 1294 2304 26
1320 2280 1438 2315 quan-

66 2316 148 2350 tum
173 2321 255 2359 ΒΥ,
281 2317 426 2360 quanta
446 2322 488 2350 Μ
582 2315 747 2351 nulla—
761 2316 915 2352 saecula
939 2328 1007 2353 om.
1028 2323 1083 2361 Β,
1114 2328 1343 2362 unquam—
1358 2328 1439 2352 sae-

67 2362 154 2399 cula
178 2374 245 2399 om.
267 2369 311 2398 Μ
405 2367 449 2399 27
484 2364 515 2399 si
542 2365 713 2401 mnissum
738 2377 840 2411 supr.
855 2371 907 2409 Β,
940 2365 991 2400 sit
1016 2371 1060 2400 Μ
1154 2365 1437 2411 antiquissima:

67 2411 235 2457 antiquis
260 2413 299 2447 et
324 2423 399 2448 una
423 2419 452 2447 V
485 2434 492 2444 .

1151 2474 1221 2509 12*
