1638 2560
169 115 265 159 336
566 111 768 149 INFAMIS
793 111 847 147 IN
872 109 1086 147 MATREM
1110 109 1146 146 II

794 321 919 369 XIX.

455 430 726 481 INFAMIS
764 430 838 478 IN
875 429 1158 478 MATR-EM
1195 428 1257 477 II.

167 566 318 606 MALAE
345 577 648 606 TRAc'rATmNIs
670 578 734 604 sm*
754 577 892 604 Acrio.
938 564 1173 615 Speciosum
1190 563 1320 603 filium
1338 563 1544 614 infamem,

227 630 423 678 tanquam
462 627 659 666 incestum
700 638 789 664 cum
829 627 959 665 matre
1000 625 1270 664 committeret
1309 625 1354 663 in
1391 626 1544 665 secreta

229 688 367 727 domus
397 689 514 738 parte
545 688 662 738 pater
686 687 807 726 torsit
838 688 878 725 et
910 686 1057 725 occidit
1086 687 1130 725 in
1161 686 1386 736 tormentis,
1416 685 1542 724 inter·
1581 699 1597 726 5

226 742 346 800 rogat
376 749 493 787 illum
518 749 648 786 mater
675 747 772 797 quid
798 760 843 786 ex
869 748 1013 786 iuvene
1039 747 1289 798 compererit.
1339 746 1544 786 nolentem

229 809 359 848 dicere
390 809 522 848 malae
553 809 808 847 tractationis
842 810 1016 847 accusat.

123 946 143 981 1
262 941 493 980 Debebatur
523 941 684 992 quidem
715 942 971 980 tristissimae
1004 941 1191 980 orbitatis
1216 940 1363 980 misero
1387 939 1546 991 pudori⁷

171 1003 216 1040 ut
246 1002 330 1041 iam
365 1003 588 1041 taceremus
621 1014 775 1051 ornnes,
814 1004 854 1040 et
884 1002 977 1052 post
1007 1003 1094 1041 tam
1127 1001 1380 1053 prodigiosas
1410 1012 1547 1040 rerum

171 1075 479 1112 sermonumque
518 1063 718 1101 novitates
757 1064 1009 1112 oportuerat,
1047 1063 1122 1102 hoc
1160 1074 1244 1101 esse
1282 1062 1545 1102 novissimum
1566 1075 1602 1102 ιο

172 1122 219 1161 de
256 1123 374 1162 malis
411 1123 708 1162 infelicissimae
747 1123 888 1162 domus
934 1123 1040 1173 quod
1085 1122 1213 1161 occidi
1252 1121 1382 1162 filium
1418 1123 1546 1173 pater.

173 1182 241 1220 sed
267 1184 458 1232 quoniam
483 1184 627 1222 mulier
652 1183 844 1222 inmodici
870 1196 1025 1234 semper
1051 1183 1232 1222 adfectus
1258 1195 1379 1233 super
1403 1184 1548 1222 cuncta

173 1256 274 1293 quae
305 1244 371 1282 vel
401 1256 541 1293 passus
574 1257 662 1282 sum
692 1244 813 1294 paulo
846 1246 958 1293 ante,
990 1245 1055 1283 vel
1086 1244 1181 1294 feci,
1217 1245 1354 1283 reatus
1386 1256 1548 1294 quoque

172 1316 234 1342 me
267 1303 402 1342 dolore
434 1301 642 1354 concussit,
675 1304 766 1343 veni
798 1305 998 1355 petiturus
1031 1317 1056 1343 a
1084 1305 1212 1354 vobis,
1242 1317 1293 1343 ne
1324 1317 1388 1343 me
1419 1304 1545 1343 scien-

171 1366 254 1403 tem
298 1364 502 1403 silentium
543 1365 791 1404 contentioni
834 1367 1040 1415 praestare
1082 1365 1264 1404 credatis.
1327 1377 1408 1404 non
1450 1364 1548 1415 quia
1566 1377 1600 1405 1⁵

173 1424 300 1462 occidi
330 1424 458 1463 filium
489 1427 620 1475 taceo,
659 1426 728 1464 sed
759 1427 912 1464 occisus
945 1428 1017 1475 est,
1049 1428 1096 1465 ut
1126 1427 1312 1465 tacerem.
1375 1426 1546 1474 utinam,

172 1484 334 1534 iudices,
366 1497 511 1536 negare
544 1498 702 1536 possem
734 1486 840 1536 quod
867 1487 1006 1536 occidi,
1038 1486 1195 1525 utinam
1219 1488 1353 1525 totum
1377 1485 1546 1525 miserae

172 1611 299 1648 tiliam'
324 1611 420 1647 bene
445 1612 600 1647 infamis
626 1613 666 1647 in
690 1614 851 1648 matrem
878 1613 1044 1659 explicit.
1095 1613 1236 1659 Incipit
1261 1612 1432 1649 eiusdem
1456 1623 1546 1659 pars

174 1659 294 1695 altera
320 1662 429 1706 pater
455 1661 510 1695 ait
537 1661 633 1707 (agit
658 1663 696 1707 S)
725 1672 879 1697 causam
905 1671 924 1704 β

270 1737 290 1767 2
318 1734 448 1769 titulus
474 1733 570 1769 deest
594 1733 636 1767 in
657 1739 694 1768 Β
766 1737 787 1768 3
816 1710 1028 1770 speeiosum
1051 1741 1088 1769 Β
1161 1738 1181 1769 5
1208 1735 1318 1780 pater
1343 1735 1453 1780 parte
1478 1745 1547 1770 om.

173 1786 224 1825 M,
248 1792 349 1827 supr.
370 1795 412 1816 m
487 1785 507 1816 6
534 1781 774 1827 compererit:
802 1782 815 1816 i
841 1794 885 1818 ex
908 1793 928 1817 e
947 1789 984 1818 Β
1052 1787 1140 1828 post
1165 1784 1320 1818 accusat
1342 1785 1549 1828 sequuntur

173 1830 282 1865 verba
314 1829 733 1865 debebatur—misero
761 1831 782 1866 l.
810 1833 846 1875 8,
886 1835 963 1867 tum
1000 1831 1132 1866 BENE
1169 1830 1384 1866 INFAMIS.
1422 1830 1548 1866 PARS

173 1877 371 1913 ALTERA
396 1879 512 1914 minio
533 1879 659 1923 picta;
684 1882 762 1914 tum
780 1890 877 1915 nova
896 1880 938 1914 in
964 1881 1083 1924 linem
1108 1879 1246 1926 pudori
1264 1891 1338 1925 sqq.
1365 1885 1394 1914 V
1438 1888 1548 1915 accu-

175 1938 243 1973 sat.
295 1937 431 1973 EXPL.
459 1938 570 1974 ARG.
598 1938 691 1974 ICIP
718 1931 797 1973 LE}
821 1926 879 1973 De
905 1939 997 1975 eade
1023 1939 1088 1975 RE
1109 1939 1208 1983 QVE
1235 1938 1395 1976 SVPRA
1419 1939 1547 1975 mim'o.

174 2023 216 2058 in
240 2033 356 2069 marg.
384 2021 563 2057 CAVSA·
579 1997 658 2078 xi}z
680 2030 722 2058 M
802 2023 904 2059 Bene
923 2024 1076 2067 infamis
1096 2024 1188 2060 Pars
1214 2024 1337 2061 altera.
1355 2024 1503 2080 (minio)
1522 2029 1549 2058 s

174 2070 1392 2167 quiaSiugfflezbssltfflg-Sssffgrgrgggsgrhnczdgfidgaglogaus(cfficzl⁸3
1411 2072 1548 2166 1111ξέᾆῖ

174 2172 225 2212 Μ,
244 2167 287 2202 in
311 2179 426 2214 mary.
454 2168 540 2202 add.
568 2169 719 2203 initium
744 2168 913 2204 sollemne
931 2183 974 2203 m
1071 2170 1259 2215 pudorum
1278 2175 1324 2213 B,
1347 2179 1442 2205 corr.
1463 2175 1487 2203 b

174 2218 196 2249 9
220 2225 454 2251 maceremus
480 2222 560 2250 ΒΜ
666 2227 794 2252 omnes
820 2228 888 2252 om.
910 2223 954 2252 M
1062 2221 1105 2253 10
1132 2228 1206 2263 que
1232 2219 1274 2253 in
1297 2229 1372 2253 ras.
1398 2217 1487 2253 add.
1507 2230 1550 2251 m

176 2266 218 2299 11
247 2263 380 2299 damus
405 2270 480 2309 BV,
507 2275 599 2300 corr.
620 2271 658 2299 Β
754 2268 799 2300 13
831 2264 906 2300 feci
931 2264 985 2300 fel
1009 2266 1072 2302 sed
1098 2270 1238 2312 transp.
1267 2266 1399 2302 omisso
1423 2264 1485 2300 vel
1507 2270 1550 2308 νς

173 2310 234 2347 vel
258 2323 326 2348 om.
348 2320 376 2347 «r
480 2316 525 2347 14
558 2312 686 2348 dolore
712 2324 771 2348 me
798 2319 866 2348 Md
961 2314 1078 2348 cussit
1103 2321 1156 2358 Β,
1189 2313 1376 2360 percussit
1401 2319 1458 2357 Π,
1490 2312 1551 2348 vel

175 2371 260 2395 cum
286 2358 404 2396 cussit
428 2374 472 2395 m
571 2364 614 2396 16
642 2361 708 2396 sed
723 2362 948 2396 —tacerem
974 2363 1029 2397 bis
1055 2368 1098 2405 Ρ,
1126 2363 1193 2398 del.
1214 2377 1241 2402 p
1333 2365 1376 2397 17
1403 2359 1550 2397 iudices

174 2419 314 2455 negare
341 2409 418 2456 (sed
440 2411 597 2455 transp.)
624 2419 765 2455 negare
789 2416 818 2444 V
885 2409 1065 2446 miserere
1090 2417 1117 2445 V
1185 2410 1347 2446 miserae
1368 2411 1492 2445 totum
1512 2414 1555 2444 Μ
