1638 2560
459 120 778 160 DECLAMATIO
803 120 857 158 IV
877 124 1031 157 15—17.
1380 120 1438 164 83

63 252 235 291 quorum
259 237 407 278 scelere
430 237 607 278 violatus
633 237 718 276 dies
743 236 939 275 mundum
965 235 1099 276 subito
1124 237 1314 286 mutavit,
1341 249 1441 287 quos

61 296 191 354 (per)
214 298 344 339 maria
374 299 585 348 terrasque
616 299 818 350 fugientes
849 297 1016 336 furiales
1047 297 1156 336 faces
1184 298 1225 336 et
1249 296 1442 336 ultricum

62 361 229 401 dearum
258 361 389 399 terror
419 358 604 411 agitavit.

149 420 322 461 Necesse
347 420 408 460 est
433 422 474 459 et
498 421 670 459 maiores
697 420 815 458 notas
840 419 1013 458 ventura
1036 418 1305 469 praemittant
1338 430 1441 468 quae

26 496 42 523 5
61 495 144 522 non
161 483 311 521 temere
330 482 562 520 nascuntur.
601 481 658 520 sic
683 481 842 519 futuras
861 480 1123 530 tempestates
1149 479 1286 531 pelagi
1305 479 1444 531 fragor

60 545 102 583 et
132 542 337 582 conscium
368 554 577 581 nemorum
607 554 790 580 murmur
828 540 1034 590 enuntiat,
1072 540 1130 579 sic
1169 540 1442 590 periturorum

60 604 148 643 fata
183 603 427 654 populorum
472 602 658 641 ardentes
698 602 808 641 caelo
847 601 955 640 faces
994 602 1035 640 et
1073 600 1220 639 crinita
1263 601 1443 640 siderum

59 663 223 703 flamma
252 662 487 714 praecurrit.

150 723 416 763 Pmedicebar
451 723 576 773 bello,
613 722 870 762 monstrabar
908 723 1049 772 armis,
1088 722 1236 773 agebat
1273 723 1368 761 ante
1399 734 1440 761 se
1460 721 1510 760 17

7 799 42 826 10
61 786 234 825 ventura
263 784 405 824 feritas
436 783 621 834 publicas
653 783 924 834 calamitates,
958 784 998 822 et
1030 783 1211 822 omnium
1241 783 1441 822 malorum

61 845 405 886 consummatione
441 844 645 895 parricida
682 843 871 895 ponebar.
936 844 980 882 at
1012 844 1046 883 si
1077 856 1183 883 nunc
1213 844 1295 883 ista
1324 844 1443 894 putet

61 907 210 957 aliquis
240 906 422 956 fortuito,
454 918 535 945 non
567 907 654 944 arte
686 905 838 954 sentiri,
870 905 1000 955 possit
1032 904 1202 943 fortasse
1230 917 1327 943 casu
1353 917 1441 943 eve-

59 968 147 1006 nire
180 967 287 1018 quod
318 967 501 1005 futurum
540 965 611 1015 sit,
649 979 730 1005 non
766 967 902 1016 potest
934 978 1028 1005 casu
1066 964 1153 1004 fieri
1186 965 1294 1015 quod
1324 978 1440 1015 prae-

60 1027 214 1067 dictum
251 1028 323 1066 est.
387 1028 428 1066 et
465 1026 628 1077 quando
666 1039 864 1076 unquam,
902 1028 1031 1076 pater,
1076 1026 1271 1076 explicuit
1312 1026 1440 1064 mani-

6 1101 41 1129 15
60 1089 203 1128 festius
240 1088 364 1127 ullius
401 1088 478 1127 fati
509 1087 790 1126 necessitatem
821 1088 932 1126 totus
964 1086 1061 1126 ordo
1093 1087 1303 1137 responsi?
1365 1087 1440 1137 vir,

58 1149 204 1200 inquit,
223 1149 427 1189 nascetur:
454 1148 598 1187 evenit.
643 1147 892 1197 educabitur,
911 1147 1095 1198 quamvis
1117 1144 1440 1199 <parricidium>

58 1209 312 1261 praedictum
338 1210 409 1248 sit:
436 1208 593 1248 accidit.
643 1209 853 1259 perveniet
879 1207 931 1246 ad
955 1208 1146 1247 iuventae
1171 1207 1312 1246 robur:
1345 1208 1438 1247 ado-

58 1269 150 1310 levi.
214 1269 368 1309 viribus
401 1269 477 1308 erit
508 1269 766 1320 conspicuus:
799 1269 960 1308 eminui.
1013 1269 1185 1307 aderunt
1215 1268 1341 1307 bella:
1374 1282 1440 1307 ve-

58 1331 215 1370 nerunt.
272 1331 350 1369 ibit
380 1331 424 1369 in
456 1330 583 1369 aciem
614 1332 656 1369 te
686 1330 865 1369 volente:
897 1329 1055 1368 misisti.
1107 1329 1268 1368 fortiter
1299 1330 1439 1368 faciet:

4 1404 40 1431 20
59 1391 146 1431 feci.
211 1390 289 1430 erit
316 1390 540 1442 parricida:
573 1391 607 1430 si
638 1391 787 1430 vixero.

150 1451 206 1501 Si,
236 1453 365 1502 pater,
396 1453 534 1491 tamen
559 1452 735 1490 secretae
760 1450 1066 1502 profundaeque
1094 1451 1193 1490 artis
1219 1450 1325 1489 ratio
1350 1450 1439 1490 red-

59 1512 190 1552 denda
222 1514 294 1562 est,
329 1525 461 1551 nonne
491 1511 640 1551 habere
670 1512 748 1550 tibi
780 1511 931 1564 grande
963 1511 1210 1551 consortium
1241 1510 1441 1561 praedicti

58 1573 220 1612 videtur
247 1574 338 1624 ipsa
363 1570 605 1612 diversitas?
655 1573 788 1611 virum
815 1572 962 1611 fortem
987 1571 1090 1610 dixit
1116 1573 1156 1611 et
1181 1572 1438 1622 parricidam.

58 1633 194 1672 vicina
225 1635 319 1673 sunt
348 1633 459 1682 haec,
491 1633 615 1672 etiam
641 1635 688 1672 ut
712 1633 944 1683 dissimilia3
975 1634 1093 1683 paria
1117 1632 1282 1683 viribus,
1316 1634 1440 1672 etiam

4 1706 39 1733 25
59 1695 106 1733 ut
136 1695 270 1733 mente
296 1693 546 1732 dissentiant.
599 1693 697 1744 quid
722 1693 829 1733 enim
860 1706 923 1732 me
950 1693 1062 1732 aliud
1088 1693 1311 1733 notabilem
1341 1694 1439 1732 fecit

58 1755 99 1793 in
125 1754 231 1794 bello
258 1767 381 1804 quam
407 1754 514 1804 quod
539 1766 620 1793 non
645 1767 768 1805 parco
795 1754 995 1804 caedibus,
1028 1767 1167 1793 cruore
1192 1766 1274 1793 non
1301 1755 1438 1805 satior,

58 1815 243 1854 exultans
282 1827 402 1865 super
438 1816 659 1854 stratorum
690 1827 903 1866 corporum
935 1816 1108 1866 strages,
1139 1815 1438 1866 palpitantibus
1502 1811 1504 1813 ’

59 1875 189 1915 adhuc
220 1875 482 1915 cadaveribus
514 1875 648 1914 alacer
678 1874 850 1915 insisto?
900 1876 1065 1914 virtutis
1098 1877 1193 1916 sunt
1223 1876 1315 1926 ista,
1348 1889 1439 1915 cum

155 2019 174 2050 1
208 2014 372 2050 violatus
399 2016 457 2050 est
482 2015 563 2051 dies
589 2015 723 2051 mundi
754 2025 773 2059 β
890 2019 911 2050 2
938 2026 1006 2062 per
1032 2023 1072 2051 s:
1101 2027 1168 2052 om.
1190 2031 1220 2051 ω
1324 2014 1439 2050 timor

57 2064 96 2099 et
119 2075 155 2098 u.
184 2063 219 2098 d.
246 2065 367 2099 terror
393 2064 437 2100 Κ
441 2064 511 2100 lotz
585 2067 607 2098 4
640 2065 694 2100 et:
721 2065 765 2099 ut
790 2069 834 2098 M
903 2064 1156 2110 praemittant
1181 2064 1324 2100 Lucas:
1350 2075 1438 2109 pro-

55 2111 215 2147 mittunt
241 2126 270 2147 ω
370 2115 389 2147 7
416 2111 535 2148 faces:
563 2111 663 2148 feces
689 2119 726 2147 P
747 2112 810 2149 sed
835 2111 872 2147 fe
898 2114 940 2149 in
965 2124 1038 2149 ras.
1139 2116 1160 2148 9
1186 2111 1439 2158 praedicabar

56 2166 127 2195 BV
209 2164 251 2195 11
280 2160 565 2196 consumatione
596 2167 625 2195 V
704 2164 748 2196 14
775 2160 973 2206 ecquando
1000 2167 1065 2196 Md
1141 2164 1185 2196 15
1211 2160 1327 2196 ullius
1354 2166 1436 2196 Md:

56 2207 161 2244 illius
180 2214 266 2251 ΒΥβ
288 2227 292 2230 >
340 2208 431 2244 ordo
452 2220 519 2245 om.
541 2215 569 2243 V
637 2209 834 2256 responsi}
857 2216 911 2254 33
936 2209 1128 2255 responsit
1151 2216 1191 2254 1'3
1217 2208 1398 2255 respondi
1419 2217 1438 2252 β

58 2283 103 2316 16
129 2280 377 2327 parricidium
402 2292 471 2317 om.
492 2296 539 2326 ως
566 2281 652 2317 add.
676 2290 697 2316 ς
814 2285 858 2317 17
884 2281 1092 2318 iuventutis
1116 2288 1160 2317 Μ
1272 2269 1385 2326 τοῦὅι·
1415 2287 1444 2315 t·

59 2332 103 2365 18
130 2329 272 2365 eminui
298 2330 350 2366 H.
366 2341 405 2375 p.
421 2332 486 2366 57:
520 2331 559 2365 et
585 2330 699 2366 armis
731 2342 776 2366 ex
808 2331 847 2366 et
871 2329 985 2366 nimis
1011 2337 1063 2374 B3
1097 2331 1136 2366 et
1164 2330 1278 2365 nimis
1310 2336 1436 2374 ΓΜβσς

58 2378 97 2413 et
120 2377 234 2413 minis
261 2386 283 2412 e
363 2381 409 2413 20
435 2389 511 2423 ero,
538 2378 570 2414 si
596 2378 722 2414 vixero
749 2379 824 2414 Bu.
920 2382 963 2414 21
996 2379 1142 2414 tamen:
1170 2380 1251 2414 tam
1276 2393 1341 2420 my

59 2428 104 2460 26
131 2425 171 2461 in
196 2425 298 2461 bello
324 2426 533 2462 notabilem
560 2426 652 2462 fecit
678 2435 697 2470 β
795 2430 840 2462 27
867 2426 1116 2473 palpantibus
1142 2433 1175 2462 J

1171 2487 1218 2521 6.
