<?xml version="1.0" encoding="UTF-8"?>
<!DOCTYPE html PUBLIC "-//W3C//DTD XHTML 1.0 Transitional//EN"
    "http://www.w3.org/TR/xhtml1/DTD/xhtml1-transitional.dtd">
<html xmlns="http://www.w3.org/1999/xhtml" xml:lang="en" lang="en">
 <head>
  <title>
</title>
<meta http-equiv="Content-Type" content="text/html;charset=utf-8" />
  <meta name='ocr-system' content='tesseract 3.04.00' />
  <meta name='ocr-capabilities' content='ocr_page ocr_carea ocr_par ocr_line ocrx_word'/>
</head>
<body>
  <div class='ocr_page' id='page_1' title='image "./quintilianiquaef00lehnuoft_0131.png"; bbox 0 0 1638 2560; ppageno 0'>
   <div class='ocr_carea' id='block_1_1' title="bbox 521 98 1474 142">
    <p class='ocr_par' dir='ltr' id='par_1_1' title="bbox 521 98 1474 142">
     <span class='ocr_line' id='line_1_1' title="bbox 521 98 1474 142; baseline -0.001 -7"><span class='ocrx_word' id='word_1_1' title='bbox 521 98 840 135; x_wconf 79' lang='lat' dir='ltr'>DECLAMATIO</span> <span class='ocrx_word' id='word_1_2' title='bbox 864 98 901 134; x_wconf 90' lang='lat' dir='ltr'><strong>V</strong></span> <span class='ocrx_word' id='word_1_3' title='bbox 926 102 1032 135; x_wconf 80' lang='lat'><strong>6-8.</strong></span> <span class='ocrx_word' id='word_1_4' title='bbox 1414 98 1474 142; x_wconf 83' lang='lat'>95</span> 
     </span>
    </p>
   </div>
   <div class='ocr_carea' id='block_1_2' title="bbox 38 213 1522 1963">
    <p class='ocr_par' dir='ltr' id='par_1_2' title="bbox 38 213 1522 1963">
     <span class='ocr_line' id='line_1_2' title="bbox 94 213 1474 265; baseline -0.001 -12"><span class='ocrx_word' id='word_1_5' title='bbox 94 213 144 254; x_wconf 89' lang='lat' dir='ltr'>de</span> <span class='ocrx_word' id='word_1_6' title='bbox 173 215 317 253; x_wconf 83' lang='lat' dir='ltr'>mutua</span> <span class='ocrx_word' id='word_1_7' title='bbox 348 213 517 253; x_wconf 84' lang='lat' dir='ltr'>caritate</span> <span class='ocrx_word' id='word_1_8' title='bbox 548 215 786 254; x_wconf 82' lang='lat' dir='ltr'>reverentia.</span> <span class='ocrx_word' id='word_1_9' title='bbox 843 214 994 254; x_wconf 86' lang='lat' dir='ltr'>collisis</span> <span class='ocrx_word' id='word_1_10' title='bbox 1025 225 1263 265; x_wconf 83' lang='lat' dir='ltr'><strong>prospexere</strong></span> <span class='ocrx_word' id='word_1_11' title='bbox 1293 213 1474 265; x_wconf 86' lang='lat' dir='ltr'>pignori-</span> 
     </span>
     <span class='ocr_line' id='line_1_3' title="bbox 93 273 1475 325; baseline -0.001 -11"><span class='ocrx_word' id='word_1_12' title='bbox 93 275 170 315; x_wconf 76' lang='lat' dir='ltr'>bus</span> <span class='ocrx_word' id='word_1_13' title='bbox 200 276 242 314; x_wconf 88' lang='lat' dir='ltr'>et</span> <span class='ocrx_word' id='word_1_14' title='bbox 268 275 377 314; x_wconf 89' lang='lat' dir='ltr'>inter</span> <span class='ocrx_word' id='word_1_15' title='bbox 405 275 493 314; x_wconf 85' lang='lat' dir='ltr'>tam</span> <span class='ocrx_word' id='word_1_16' title='bbox 522 275 772 314; x_wconf 83' lang='lat' dir='ltr'>venerabiles</span> <span class='ocrx_word' id='word_1_17' title='bbox 804 274 985 314; x_wconf 84' lang='lat' dir='ltr'>adfectus</span> <span class='ocrx_word' id='word_1_18' title='bbox 1016 275 1092 314; x_wconf 90' lang='lat' dir='ltr'>hoc</span> <span class='ocrx_word' id='word_1_19' title='bbox 1118 287 1278 325; x_wconf 91' lang='lat' dir='ltr'>quoque</span> <span class='ocrx_word' id='word_1_20' title='bbox 1304 273 1475 325; x_wconf 85' lang='lat' dir='ltr'>dignum</span> 
     </span>
     <span class='ocr_line' id='line_1_4' title="bbox 92 334 1474 387; baseline -0.001 -12"><span class='ocrx_word' id='word_1_21' title='bbox 92 335 351 387; x_wconf 81' lang='lat' dir='ltr'>providentia</span> <span class='ocrx_word' id='word_1_22' title='bbox 380 335 473 385; x_wconf 84' lang='lat' dir='ltr'>fuit,</span> <span class='ocrx_word' id='word_1_23' title='bbox 503 336 551 374; x_wconf 91' lang='lat' dir='ltr'>ut</span> <span class='ocrx_word' id='word_1_24' title='bbox 582 335 739 386; x_wconf 86' lang='lat' dir='ltr'>aliquid</span> <span class='ocrx_word' id='word_1_25' title='bbox 770 336 812 374; x_wconf 90' lang='lat' dir='ltr'>et</span> <span class='ocrx_word' id='word_1_26' title='bbox 842 335 937 374; x_wconf 86' lang='lat' dir='ltr'>odia</span> <span class='ocrx_word' id='word_1_27' title='bbox 966 336 1232 386; x_wconf 73' lang='lat' dir='ltr'>praestarent.</span> <span class='ocrx_word' id='word_1_28' title='bbox 1285 334 1474 385; x_wconf 89' lang='lat' dir='ltr'>quereris,</span> 
     </span>
     <span class='ocr_line' id='line_1_5' title="bbox 92 394 1475 447; baseline -0.002 -11"><span class='ocrx_word' id='word_1_29' title='bbox 92 395 296 446; x_wconf 68' lang='lat' dir='ltr'>iratam-is,</span> <span class='ocrx_word' id='word_1_30' title='bbox 333 397 375 435; x_wconf 89' lang='lat' dir='ltr'>et</span> <span class='ocrx_word' id='word_1_31' title='bbox 410 395 502 434; x_wconf 89' lang='lat' dir='ltr'>ideo</span> <span class='ocrx_word' id='word_1_32' title='bbox 540 395 701 435; x_wconf 89' lang='lat' dir='ltr'>iuberis.</span> <span class='ocrx_word' id='word_1_33' title='bbox 765 395 1056 447; x_wconf 81' lang='lat' dir='ltr'>expectandum</span> <span class='ocrx_word' id='word_1_34' title='bbox 1094 397 1156 435; x_wconf 88' lang='lat' dir='ltr'>est</span> <span class='ocrx_word' id='word_1_35' title='bbox 1186 394 1394 445; x_wconf 83' lang='lat' dir='ltr'>videlicet,</span> <span class='ocrx_word' id='word_1_36' title='bbox 1428 397 1475 433; x_wconf 91' lang='lat' dir='ltr'>ut</span> 
     </span>
     <span class='ocr_line' id='line_1_6' title="bbox 59 456 1475 507; baseline -0.002 -10"><span class='ocrx_word' id='word_1_37' title='bbox 59 470 77 497; x_wconf 81' lang='lat'><strong>5</strong></span> <span class='ocrx_word' id='word_1_38' title='bbox 95 456 313 496; x_wconf 83' lang='lat' dir='ltr'>liberorum</span> <span class='ocrx_word' id='word_1_39' title='bbox 342 458 637 507; x_wconf 86' lang='lat' dir='ltr'>parentumque</span> <span class='ocrx_word' id='word_1_40' title='bbox 663 456 919 496; x_wconf 80' lang='lat' dir='ltr'><strong>concordiam</strong></span> <span class='ocrx_word' id='word_1_41' title='bbox 942 457 1152 507; x_wconf 77' lang='lat' dir='ltr'>perferant</span> <span class='ocrx_word' id='word_1_42' title='bbox 1174 456 1303 496; x_wconf 87' lang='lat' dir='ltr'>totius</span> <span class='ocrx_word' id='word_1_43' title='bbox 1328 456 1475 495; x_wconf 86' lang='lat' dir='ltr'>merita</span> 
     </span>
     <span class='ocr_line' id='line_1_7' title="bbox 94 516 1475 569; baseline -0.001 -12"><span class='ocrx_word' id='word_1_44' title='bbox 94 517 217 568; x_wconf 72' lang='lat' dir='ltr'>vitae,</span> <span class='ocrx_word' id='word_1_45' title='bbox 247 518 289 556; x_wconf 90' lang='lat' dir='ltr'>et</span> <span class='ocrx_word' id='word_1_46' title='bbox 318 519 367 556; x_wconf 88' lang='lat' dir='ltr'>ut</span> <span class='ocrx_word' id='word_1_47' title='bbox 395 518 541 568; x_wconf 86' lang='lat' dir='ltr'>pietas,</span> <span class='ocrx_word' id='word_1_48' title='bbox 571 519 732 567; x_wconf 88' lang='lat' dir='ltr'>natura,</span> <span class='ocrx_word' id='word_1_49' title='bbox 765 518 932 569; x_wconf 88' lang='lat' dir='ltr'>sanguis</span> <span class='ocrx_word' id='word_1_50' title='bbox 964 517 1168 568; x_wconf 88' lang='lat' dir='ltr'>accipiant</span> <span class='ocrx_word' id='word_1_51' title='bbox 1193 516 1340 556; x_wconf 86' lang='lat' dir='ltr'>cotidie</span> <span class='ocrx_word' id='word_1_52' title='bbox 1370 518 1475 555; x_wconf 87' lang='lat' dir='ltr'>tam-</span> 
     </span>
     <span class='ocr_line' id='line_1_8' title="bbox 95 576 1473 629; baseline -0.001 -12"><span class='ocrx_word' id='word_1_53' title='bbox 95 590 218 629; x_wconf 85' lang='lat' dir='ltr'>quam</span> <span class='ocrx_word' id='word_1_54' title='bbox 255 577 460 617; x_wconf 78' lang='lat' dir='ltr'>amicitiae</span> <span class='ocrx_word' id='word_1_55' title='bbox 496 590 661 628; x_wconf 83' lang='lat' dir='ltr'>nexum,</span> <span class='ocrx_word' id='word_1_56' title='bbox 699 580 740 616; x_wconf 88' lang='lat' dir='ltr'>et</span> <span class='ocrx_word' id='word_1_57' title='bbox 770 578 851 617; x_wconf 90' lang='lat' dir='ltr'>nisi</span> <span class='ocrx_word' id='word_1_58' title='bbox 880 590 952 618; x_wconf 88' lang='lat' dir='ltr'>vos</span> <span class='ocrx_word' id='word_1_59' title='bbox 989 577 1329 628; x_wconf 88' lang='lat' dir='ltr'>promeruerimus</span> <span class='ocrx_word' id='word_1_60' title='bbox 1362 576 1473 616; x_wconf 90' lang='lat' dir='ltr'>obse-</span> 
     </span>
     <span class='ocr_line' id='line_1_9' title="bbox 95 637 1475 691; baseline -0.001 -13"><span class='ocrx_word' id='word_1_61' title='bbox 95 638 214 689; x_wconf 85' lang='lat' dir='ltr'>quiis‚</span> <span class='ocrx_word' id='word_1_62' title='bbox 239 637 486 689; x_wconf 69' lang='lat' dir='ltr'>adulatione,</span> <span class='ocrx_word' id='word_1_63' title='bbox 511 639 724 689; x_wconf 88' lang='lat' dir='ltr'>patientia,</span> <span class='ocrx_word' id='word_1_64' title='bbox 749 639 918 689; x_wconf 82' lang='lat' dir='ltr'>natales,</span> <span class='ocrx_word' id='word_1_65' title='bbox 942 641 1054 678; x_wconf 78' lang='lat' dir='ltr'>ortus</span> <span class='ocrx_word' id='word_1_66' title='bbox 1080 639 1122 677; x_wconf 92' lang='lat' dir='ltr'>et</span> <span class='ocrx_word' id='word_1_67' title='bbox 1145 639 1318 691; x_wconf 86' lang='lat' dir='ltr'>pignora</span> <span class='ocrx_word' id='word_1_68' title='bbox 1342 639 1475 688; x_wconf 85' lang='lat' dir='ltr'>prima</span> 
     </span>
     <span class='ocr_line' id='line_1_10' title="bbox 92 696 332 750; baseline -0.004 -12"><span class='ocrx_word' id='word_1_69' title='bbox 92 696 332 750; x_wconf 81' lang='lat' dir='ltr'>perierunt?</span> 
     </span>
     <span class='ocr_line' id='line_1_11' title="bbox 39 758 1522 810; baseline -0.001 -11"><span class='ocrx_word' id='word_1_70' title='bbox 39 773 76 800; x_wconf 84' lang='grc' dir='ltr'>ιο</span> <span class='ocrx_word' id='word_1_71' title='bbox 186 758 231 798; x_wconf 87' lang='lat' dir='ltr'>Si</span> <span class='ocrx_word' id='word_1_72' title='bbox 259 759 402 810; x_wconf 81' lang='lat' dir='ltr'>vultis,</span> <span class='ocrx_word' id='word_1_73' title='bbox 439 759 612 810; x_wconf 88' lang='lat' dir='ltr'>iudices,</span> <span class='ocrx_word' id='word_1_74' title='bbox 648 761 696 798; x_wconf 90' lang='lat' dir='ltr'>ut</span> <span class='ocrx_word' id='word_1_75' title='bbox 731 759 826 799; x_wconf 87' lang='lat' dir='ltr'>huic</span> <span class='ocrx_word' id='word_1_76' title='bbox 862 760 1017 799; x_wconf 87' lang='lat' dir='ltr'>nomini</span> <span class='ocrx_word' id='word_1_77' title='bbox 1054 759 1167 799; x_wconf 83' lang='lat' dir='ltr'>salva</span> <span class='ocrx_word' id='word_1_78' title='bbox 1199 760 1254 798; x_wconf 92' lang='lat' dir='ltr'>sit</span> <span class='ocrx_word' id='word_1_79' title='bbox 1286 760 1329 798; x_wconf 90' lang='lat' dir='ltr'>in</span> <span class='ocrx_word' id='word_1_80' title='bbox 1361 759 1472 798; x_wconf 90' lang='lat' dir='ltr'>omni</span> <span class='ocrx_word' id='word_1_81' title='bbox 1498 759 1522 796; x_wconf 86' lang='grc'>8</span> 
     </span>
     <span class='ocr_line' id='line_1_12' title="bbox 92 819 1473 871; baseline -0.001 -11"><span class='ocrx_word' id='word_1_82' title='bbox 92 832 356 871; x_wconf 90' lang='lat' dir='ltr'>personarum</span> <span class='ocrx_word' id='word_1_83' title='bbox 380 819 616 860; x_wconf 84' lang='lat' dir='ltr'>diversitate</span> <span class='ocrx_word' id='word_1_84' title='bbox 640 821 861 871; x_wconf 68' lang='lat' dir='ltr'>veneratio,</span> <span class='ocrx_word' id='word_1_85' title='bbox 882 821 1033 860; x_wconf 90' lang='lat' dir='ltr'>bonum</span> <span class='ocrx_word' id='word_1_86' title='bbox 1057 822 1216 871; x_wconf 70' lang='lat' dir='ltr'>patrem</span> <span class='ocrx_word' id='word_1_87' title='bbox 1239 820 1347 859; x_wconf 87' lang='lat' dir='ltr'>filius</span> <span class='ocrx_word' id='word_1_88' title='bbox 1374 820 1473 869; x_wconf 88' lang='lat' dir='ltr'>alat,</span> 
     </span>
     <span class='ocr_line' id='line_1_13' title="bbox 92 880 1469 930; baseline -0.001 -10"><span class='ocrx_word' id='word_1_89' title='bbox 92 881 158 920; x_wconf 85' lang='lat' dir='ltr'>lex</span> <span class='ocrx_word' id='word_1_90' title='bbox 186 881 350 920; x_wconf 83' lang='lat' dir='ltr'>malum.</span> <span class='ocrx_word' id='word_1_91' title='bbox 406 893 488 921; x_wconf 92' lang='lat' dir='ltr'>non</span> <span class='ocrx_word' id='word_1_92' title='bbox 517 881 666 920; x_wconf 88' lang='lat' dir='ltr'>faciam</span> <span class='ocrx_word' id='word_1_93' title='bbox 695 881 801 920; x_wconf 81' lang='lat' dir='ltr'>hanc</span> <span class='ocrx_word' id='word_1_94' title='bbox 830 894 966 920; x_wconf 88' lang='lat' dir='ltr'>rerum</span> <span class='ocrx_word' id='word_1_95' title='bbox 995 883 1178 930; x_wconf 85' lang='lat' dir='ltr'>naturae,</span> <span class='ocrx_word' id='word_1_96' title='bbox 1209 893 1290 920; x_wconf 90' lang='lat' dir='ltr'>non</span> <span class='ocrx_word' id='word_1_97' title='bbox 1320 880 1469 920; x_wconf 87' lang='lat' dir='ltr'>faciam</span> 
     </span>
     <span class='ocr_line' id='line_1_14' title="bbox 94 941 1476 993; baseline 0 -13"><span class='ocrx_word' id='word_1_98' title='bbox 94 941 381 981; x_wconf 83' lang='lat' dir='ltr'>contumeliam</span> <span class='ocrx_word' id='word_1_99' title='bbox 417 942 518 993; x_wconf 81' lang='lat' dir='ltr'>legi,</span> <span class='ocrx_word' id='word_1_100' title='bbox 556 944 603 981; x_wconf 92' lang='lat' dir='ltr'>ut</span> <span class='ocrx_word' id='word_1_101' title='bbox 640 954 825 981; x_wconf 83' lang='lat' dir='ltr'>excusem</span> <span class='ocrx_word' id='word_1_102' title='bbox 861 943 927 981; x_wconf 88' lang='lat' dir='ltr'>vel</span> <span class='ocrx_word' id='word_1_103' title='bbox 964 943 1183 992; x_wconf 88' lang='lat' dir='ltr'>pessimum</span> <span class='ocrx_word' id='word_1_104' title='bbox 1214 943 1390 992; x_wconf 90' lang='lat' dir='ltr'>patrem,</span> <span class='ocrx_word' id='word_1_105' title='bbox 1428 943 1476 980; x_wconf 93' lang='lat' dir='ltr'>ut</span> 
     </span>
     <span class='ocr_line' id='line_1_15' title="bbox 94 1001 1475 1055; baseline -0.001 -13"><span class='ocrx_word' id='word_1_106' title='bbox 94 1014 208 1042; x_wconf 85' lang='lat' dir='ltr'>sacro</span> <span class='ocrx_word' id='word_1_107' title='bbox 239 1002 396 1041; x_wconf 88' lang='lat' dir='ltr'>nomini</span> <span class='ocrx_word' id='word_1_108' title='bbox 418 1004 615 1053; x_wconf 84' lang='lat' dir='ltr'>temptem</span> <span class='ocrx_word' id='word_1_109' title='bbox 645 1002 823 1055; x_wconf 81' lang='lat' dir='ltr'>gratiam</span> <span class='ocrx_word' id='word_1_110' title='bbox 852 1004 990 1054; x_wconf 91' lang='lat' dir='ltr'>petere</span> <span class='ocrx_word' id='word_1_111' title='bbox 1017 1002 1064 1041; x_wconf 91' lang='lat' dir='ltr'>de</span> <span class='ocrx_word' id='word_1_112' title='bbox 1090 1002 1220 1042; x_wconf 85' lang='lat' dir='ltr'>venia.</span> <span class='ocrx_word' id='word_1_113' title='bbox 1271 1002 1348 1041; x_wconf 91' lang='lat' dir='ltr'>sim</span> <span class='ocrx_word' id='word_1_114' title='bbox 1379 1001 1475 1041; x_wconf 90' lang='lat' dir='ltr'>licet</span> 
     </span>
     <span class='ocr_line' id='line_1_16' title="bbox 39 1062 1475 1113; baseline -0.001 -10"><span class='ocrx_word' id='word_1_115' title='bbox 39 1076 74 1103; x_wconf 85' lang='lat'>15</span> <span class='ocrx_word' id='word_1_116' title='bbox 93 1062 268 1102; x_wconf 88' lang='lat' dir='ltr'>crudelis</span> <span class='ocrx_word' id='word_1_117' title='bbox 300 1075 347 1102; x_wconf 87' lang='lat' dir='ltr'>ac</span> <span class='ocrx_word' id='word_1_118' title='bbox 374 1075 530 1113; x_wconf 85' lang='lat' dir='ltr'>saevus,</span> <span class='ocrx_word' id='word_1_119' title='bbox 559 1062 690 1102; x_wconf 88' lang='lat' dir='ltr'>filium</span> <span class='ocrx_word' id='word_1_120' title='bbox 719 1064 857 1102; x_wconf 88' lang='lat' dir='ltr'>tamen</span> <span class='ocrx_word' id='word_1_121' title='bbox 883 1063 1038 1103; x_wconf 88' lang='lat' dir='ltr'>diutius</span> <span class='ocrx_word' id='word_1_122' title='bbox 1064 1063 1209 1102; x_wconf 79' lang='lat' dir='ltr'>amavi.</span> <span class='ocrx_word' id='word_1_123' title='bbox 1261 1063 1475 1102; x_wconf 87' lang='lat' dir='ltr'>clauserim</span> 
     </span>
     <span class='ocr_line' id='line_1_17' title="bbox 91 1123 1472 1175; baseline -0.001 -12"><span class='ocrx_word' id='word_1_124' title='bbox 91 1125 283 1174; x_wconf 89' lang='lat' dir='ltr'>paternos</span> <span class='ocrx_word' id='word_1_125' title='bbox 319 1125 506 1174; x_wconf 89' lang='lat' dir='ltr'>penates,</span> <span class='ocrx_word' id='word_1_126' title='bbox 545 1123 593 1163; x_wconf 90' lang='lat' dir='ltr'>de</span> <span class='ocrx_word' id='word_1_127' title='bbox 631 1125 893 1174; x_wconf 83' lang='lat' dir='ltr'>testamento,</span> <span class='ocrx_word' id='word_1_128' title='bbox 931 1123 979 1163; x_wconf 91' lang='lat' dir='ltr'>de</span> <span class='ocrx_word' id='word_1_129' title='bbox 1011 1137 1081 1175; x_wconf 89' lang='lat' dir='ltr'>spe</span> <span class='ocrx_word' id='word_1_130' title='bbox 1116 1123 1376 1163; x_wconf 83' lang='lat' dir='ltr'>successionis</span> <span class='ocrx_word' id='word_1_131' title='bbox 1409 1135 1472 1162; x_wconf 86' lang='lat' dir='ltr'>ex-</span> 
     </span>
     <span class='ocr_line' id='line_1_18' title="bbox 92 1183 1474 1235; baseline 0 -13"><span class='ocrx_word' id='word_1_132' title='bbox 92 1183 285 1235; x_wconf 88' lang='lat' dir='ltr'>pulerim,</span> <span class='ocrx_word' id='word_1_133' title='bbox 322 1185 573 1223; x_wconf 86' lang='lat' dir='ltr'>oneraverim</span> <span class='ocrx_word' id='word_1_134' title='bbox 603 1184 776 1224; x_wconf 81' lang='lat' dir='ltr'>vinculis</span> <span class='ocrx_word' id='word_1_135' title='bbox 809 1197 972 1234; x_wconf 86' lang='lat' dir='ltr'>manus,</span> <span class='ocrx_word' id='word_1_136' title='bbox 1008 1184 1257 1224; x_wconf 87' lang='lat' dir='ltr'>foedaverim</span> <span class='ocrx_word' id='word_1_137' title='bbox 1293 1183 1474 1222; x_wconf 88' lang='lat' dir='ltr'>membra</span> 
     </span>
     <span class='ocr_line' id='line_1_19' title="bbox 92 1244 1471 1297; baseline -0.001 -14"><span class='ocrx_word' id='word_1_138' title='bbox 92 1244 343 1294; x_wconf 84' lang='lat' dir='ltr'>verberibus,</span> <span class='ocrx_word' id='word_1_139' title='bbox 384 1245 563 1296; x_wconf 83' lang='lat' dir='ltr'>persolvi</span> <span class='ocrx_word' id='word_1_140' title='bbox 605 1246 741 1297; x_wconf 87' lang='lat' dir='ltr'>gratia</span> <span class='ocrx_word' id='word_1_141' title='bbox 783 1258 865 1284; x_wconf 92' lang='lat' dir='ltr'>non</span> <span class='ocrx_word' id='word_1_142' title='bbox 907 1247 1044 1296; x_wconf 85' lang='lat' dir='ltr'>potest</span> <span class='ocrx_word' id='word_1_143' title='bbox 1085 1258 1159 1285; x_wconf 91' lang='lat' dir='ltr'>nec</span> <span class='ocrx_word' id='word_1_144' title='bbox 1199 1245 1307 1284; x_wconf 86' lang='lat' dir='ltr'>malo</span> <span class='ocrx_word' id='word_1_145' title='bbox 1351 1245 1471 1295; x_wconf 81' lang='lat' dir='ltr'>patri.</span> 
     </span>
     <span class='ocr_line' id='line_1_20' title="bbox 93 1305 1474 1357; baseline -0.001 -13"><span class='ocrx_word' id='word_1_146' title='bbox 93 1317 300 1357; x_wconf 83' lang='lat' dir='ltr'>arrogans,</span> <span class='ocrx_word' id='word_1_147' title='bbox 323 1305 523 1356; x_wconf 87' lang='lat' dir='ltr'>impotens</span> <span class='ocrx_word' id='word_1_148' title='bbox 550 1318 651 1355; x_wconf 90' lang='lat' dir='ltr'>sum,</span> <span class='ocrx_word' id='word_1_149' title='bbox 679 1306 773 1345; x_wconf 92' lang='lat' dir='ltr'>nolo</span> <span class='ocrx_word' id='word_1_150' title='bbox 800 1306 947 1345; x_wconf 84' lang='lat' dir='ltr'>cotidie</span> <span class='ocrx_word' id='word_1_151' title='bbox 972 1305 1128 1356; x_wconf 88' lang='lat' dir='ltr'>mereri,</span> <span class='ocrx_word' id='word_1_152' title='bbox 1155 1305 1348 1356; x_wconf 88' lang='lat' dir='ltr'>quicquid</span> <span class='ocrx_word' id='word_1_153' title='bbox 1372 1305 1474 1343; x_wconf 83' lang='lat' dir='ltr'>mihi</span> 
     </span>
     <span class='ocr_line' id='line_1_21' title="bbox 38 1365 1470 1418; baseline -0.001 -13"><span class='ocrx_word' id='word_1_154' title='bbox 38 1379 75 1406; x_wconf 78' lang='lat'>20</span> <span class='ocrx_word' id='word_1_155' title='bbox 93 1365 230 1405; x_wconf 87' lang='lat' dir='ltr'>deberi</span> <span class='ocrx_word' id='word_1_156' title='bbox 261 1366 395 1417; x_wconf 89' lang='lat' dir='ltr'>coepit</span> <span class='ocrx_word' id='word_1_157' title='bbox 425 1367 555 1417; x_wconf 89' lang='lat' dir='ltr'>primo</span> <span class='ocrx_word' id='word_1_158' title='bbox 588 1366 663 1405; x_wconf 86' lang='lat' dir='ltr'>die.</span> <span class='ocrx_word' id='word_1_159' title='bbox 726 1366 878 1416; x_wconf 83' lang='lat' dir='ltr'>facilis,</span> <span class='ocrx_word' id='word_1_160' title='bbox 914 1368 1043 1417; x_wconf 84' lang='lat' dir='ltr'>mitis,</span> <span class='ocrx_word' id='word_1_161' title='bbox 1082 1366 1314 1418; x_wconf 87' lang='lat' dir='ltr'>indulgens,</span> <span class='ocrx_word' id='word_1_162' title='bbox 1351 1377 1470 1404; x_wconf 82' lang='lat' dir='ltr'>voca-</span> 
     </span>
     <span class='ocr_line' id='line_1_22' title="bbox 91 1425 1474 1478; baseline -0.001 -13"><span class='ocrx_word' id='word_1_163' title='bbox 91 1425 190 1465; x_wconf 90' lang='lat' dir='ltr'>bula</span> <span class='ocrx_word' id='word_1_164' title='bbox 229 1427 323 1465; x_wconf 90' lang='lat' dir='ltr'>sunt</span> <span class='ocrx_word' id='word_1_165' title='bbox 358 1426 441 1465; x_wconf 86' lang='lat' dir='ltr'>ista</span> <span class='ocrx_word' id='word_1_166' title='bbox 479 1427 648 1466; x_wconf 87' lang='lat' dir='ltr'>minoris</span> <span class='ocrx_word' id='word_1_167' title='bbox 689 1426 882 1466; x_wconf 82' lang='lat' dir='ltr'>adfectus.</span> <span class='ocrx_word' id='word_1_168' title='bbox 944 1429 1111 1478; x_wconf 83' lang='lat' dir='ltr'>propter</span> <span class='ocrx_word' id='word_1_169' title='bbox 1153 1427 1253 1465; x_wconf 88' lang='lat' dir='ltr'>haec</span> <span class='ocrx_word' id='word_1_170' title='bbox 1297 1427 1474 1465; x_wconf 85' lang='lat' dir='ltr'>aleretur</span> 
     </span>
     <span class='ocr_line' id='line_1_23' title="bbox 92 1486 1473 1538; baseline 0 -13"><span class='ocrx_word' id='word_1_171' title='bbox 92 1486 256 1536; x_wconf 87' lang='lat' dir='ltr'>amicus,</span> <span class='ocrx_word' id='word_1_172' title='bbox 286 1488 520 1537; x_wconf 87' lang='lat' dir='ltr'>pasceretur</span> <span class='ocrx_word' id='word_1_173' title='bbox 551 1489 773 1527; x_wconf 83' lang='lat' dir='ltr'>extraneus.</span> <span class='ocrx_word' id='word_1_174' title='bbox 825 1490 1004 1527; x_wconf 85' lang='lat' dir='ltr'>vestrum</span> <span class='ocrx_word' id='word_1_175' title='bbox 1037 1488 1135 1538; x_wconf 89' lang='lat' dir='ltr'>quin</span> <span class='ocrx_word' id='word_1_176' title='bbox 1166 1487 1290 1526; x_wconf 88' lang='lat' dir='ltr'>immo</span> <span class='ocrx_word' id='word_1_177' title='bbox 1322 1486 1473 1526; x_wconf 86' lang='lat' dir='ltr'>crimen</span> 
     </span>
     <span class='ocr_line' id='line_1_24' title="bbox 92 1547 1473 1597; baseline 0 -11"><span class='ocrx_word' id='word_1_178' title='bbox 92 1549 154 1587; x_wconf 90' lang='lat' dir='ltr'>est</span> <span class='ocrx_word' id='word_1_179' title='bbox 185 1547 294 1597; x_wconf 86' lang='lat' dir='ltr'>quod</span> <span class='ocrx_word' id='word_1_180' title='bbox 330 1547 536 1587; x_wconf 87' lang='lat' dir='ltr'>interdum</span> <span class='ocrx_word' id='word_1_181' title='bbox 574 1548 687 1587; x_wconf 85' lang='lat' dir='ltr'>alind</span> <span class='ocrx_word' id='word_1_182' title='bbox 719 1560 873 1587; x_wconf 90' lang='lat' dir='ltr'>sumus:</span> <span class='ocrx_word' id='word_1_183' title='bbox 912 1550 953 1587; x_wconf 94' lang='lat' dir='ltr'>et</span> <span class='ocrx_word' id='word_1_184' title='bbox 989 1570 1040 1574; x_wconf 97' lang='lat'><strong>—</strong></span> <span class='ocrx_word' id='word_1_185' title='bbox 1075 1547 1181 1587; x_wconf 92' lang='lat' dir='ltr'>unde</span> <span class='ocrx_word' id='word_1_186' title='bbox 1211 1547 1473 1587; x_wconf 86' lang='lat' dir='ltr'>manifestum</span> 
     </span>
     <span class='ocr_line' id='line_1_25' title="bbox 93 1606 1471 1648; baseline 0.001 -2"><span class='ocrx_word' id='word_1_187' title='bbox 93 1609 155 1647; x_wconf 91' lang='lat' dir='ltr'>est</span> <span class='ocrx_word' id='word_1_188' title='bbox 185 1606 462 1647; x_wconf 83' lang='lat' dir='ltr'>diversitatem</span> <span class='ocrx_word' id='word_1_189' title='bbox 492 1610 674 1648; x_wconf 86' lang='lat' dir='ltr'>nostram</span> <span class='ocrx_word' id='word_1_190' title='bbox 703 1609 840 1648; x_wconf 84' lang='lat' dir='ltr'>venire</span> <span class='ocrx_word' id='word_1_191' title='bbox 873 1609 922 1648; x_wconf 90' lang='lat' dir='ltr'>de</span> <span class='ocrx_word' id='word_1_192' title='bbox 953 1608 1131 1648; x_wconf 91' lang='lat' dir='ltr'>moribus</span> <span class='ocrx_word' id='word_1_193' title='bbox 1162 1608 1382 1648; x_wconf 88' lang='lat' dir='ltr'>liberorum</span> <span class='ocrx_word' id='word_1_194' title='bbox 1414 1630 1471 1634; x_wconf 94' lang='lat'><strong>—</strong></span> 
     </span>
     <span class='ocr_line' id='line_1_26' title="bbox 38 1668 1471 1720; baseline -0.001 -12"><span class='ocrx_word' id='word_1_195' title='bbox 38 1682 72 1708; x_wconf 83' lang='lat'>25</span> <span class='ocrx_word' id='word_1_196' title='bbox 92 1681 173 1707; x_wconf 91' lang='grc'><strong>11011</strong></span> <span class='ocrx_word' id='word_1_197' title='bbox 204 1668 388 1708; x_wconf 84' lang='lat' dir='ltr'>invenias</span> <span class='ocrx_word' id='word_1_198' title='bbox 420 1681 610 1720; x_wconf 85' lang='lat' dir='ltr'>asperum</span> <span class='ocrx_word' id='word_1_199' title='bbox 646 1671 807 1720; x_wconf 86' lang='lat' dir='ltr'>patrem</span> <span class='ocrx_word' id='word_1_200' title='bbox 836 1669 916 1709; x_wconf 90' lang='lat' dir='ltr'>nisi</span> <span class='ocrx_word' id='word_1_201' title='bbox 952 1671 1035 1709; x_wconf 90' lang='lat' dir='ltr'>iam</span> <span class='ocrx_word' id='word_1_202' title='bbox 1070 1670 1274 1720; x_wconf 87' lang='lat' dir='ltr'>peccantis</span> <span class='ocrx_word' id='word_1_203' title='bbox 1313 1669 1471 1708; x_wconf 74' lang='lat' dir='ltr'>aetatis</span> 
     </span>
     <span class='ocr_line' id='line_1_27' title="bbox 93 1727 1472 1781; baseline 0.001 -15"><span class='ocrx_word' id='word_1_204' title='bbox 93 1727 191 1779; x_wconf 83' lang='lat' dir='ltr'>quid</span> <span class='ocrx_word' id='word_1_205' title='bbox 223 1727 311 1768; x_wconf 78' lang='lat' dir='ltr'>ais?</span> <span class='ocrx_word' id='word_1_206' title='bbox 341 1729 510 1780; x_wconf 88' lang='lat' dir='ltr'>rigidus,</span> <span class='ocrx_word' id='word_1_207' title='bbox 539 1730 709 1768; x_wconf 89' lang='lat' dir='ltr'>immitis</span> <span class='ocrx_word' id='word_1_208' title='bbox 734 1742 840 1770; x_wconf 88' lang='lat' dir='ltr'>sum:</span> <span class='ocrx_word' id='word_1_209' title='bbox 875 1729 966 1769; x_wconf 90' lang='lat' dir='ltr'>ideo</span> <span class='ocrx_word' id='word_1_210' title='bbox 991 1742 1123 1781; x_wconf 84' lang='lat' dir='ltr'>pasce,</span> <span class='ocrx_word' id='word_1_211' title='bbox 1154 1731 1316 1768; x_wconf 87' lang='lat' dir='ltr'>tantum</span> <span class='ocrx_word' id='word_1_212' title='bbox 1341 1742 1472 1781; x_wconf 88' lang='lat' dir='ltr'>pasce,</span> 
     </span>
     <span class='ocr_line' id='line_1_28' title="bbox 91 1789 1473 1841; baseline 0.001 -14"><span class='ocrx_word' id='word_1_213' title='bbox 91 1801 172 1828; x_wconf 91' lang='lat' dir='ltr'>non</span> <span class='ocrx_word' id='word_1_214' title='bbox 203 1789 325 1828; x_wconf 85' lang='lat' dir='ltr'>ultra.</span> <span class='ocrx_word' id='word_1_215' title='bbox 381 1790 490 1829; x_wconf 87' lang='lat' dir='ltr'>malo</span> <span class='ocrx_word' id='word_1_216' title='bbox 521 1803 595 1841; x_wconf 90' lang='lat' dir='ltr'>pro</span> <span class='ocrx_word' id='word_1_217' title='bbox 626 1791 852 1829; x_wconf 88' lang='lat' dir='ltr'>reverentia</span> <span class='ocrx_word' id='word_1_218' title='bbox 882 1791 1057 1830; x_wconf 86' lang='lat' dir='ltr'>nominis</span> <span class='ocrx_word' id='word_1_219' title='bbox 1088 1790 1227 1830; x_wconf 88' lang='lat' dir='ltr'>nostri.</span> <span class='ocrx_word' id='word_1_220' title='bbox 1280 1789 1473 1841; x_wconf 89' lang='lat' dir='ltr'>quicquid</span> 
     </span>
     <span class='ocr_line' id='line_1_29' title="bbox 92 1849 1470 1902; baseline 0 -14"><span class='ocrx_word' id='word_1_221' title='bbox 92 1850 310 1900; x_wconf 76' lang='lat' dir='ltr'>praestatis</span> <span class='ocrx_word' id='word_1_222' title='bbox 347 1849 485 1898; x_wconf 87' lang='lat' dir='ltr'>inviti,</span> <span class='ocrx_word' id='word_1_223' title='bbox 524 1853 564 1890; x_wconf 89' lang='lat' dir='ltr'>et</span> <span class='ocrx_word' id='word_1_224' title='bbox 602 1863 694 1890; x_wconf 91' lang='lat' dir='ltr'>cum</span> <span class='ocrx_word' id='word_1_225' title='bbox 733 1851 857 1890; x_wconf 86' lang='lat' dir='ltr'>alitur</span> <span class='ocrx_word' id='word_1_226' title='bbox 892 1853 1010 1902; x_wconf 83' lang='lat' dir='ltr'>pater</span> <span class='ocrx_word' id='word_1_227' title='bbox 1041 1864 1160 1902; x_wconf 88' lang='lat' dir='ltr'>quem</span> <span class='ocrx_word' id='word_1_228' title='bbox 1198 1851 1378 1902; x_wconf 87' lang='lat' dir='ltr'>quereris</span> <span class='ocrx_word' id='word_1_229' title='bbox 1409 1851 1470 1888; x_wconf 91' lang='lat' dir='ltr'>in-</span> 
     </span>
     <span class='ocr_line' id='line_1_30' title="bbox 91 1910 1472 1963; baseline 0.001 -14"><span class='ocrx_word' id='word_1_230' title='bbox 91 1910 279 1962; x_wconf 83' lang='lat' dir='ltr'>dignum,</span> <span class='ocrx_word' id='word_1_231' title='bbox 317 1912 496 1962; x_wconf 89' lang='lat' dir='ltr'>accipere</span> <span class='ocrx_word' id='word_1_232' title='bbox 533 1912 634 1950; x_wconf 89' lang='lat' dir='ltr'>mihi</span> <span class='ocrx_word' id='word_1_233' title='bbox 664 1912 855 1951; x_wconf 87' lang='lat' dir='ltr'>videntur</span> <span class='ocrx_word' id='word_1_234' title='bbox 891 1924 1028 1951; x_wconf 87' lang='lat' dir='ltr'>omnes</span> <span class='ocrx_word' id='word_1_235' title='bbox 1059 1914 1259 1963; x_wconf 86' lang='lat' dir='ltr'>parentes.</span> <span class='ocrx_word' id='word_1_236' title='bbox 1322 1912 1358 1951; x_wconf 90' lang='lat' dir='ltr'>si</span> <span class='ocrx_word' id='word_1_237' title='bbox 1395 1912 1472 1961; x_wconf 84' lang='lat' dir='ltr'>vis,</span> 
     </span>
    </p>
   </div>
   <div class='ocr_carea' id='block_1_3' title="bbox 91 2004 381 2010">
    <p class='ocr_par' dir='ltr' id='par_1_3' title="bbox 91 2004 381 2010">
     <span class='ocr_line' id='line_1_31' title="bbox 91 2004 381 2010; baseline 0 0"><span class='ocrx_word' id='word_1_238' title='bbox 91 2004 381 2010; x_wconf 95' lang='lat' dir='ltr'> </span> 
     </span>
    </p>
   </div>
   <div class='ocr_carea' id='block_1_4' title="bbox 0 2061 1473 2446">
    <p class='ocr_par' dir='ltr' id='par_1_4' title="bbox 0 2061 1473 2446">
     <span class='ocr_line' id='line_1_32' title="bbox 188 2061 1374 2110; baseline 0 -12"><span class='ocrx_word' id='word_1_239' title='bbox 188 2065 210 2098; x_wconf 81' lang='grc'><strong>3</strong></span> <span class='ocrx_word' id='word_1_240' title='bbox 235 2061 354 2098; x_wconf 89' lang='lat' dir='ltr'>hodia</span> <span class='ocrx_word' id='word_1_241' title='bbox 384 2068 413 2097; x_wconf 74' lang='lat' dir='ltr'><em>V</em></span> <span class='ocrx_word' id='word_1_242' title='bbox 504 2064 746 2109; x_wconf 78' lang='lat' dir='ltr'>praestarent</span> <span class='ocrx_word' id='word_1_243' title='bbox 770 2070 822 2109; x_wconf 88' lang='grc' dir='ltr'>Β;</span> <span class='ocrx_word' id='word_1_244' title='bbox 848 2064 1063 2110; x_wconf 79' lang='lat' dir='ltr'>praestaret</span> <span class='ocrx_word' id='word_1_245' title='bbox 1082 2069 1133 2108; x_wconf 67' lang='grc'><strong>111,</strong></span> <span class='ocrx_word' id='word_1_246' title='bbox 1159 2076 1184 2099; x_wconf 88' lang='grc'>11</span> <span class='ocrx_word' id='word_1_247' title='bbox 1210 2074 1310 2109; x_wconf 79' lang='lat' dir='ltr'>supr.</span> <span class='ocrx_word' id='word_1_248' title='bbox 1331 2077 1374 2098; x_wconf 77' lang='lat' dir='ltr'>m</span> 
     </span>
     <span class='ocr_line' id='line_1_33' title="bbox 92 2111 1472 2159; baseline 0 -13"><span class='ocrx_word' id='word_1_249' title='bbox 92 2113 114 2146; x_wconf 85' lang='lat'><strong>5</strong></span> <span class='ocrx_word' id='word_1_250' title='bbox 145 2112 419 2157; x_wconf 84' lang='lat' dir='ltr'>parentemque</span> <span class='ocrx_word' id='word_1_251' title='bbox 444 2117 482 2146; x_wconf 86' lang='lat' dir='ltr'><em>P</em></span> <span class='ocrx_word' id='word_1_252' title='bbox 599 2111 811 2158; x_wconf 82' lang='lat' dir='ltr'>perferant:</span> <span class='ocrx_word' id='word_1_253' title='bbox 846 2111 1113 2159; x_wconf 82' lang='lat' dir='ltr'>praeferantur</span> <span class='ocrx_word' id='word_1_254' title='bbox 1138 2118 1192 2156; x_wconf 78' lang='lat' dir='ltr'>P3</span> <span class='ocrx_word' id='word_1_255' title='bbox 1227 2111 1425 2158; x_wconf 84' lang='lat' dir='ltr'>proferant</span> <span class='ocrx_word' id='word_1_256' title='bbox 1450 2119 1472 2146; x_wconf 71' lang='grc' dir='ltr'>ς</span> 
     </span>
     <span class='ocr_line' id='line_1_34' title="bbox 0 2159 1471 2206; baseline -0.003 -8"><span class='ocrx_word' id='word_1_257' title='bbox 0 2188 6 2198; x_wconf 17' lang='grc' dir='ltr'>,γ</span> <span class='ocrx_word' id='word_1_258' title='bbox 91 2162 113 2194; x_wconf 85' lang='grc'><strong>6</strong></span> <span class='ocrx_word' id='word_1_259' title='bbox 144 2159 226 2195; x_wconf 87' lang='lat' dir='ltr'>vita</span> <span class='ocrx_word' id='word_1_260' title='bbox 250 2167 271 2202; x_wconf 76' lang='grc' dir='ltr'>β</span> <span class='ocrx_word' id='word_1_261' title='bbox 296 2160 401 2205; x_wconf 83' lang='lat' dir='ltr'>(corr.</span> <span class='ocrx_word' id='word_1_262' title='bbox 423 2162 463 2206; x_wconf 83' lang='lat' dir='ltr'>S)</span> <span class='ocrx_word' id='word_1_263' title='bbox 561 2161 606 2196; x_wconf 87' lang='lat' dir='ltr'>ut</span> <span class='ocrx_word' id='word_1_264' title='bbox 637 2161 677 2196; x_wconf 91' lang='lat' dir='ltr'>et</span> <span class='ocrx_word' id='word_1_265' title='bbox 706 2169 727 2203; x_wconf 75' lang='grc' dir='ltr'><strong><em>β</em></strong></span> <span class='ocrx_word' id='word_1_266' title='bbox 825 2164 844 2195; x_wconf 83' lang='grc'><strong>7</strong></span> <span class='ocrx_word' id='word_1_267' title='bbox 871 2172 953 2196; x_wconf 85' lang='lat' dir='ltr'>vos:</span> <span class='ocrx_word' id='word_1_268' title='bbox 986 2171 1054 2196; x_wconf 86' lang='grc'><strong>1108</strong></span> <span class='ocrx_word' id='word_1_269' title='bbox 1081 2168 1129 2195; x_wconf 66' lang='grc' dir='ltr'>σ’ς’</span> <span class='ocrx_word' id='word_1_270' title='bbox 1226 2164 1248 2195; x_wconf 88' lang='grc'><strong>8</strong></span> <span class='ocrx_word' id='word_1_271' title='bbox 1280 2159 1471 2206; x_wconf 85' lang='lat' dir='ltr'>patientia</span> 
     </span>
     <span class='ocr_line' id='line_1_35' title="bbox 7 2207 1399 2253; baseline 0 -9"><span class='ocrx_word' id='word_1_272' title='bbox 7 2208 11 2232; x_wconf 78' lang='lat'>&#39;—</span> <span class='ocrx_word' id='word_1_273' title='bbox 90 2218 159 2244; x_wconf 86' lang='lat' dir='ltr'>om.</span> <span class='ocrx_word' id='word_1_274' title='bbox 185 2211 220 2244; x_wconf 82' lang='lat' dir='ltr'>et</span> <span class='ocrx_word' id='word_1_275' title='bbox 243 2218 344 2253; x_wconf 76' lang='lat' dir='ltr'>supr.</span> <span class='ocrx_word' id='word_1_276' title='bbox 364 2214 403 2243; x_wconf 99' lang='grc' dir='ltr'><em>Β</em></span> <span class='ocrx_word' id='word_1_277' title='bbox 504 2207 637 2244; x_wconf 83' lang='lat' dir='ltr'>hortus</span> <span class='ocrx_word' id='word_1_278' title='bbox 668 2215 698 2243; x_wconf 77' lang='lat' dir='ltr'><strong><em>V</em></strong></span> <span class='ocrx_word' id='word_1_279' title='bbox 797 2213 840 2244; x_wconf 85' lang='lat'>11</span> <span class='ocrx_word' id='word_1_280' title='bbox 869 2208 965 2245; x_wconf 88' lang='lat' dir='ltr'>alat:</span> <span class='ocrx_word' id='word_1_281' title='bbox 998 2209 1013 2244; x_wconf 89' lang='lat'>1</span> <span class='ocrx_word' id='word_1_282' title='bbox 1038 2210 1080 2244; x_wconf 77' lang='lat' dir='ltr'>in</span> <span class='ocrx_word' id='word_1_283' title='bbox 1104 2220 1179 2245; x_wconf 81' lang='lat' dir='ltr'>ras.</span> <span class='ocrx_word' id='word_1_284' title='bbox 1203 2215 1241 2244; x_wconf 92' lang='grc' dir='ltr'><em>Β</em></span> <span class='ocrx_word' id='word_1_285' title='bbox 1264 2220 1317 2244; x_wconf 84' lang='lat' dir='ltr'>an</span> <span class='ocrx_word' id='word_1_286' title='bbox 1342 2207 1399 2244; x_wconf 68' lang='lat' dir='ltr'>b?</span> 
     </span>
     <span class='ocr_line' id='line_1_36' title="bbox 92 2256 1473 2304; baseline 0 -13"><span class='ocrx_word' id='word_1_287' title='bbox 92 2258 137 2291; x_wconf 86' lang='lat'>15</span> <span class='ocrx_word' id='word_1_288' title='bbox 164 2266 297 2292; x_wconf 78' lang='lat' dir='ltr'>saevus</span> <span class='ocrx_word' id='word_1_289' title='bbox 323 2267 368 2292; x_wconf 90' lang='lat' dir='ltr'>ac</span> <span class='ocrx_word' id='word_1_290' title='bbox 394 2256 558 2292; x_wconf 86' lang='lat' dir='ltr'>crudelis</span> <span class='ocrx_word' id='word_1_291' title='bbox 583 2263 622 2292; x_wconf 88' lang='grc' dir='ltr'><em>Β</em></span> <span class='ocrx_word' id='word_1_292' title='bbox 734 2261 779 2293; x_wconf 87' lang='grc'>16</span> <span class='ocrx_word' id='word_1_293' title='bbox 804 2259 988 2303; x_wconf 84' lang='lat' dir='ltr'>poenates</span> <span class='ocrx_word' id='word_1_294' title='bbox 1013 2263 1052 2292; x_wconf 91' lang='grc' dir='ltr'><em>Β</em></span> <span class='ocrx_word' id='word_1_295' title='bbox 1173 2261 1218 2292; x_wconf 88' lang='grc'>18</span> <span class='ocrx_word' id='word_1_296' title='bbox 1244 2257 1410 2304; x_wconf 82' lang='lat' dir='ltr'>gratiam</span> <span class='ocrx_word' id='word_1_297' title='bbox 1437 2262 1473 2291; x_wconf 89' lang='grc' dir='ltr'><em>Β</em></span> 
     </span>
     <span class='ocr_line' id='line_1_37' title="bbox 2 2304 1375 2350; baseline 0.001 -11"><span class='ocrx_word' id='word_1_298' title='bbox 2 2327 14 2345; x_wconf 62' lang='grc'>»,</span> <span class='ocrx_word' id='word_1_299' title='bbox 92 2307 136 2339; x_wconf 87' lang='grc'>19</span> <span class='ocrx_word' id='word_1_300' title='bbox 168 2304 359 2350; x_wconf 77' lang='lat' dir='ltr'>impotens</span> <span class='ocrx_word' id='word_1_301' title='bbox 391 2304 469 2340; x_wconf 79' lang='lat' dir='ltr'>sive</span> <span class='ocrx_word' id='word_1_302' title='bbox 501 2317 584 2340; x_wconf 87' lang='grc'><strong>811111</strong></span> <span class='ocrx_word' id='word_1_303' title='bbox 610 2312 654 2349; x_wconf 93' lang='lat' dir='ltr'>P,</span> <span class='ocrx_word' id='word_1_304' title='bbox 690 2305 768 2341; x_wconf 84' lang='lat' dir='ltr'>sive</span> <span class='ocrx_word' id='word_1_305' title='bbox 793 2306 861 2342; x_wconf 84' lang='lat' dir='ltr'>del.</span> <span class='ocrx_word' id='word_1_306' title='bbox 886 2321 915 2346; x_wconf 75' lang='lat' dir='ltr'>p</span> <span class='ocrx_word' id='word_1_307' title='bbox 1026 2310 1071 2341; x_wconf 79' lang='lat'>21</span> <span class='ocrx_word' id='word_1_308' title='bbox 1103 2304 1216 2341; x_wconf 89' lang='lat' dir='ltr'>haec:</span> <span class='ocrx_word' id='word_1_309' title='bbox 1248 2306 1322 2341; x_wconf 90' lang='lat' dir='ltr'>hoc</span> <span class='ocrx_word' id='word_1_310' title='bbox 1347 2311 1375 2339; x_wconf 89' lang='lat' dir='ltr'><strong><em>S</em></strong></span> 
     </span>
     <span class='ocr_line' id='line_1_38' title="bbox 0 2351 1472 2401; baseline -0.001 -13"><span class='ocrx_word' id='word_1_311' title='bbox 0 2355 12 2392; x_wconf 70' lang='grc' dir='ltr'>ζ’·</span> <span class='ocrx_word' id='word_1_312' title='bbox 91 2351 245 2388; x_wconf 81' lang='lat' dir='ltr'>alentur</span> <span class='ocrx_word' id='word_1_313' title='bbox 269 2359 307 2388; x_wconf 99' lang='lat' dir='ltr'><em>P</em></span> <span class='ocrx_word' id='word_1_314' title='bbox 406 2357 452 2389; x_wconf 79' lang='lat'>26</span> <span class='ocrx_word' id='word_1_315' title='bbox 484 2356 566 2401; x_wconf 82' lang='lat' dir='ltr'>agis</span> <span class='ocrx_word' id='word_1_316' title='bbox 591 2360 630 2389; x_wconf 88' lang='grc' dir='ltr'><em>Β</em></span> <span class='ocrx_word' id='word_1_317' title='bbox 731 2358 776 2390; x_wconf 82' lang='grc'>27</span> <span class='ocrx_word' id='word_1_318' title='bbox 809 2354 955 2390; x_wconf 85' lang='grc'><strong>1101111111</strong></span> <span class='ocrx_word' id='word_1_319' title='bbox 985 2355 1114 2390; x_wconf 82' lang='lat' dir='ltr'>nostro</span> <span class='ocrx_word' id='word_1_320' title='bbox 1139 2360 1178 2389; x_wconf 90' lang='grc' dir='ltr'><em>Β</em></span> <span class='ocrx_word' id='word_1_321' title='bbox 1283 2357 1329 2389; x_wconf 85' lang='grc'>28</span> <span class='ocrx_word' id='word_1_322' title='bbox 1359 2353 1472 2388; x_wconf 89' lang='lat' dir='ltr'>aliter</span> 
     </span>
     <span class='ocr_line' id='line_1_39' title="bbox 91 2400 747 2446; baseline 0.002 -10"><span class='ocrx_word' id='word_1_323' title='bbox 91 2407 129 2436; x_wconf 92' lang='lat' dir='ltr'><em>P</em></span> <span class='ocrx_word' id='word_1_324' title='bbox 222 2400 349 2446; x_wconf 81' lang='lat' dir='ltr'>queris</span> <span class='ocrx_word' id='word_1_325' title='bbox 375 2408 412 2436; x_wconf 93' lang='lat' dir='ltr'><em>P</em></span> <span class='ocrx_word' id='word_1_326' title='bbox 507 2405 552 2437; x_wconf 79' lang='lat'>29</span> <span class='ocrx_word' id='word_1_327' title='bbox 579 2402 700 2437; x_wconf 81' lang='lat' dir='ltr'>omnis</span> <span class='ocrx_word' id='word_1_328' title='bbox 727 2411 747 2445; x_wconf 72' lang='grc' dir='ltr'>ρ</span> 
     </span>
    </p>
   </div>
  </div>
 </body>
</html>
