1638 2560
201 109 289 153 376
576 106 834 144 EXCERPTA
859 104 1191 142 MONACENSIA.

198 225 445 264 frumentum
478 223 686 275 publicum
719 222 855 262 stertis
889 223 930 260 et
961 232 1096 260 omnes
1130 221 1254 260 maris
1286 220 1572 260 circumvectus

199 298 291 325 oras
321 285 443 324 litora
473 285 695 334 portusque
737 283 943 334 cognoscis
979 282 1135 321 'alienae
1167 280 1346 320 civitatis
1379 280 1572 332 conditor,

198 347 295 385 tuae
327 357 495 384 eversor.
559 343 732 383 secunda
756 343 996 393 tempestate
1021 343 1065 381 in
1095 343 1274 393 patriam
1298 341 1452 381 ferente
1483 353 1573 382 (1011ὁ

197 407 345 446 trarios
377 406 517 444 ventos
559 405 734 455 exoptas.
798 416 870 443 nos
907 404 1072 442 interim
1107 415 1182 454 per
1212 403 1372 442 arentes
1413 414 1574 454 campos

200 466 315 506 effusi
344 479 417 516 pro
449 465 584 504 radice
615 465 720 503 forte
750 466 911 514 reperta
936 463 1126 503 rixamur.
1188 462 1423 515 pestilentia
1451 463 1573 502 mori-
1611 476 1629 504 5

197 540 289 566 mur
307 528 353 565 ut
371 526 554 577 pecudes,
581 538 728 576 pecora
753 524 980 574 cecidimus,
1006 536 1169 575 campos
1195 523 1425 574 evulsimus,
1449 523 1573 564 silvas

199 587 478 636 destruximus,
503 587 719 625 novissime
745 585 847 624 nihil
871 585 1059 624 relictum
1084 585 1146 624 est
1169 585 1331 635 praeter
1356 583 1574 624 esurientes

199 649 240 687 et
269 649 459 686 mortuos.
518 648 670 685 terram
705 647 923 685 morientes
957 644 1270 685 momorderunt.
1326 645 1575 696 semetipsos,

199 709 233 748 si
272 708 374 746 nihil
415 707 531 746 affuit
577 706 707 755 aliud,
749 707 998 746 comedentes
1044 706 1210 745 tandem
1251 706 1348 746 feris
1395 705 1575 746 invidere

200 769 412 819 coepimus,
484 767 615 818 primo
657 769 794 806 tamen
840 767 982 806 furtim
1030 768 1071 806 et
1109 767 1285 806 latenter
1329 766 1407 806 hoc
1447 766 1574 806 scelus
1595 780 1630 807 ιο

200 829 369 879 quisque
401 827 564 868 admisit
597 829 636 866 et
666 829 910 878 monstrum,
946 829 986 867 et
1017 827 1052 867 si
1082 828 1205 878 paulo
1237 826 1355 868 citius
1386 828 1576 877 venisses,

197 890 396 941 potuisset
425 889 500 928 hoc
525 888 675 941 negari.
739 889 938 939 siquidem
965 900 1108 940 corpus
1141 901 1189 928 ex
1213 889 1348 940 strage
1379 887 1576 938 defuerat,

199 950 400 1000 sepultum
439 948 699 1000 putabamus,
740 962 813 988 nec
854 951 989 988 tamen
1019 948 1219 988 indicavit
1260 948 1474 999 quisquam
1503 961 1576 988 nec

199 1009 460 1061 deprehendit
485 1009 643 1060 aliquis.
703 1023 831 1060 nemo,
857 1012 904 1048 ut
928 1011 1003 1050 hoc
1029 1010 1192 1060 faceret,
1223 1009 1404 1060 exemplo
1429 1009 1576 1060 impul-

200 1083 268 1110 sus
301 1072 378 1120 est,
419 1083 460 1110 se
493 1071 660 1121 quisque
702 1070 854 1120 docuit,
897 1083 1034 1110 omnes
1075 1070 1176 1110 scire
1207 1070 1428 1122 coepimus,
1467 1071 1577 1121 post·
1597 1083 1632 1111 ιι

200 1144 321 1182 quam
347 1144 482 1170 omnes
507 1131 685 1170 fecimus.
737 1132 921 1182 quotiens
941 1133 1090 1181 tamen,
1110 1133 1330 1182 antequam
1347 1131 1577 1182 inciperem,

199 1193 243 1230 in
273 1193 435 1242 portum
476 1192 649 1241 cucurri,
689 1191 881 1242 quamdiu
920 1193 963 1231 in
1002 1193 1132 1231 altum
1162 1193 1362 1243 intentus,
1399 1193 1435 1230 si
1474 1203 1578 1243 quae

201 1253 333 1292 essent
363 1252 406 1290 in
438 1253 654 1302 conspectu
686 1265 821 1302 naves,
855 1253 990 1292 oculos
1022 1253 1207 1305 fatigavi.

289 1313 397 1364 Ergo
440 1312 572 1351 rabidi
621 1325 743 1364 supra
794 1313 992 1353 cadavera
1034 1313 1290 1352 incubuimus
1340 1314 1382 1352 et
1431 1312 1577 1352 clausis

200 1373 337 1422 oculis,
370 1374 486 1423 quasi
516 1374 626 1412 visus
652 1375 896 1413 conscientia
930 1373 1110 1413 acerbior
1142 1375 1257 1423 esset,
1288 1374 1380 1413 tota
1410 1385 1579 1424 corpora¹
1597 1386 1634 1413 20

200 1433 397 1472 morsibus
430 1435 759 1484 consumpsimus.
823 1434 931 1474 subit
955 1434 1119 1474 interim
1149 1434 1293 1473 horror
1319 1447 1367 1473 ex
1397 1434 1506 1473 facto
1539 1434 1579 1473 et

201 1494 380 1533 taedium
401 1507 446 1533 ac
466 1494 679 1533 detestatio
707 1495 767 1533 sui
795 1496 835 1534 et
859 1496 1057 1545 planctus.
1121 1494 1191 1534 sed
1209 1508 1301 1534 cum
1320 1494 1371 1534 ab
1390 1494 1579 1534 infaustis

202 1554 379 1606 fugimus
406 1554 516 1604 cibis,
542 1555 625 1593 urit
644 1556 792 1594 iterum
811 1556 937 1596 fames
958 1558 999 1595 et
1024 1555 1133 1606 quod
1159 1568 1207 1595 ex
1232 1568 1300 1595 ore
1324 1555 1579 1607 proiecimus,

202 1610 471 1666 colligendum
497 1616 568 1654 est.
620 1628 710 1654 cum
734 1616 778 1654 in
797 1615 1026 1656 devorando
1052 1618 1219 1656 ventum
1245 1616 1333 1655 erat
1358 1615 1410 1656 ad
1434 1615 1580 1655 faciem

202 1675 243 1713 et
266 1674 480 1724 reliquum,
506 1676 577 1714 ubi
600 1676 776 1728 refulget
799 1677 973 1716 hominis
992 1678 1158 1728 propria
1182 1678 1293 1726 nota,
1318 1675 1580 1716 inhorrebant
1597 1688 1634 1717 2⁶

200 1734 277 1786 pili
308 1736 349 1773 et
380 1737 491 1774 artus
524 1735 695 1787 edentis,
731 1737 799 1776 sed
836 1737 1099 1788 praevalebat
1136 1737 1324 1777 stimulus
1354 1737 1494 1786 famis,
1532 1738 1581 1775 ut

203 1796 387 1846 carperet
417 1796 624 1835 famelicus
650 1810 791 1836 nasum
826 1800 866 1836 et
897 1798 1008 1837 labia
1040 1800 1080 1837 et
1108 1799 1239 1837 totam
1269 1798 1415 1837 faciem
1447 1797 1580 1836 demo-

202 1855 347 1894 liretur
386 1857 433 1894 ut
481 1858 600 1896 canis.
662 1857 956 1897 insidiabamur
997 1858 1179 1898 infirmis.
1242 1858 1307 1897 illi
1347 1858 1398 1898 ab
1439 1857 1580 1897 amicis

202 1915 428 1955 astantibus
467 1917 717 1967 sepulturam
756 1918 957 1970 rogabant
995 1921 1175 1969 tantum3
1210 1919 1280 1958 sed
1317 1918 1414 1958 dum
1453 1918 1579 1957 fames

200 1977 331 2027 urget,
362 1975 597 2016 beneficium
628 1979 781 2017 factum
807 1981 867 2018 est
900 1981 1128 2030 exspectare
1158 1992 1337 2032 aegrum,
1369 1978 1466 2018 dum
1495 1991 1579 2017 mo·
1598 1991 1636 2019 so

200 2037 318 2076 ritur.
374 2050 490 2076 nemo
518 2037 615 2077 adeo
649 2038 782 2077 affinis
814 2039 905 2089 fuit,
937 2053 1053 2079 nemo
1079 2041 1165 2079 tam
1190 2040 1428 2080 coniunctus
1461 2051 1581 2090 quem

200 2097 334 2148 pietas
376 2097 605 2137 abstineret.
674 2101 831 2138 nostros
873 2100 1136 2150 comedimus,
1177 2102 1348 2140 nostros.
1410 2112 1506 2139 nam
1546 2100 1581 2138 si

202 2157 355 2197 alienos
405 2158 618 2208 vellemus,
668 2172 784 2198 nemo
836 2159 1020 2199 audebat.
1077 2161 1152 2201 hoc
1201 2160 1350 2200 nostris
1400 2160 1579 2200 fecimus.

201 2219 390 2257 aestuant
440 2217 568 2257 adhuc
617 2220 727 2258 intra
776 2222 915 2270 pectus
966 2221 1125 2272 sepulta
1173 2220 1382 2261 ventribus
1431 2219 1580 2260 nostris

201 2279 375 2330 cognata
406 2279 570 2318 viscera.
627 2280 710 2319 iam
742 2281 848 2319 enim
880 2283 1000 2320 vacat
1028 2281 1143 2321 nobis
1174 2282 1325 2333 lugere,
1355 2283 1439 2321 iam
1470 2280 1579 2320 cibos
1599 2293 1636 2321 3⁵

303 2409 324 2441 3
350 2405 515 2442 ferentes
541 2412 584 2441 Μ
