1638 2560
481 99 801 138 DECLAMATIO
826 101 914 137 XIII
933 105 1039 137 2—4.
1360 100 1450 144 249

55 229 168 258 ‘sanc
191 216 321 258 dabat
346 218 597 257 occasionem
627 217 731 256 mihi
755 217 1041 267 opportunitas
1071 216 1226 255 hortuli
1250 218 1341 255 mei.
1392 217 1455 255 est

69 290 245 329 namque
281 279 440 329 positus
477 277 531 317 ad
566 280 680 317 ortus
717 278 815 316 solis
854 277 1013 316 hiberni
1051 278 1229 327 apricus,
1267 277 1453 316 omnibus

53 338 203 378 :ventis
226 338 395 379 medius.
444 339 559 378 fusus
591 351 638 377 ex
669 339 852 389 proximo
878 338 991 377 fonte
1015 339 1129 377 rivus
1154 337 1454 388 trepidantibus

68 400 179 439 inter
205 399 413 440 radiantes
445 399 622 439 calculos
654 400 772 450 aquis
801 399 1007 449 utrimque
1034 400 1125 450 ripa
1149 400 1306 437 virente
1336 411 1454 449 prae-

0 478 7 492 1
35 459 236 503 sternuit.-
297 461 400 499 safis
431 459 578 499 consiti
613 460 731 499 flores
763 461 805 499 et
834 459 978 498 viridis
1010 460 1197 510 quamvis
1231 472 1454 510 paucarum

70 521 261 561 arborum
291 533 418 571 coma,
448 520 707 560 nascentibus
737 521 901 571 populis
931 521 1066 571 prima
1091 520 1216 570 sedes,
1247 520 1353 559 unde
1379 533 1453 572 ego

69 582 302 633 frequenter
337 583 567 621 consertum
603 593 733 620 novae
770 582 996 620 iuventutis
1035 594 1180 633 agmen
1211 593 1324 620 ramo
1363 593 1453 632 gra-
1524 627 1526 629 ¹

69 643 256 682 vescente
291 642 461 693 suscepi.
524 654 597 681 nec
632 655 697 681 me
728 643 847 681 tanta
882 641 1069 692 capiebat
1099 642 1307 692 voluptas,
1347 641 1454 692 quod

68 702 237 743 fluentia
262 703 363 742 ceris
388 702 512 742 mella
536 702 759 752 conderem,
789 703 900 753 quod
925 702 976 742 ad
1002 702 1256 742 sustinendas
1281 715 1454 753 pauper·

0 780 52 807 '1⁰
68 765 169 804 tofis
205 765 411 814 impensas
448 763 645 803 deferrem
681 765 724 802 in
759 763 920 813 urbem,
952 763 1059 814 quod
1091 763 1238 803 divites
1276 765 1455 802 emerent

70 837 194 875 quam
225 824 334 875 quod
366 824 558 864 adversus
584 826 721 864 omnia
751 825 883 863 lassae
913 824 1051 863 taedia
1076 824 1224 863 aetatis
1254 823 1452 863 habebam

70 897 189 925 senex
233 884 342 936 quod
392 897 562 938 agerem,
631 885 800 924 iuvabat
843 886 917 924 aut
965 885 1078 924 lenta
1120 886 1275 924 vimina
1319 886 1454 924 vernis

69 945 245 986 foetibus
275 948 423 995 texere,
453 959 505 985 ne
529 946 596 985 vel
621 945 799 985 aestivus
825 945 946 985 ardor
977 947 1050 985 aut
1079 946 1250 985 hiberna
1274 946 1337 984 vis
1363 958 1453 998 gra-

70 1006 207 1047 vidam
238 1008 471 1058 penetraret
501 1007 656 1055 alvum,
690 1007 844 1045 hiantis
874 1008 999 1045 rimas
1031 1008 1167 1045 tenaci
1202 1007 1323 1045 linire
1358 1006 1454 1045 fimo

0 1082 51 1109 ¹15
71 1069 143 1107 aut
173 1067 290 1107 fessis
314 1067 460 1118 apibus
485 1067 594 1106 ultro
620 1067 814 1118 praebere
844 1067 968 1106 mella
1000 1070 1072 1106 aut
1102 1068 1261 1123 fugiens
1287 1079 1454 1106 examen

70 1140 162 1167 aere
192 1129 344 1168 terrere
375 1130 448 1167 aut
477 1127 586 1167 bella
618 1128 759 1168 sedare
788 1128 968 1179 pulveris
992 1129 1116 1177 iactu⁷
1147 1131 1248 1178 tum,
1279 1142 1330 1167 ne
1356 1127 1454 1178 quid

67 1189 240 1239 periculi
265 1188 411 1228 saltem
436 1188 606 1241 singulis
632 1191 748 1238 esset,
781 1189 920 1228 avidas
952 1189 1072 1241 longe
1103 1190 1246 1241 fugare
1270 1189 1454 1228 volucres

69 1251 112 1289 et
142 1262 278 1289 arcere
309 1262 438 1300 parva
469 1249 582 1288 dictu
614 1250 829 1299 animalia,
866 1250 1043 1289 reclusas
1080 1250 1246 1289 interim
1280 1251 1455 1289 scrutari

70 1311 211 1361 apium
242 1309 395 1359 domos,
425 1323 475 1349 ne
506 1324 580 1361 per
604 1323 754 1350 vacuas
787 1311 901 1349 alvos
933 1311 1050 1350 foeda
1081 1312 1207 1361 pestis
1238 1311 1454 1350 insidiosas

0 1386 51 1412 ’110
69 1372 226 1410 texeret
252 1371 407 1423 plagas.

42 1443 50 1458 ἑ
160 1430 362 1470 Dederam
399 1431 605 1471 laboribus
636 1432 737 1470 meis
767 1432 919 1471 iustam
950 1445 1069 1471 senex
1099 1433 1350 1481 missionem,
1380 1431 1451 1469 ha-
1476 1429 1503 1467 4

68 1491 214 1531 bebam
259 1505 363 1542 quae
399 1505 474 1543 pro
517 1506 582 1531 me
620 1505 720 1543 opus
759 1492 948 1532 facerent.
1012 1505 1091 1542 quo
1129 1505 1211 1531 non
1252 1494 1454 1542 penetras,

69 1553 175 1592 livor
210 1551 422 1603 improbe?
485 1553 632 1603 quidve
671 1553 835 1592 scabrae
866 1553 1116 1605 malignitati
1152 1554 1334 1592 clausum
1366 1551 1454 1591 est?

69 1613 220 1652 invidit
249 1614 421 1664 pauperi
452 1613 575 1652 dives.
628 1626 719 1653 eum
750 1616 957 1653 evocasset
986 1627 1051 1653 me
1084 1614 1217 1654 subito
1249 1613 1455 1664 &epidum

0 1686 51 1716 {25
69 1676 238 1724 totoque
269 1674 457 1713 fortunae
490 1687 585 1714 suae
617 1675 790 1724 strepitu
823 1675 1174 1715 circumstetisset:
1233 1671 1347 1724 ‘quid
1378 1670 1454 1723 tu',

0 1762 4 1793 i
69 1735 217 1785 inquit,
256 1731 353 1773 ‘non
396 1736 512 1785 potes
555 1736 742 1785 inperare
787 1735 930 1786 apibus
967 1736 1048 1775 tuis
1093 1736 1203 1774 intra
1245 1737 1454 1786 privatum

170 1890 187 1922 1
217 1886 334 1922 ortuli
361 1893 397 1922 P
511 1891 531 1921 2
558 1886 690 1923 hortus
715 1894 753 1922 Β
869 1887 958 1923 solis
983 1887 1135 1923 hiberni
1161 1890 1203 1924 in
1226 1899 1301 1924 ras.
1322 1894 1360 1923 B

82 1934 106 1958 a

70 1965 238 2019 sssspricus
268 1977 321 2015 Β;
354 1974 393 2007 et
426 1971 578 2017 apricus
603 1978 671 2007 VM
773 1975 794 2007 3
830 1983 892 2008 ex:
929 1974 968 2008 ct
991 1979 1044 2016 Β;
1080 1983 1100 2008 0
1126 1978 1207 2017 1“.11;
1243 1984 1311 2009 om.
1334 1981 1362 2007 <s

68 2019 264 2066 proximus
289 2026 354 2055 Βιν
473 2024 495 2055 4
528 2019 687 2056 callulos
715 2027 751 2055 P
869 2021 1014 2056 virente
1045 2021 1131 2067 ripa
1161 2027 1217 2065 Μ,
1250 2025 1391 2068 ενα-7131).
1412 2035 1455 2056 m

70 2070 92 2103 6
118 2079 208 2114 ergo
233 2074 272 2103 Β
386 2072 407 2104 9
435 2069 708 2105 coneonderem
736 2076 772 2104 P
894 2073 938 2105 10
966 2069 1167 2113 defferrem
1192 2076 1232 2113 νς
1263 2069 1455 2105 differrem

71 2122 126 2160 ης
159 2115 334 2152 differam
359 2123 392 2152 J
514 2121 555 2153 11
590 2117 715 2153 lassae
748 2119 788 2153 et
815 2118 946 2154 taedia
973 2124 1015 2153 ,η
1134 2117 1298 2154 habeam
1325 2125 1362 2153 P

59 2168 116 2201 ‘12
141 2165 406 2201 vimina—ne
433 2166 456 2201 1.
471 2168 518 2200 13
545 2177 613 2201 om.
635 2172 662 2200 S
750 2169 793 2201 13
820 2168 966 2202 texere:
995 2177 1098 2202 -xere
1125 2168 1167 2202 in>
1190 2179 1265 2203 ras.
1286 2173 1324 2202 Β
1407 2177 1454 2202 00

69 2212 129 2249 vel
147 2214 246 2250 Sela:
273 2225 320 2249 ne
347 2225 415 2250 om.
436 2220 517 2258 Βΐς
544 2214 604 2249 vel
624 2226 691 2250 om.
709 2221 797 2258 Μβσ
868 2215 981 2250 arbor
1000 2221 1037 2250 P
1108 2216 1191 2250 aut:
1220 2215 1270 2250 ad
1289 2221 1327 2250 Β
1399 2215 1454 2250 vis

68 2262 268 2308 grandinis
292 2269 325 2297 J
447 2267 492 2297 14
516 2261 668 2298 hiantes
695 2271 743 2306 βα*
860 2263 980 2299 linere
1007 2270 1097 2306 ,11οσ
1224 2267 1268 2298 16
1294 2268 1452 2299 terrere:

69 2310 194 2358 tffiere
218 2316 256 2346 Β
376 2311 498 2346 iactu:
524 2323 550 2346 u
576 2322 622 2347 ex
646 2323 738 2347 corr.
761 2318 803 2347 Μ
919 2315 963 2347 19
989 2323 1110 2347 vacua
1135 2311 1263 2347 saluos
1289 2314 1320 2358 (s
1341 2313 1454 2358 prius

0 2366 20 2398 Q
60 2359 134 2404 rer.)
153 2365 198 2442 ἴ
278 2358 432 2405 phoeda
456 2365 543 2403 ΒΜ,
570 2371 662 2396 corr.
684 2366 763 2395 ΒΗ
846 2360 1026 2396 insidisas
1052 2366 1089 2395 Β
1179 2364 1225 2396 25
1253 2361 1319 2406 qui
1344 2364 1388 2395 tu
1415 2366 1457 2394 ,u

11 2410 26 2438 ’ζ
70 2409 115 2442 26
141 2418 167 2442 u
210 2407 311 2442 intra
338 2414 364 2442 Γ

21 2327 26 2331 ,
0 2043 26 2308 <vasae-wama?
