1638 2560
545 117 866 155 DECLAMATIO
891 118 980 155 XVI
999 122 1103 155 6—8.
1427 119 1515 162 297

136 246 351 286 opponam.
409 234 508 285 quid
538 233 724 274 detines?
755 234 854 285 quid
883 232 1083 274 moraris?
1144 234 1220 274 hoc
1252 236 1314 274 est
1344 236 1517 285 tempus,

135 295 303 346 propter
327 295 436 346 quod
467 295 631 335 coimus.
681 296 849 346 nescias,
881 307 934 335 an
965 295 1114 347 diligat
1139 297 1251 335 cuius
1282 308 1364 335 non
1394 295 1518 335 habet

137 356 410 407 experimenta
441 356 522 395 nisi
552 356 639 396 sola
663 356 850 407 felicitas,
883 359 936 406 et,
967 358 1004 395 si
1027 357 1136 395 vitae
1167 357 1348 407 praestes
1381 356 1519 396 omnia

137 408 330 467 secunda,
362 417 515 456 amicus
547 416 678 456 otiosa
709 430 772 456 res
804 418 877 457 est.
941 417 1143 456 dicturum
1174 431 1238 456 me
1268 418 1408 468 putas,
1442 417 1519 456 hoc

99 490 117 517 ε
137 478 325 528 expectat
354 477 566 530 alligatus,
603 479 791 528 expectat
820 479 954 517 totum
984 477 1108 516 immo
1140 491 1266 530 genus
1297 478 1518 528 hominum,

137 539 181 577 et
207 550 282 578 nos
311 538 357 576 in
386 538 491 578 hanc
521 537 641 577 fidem
671 539 946 589 persuasionis
983 541 1238 590 receperunt,
1274 540 1339 589 ut,
1379 539 1414 578 si
1443 539 1519 578 hoc

136 598 318 649 fficiam,
333 610 452 638 nemo
483 599 663 639 miretur.
726 600 789 639 vis
821 599 939 649 scire,
969 601 1112 648 mater,
1150 613 1270 650 quem
1300 599 1519 648 adfectum,

138 671 260 710 quam
298 660 567 699 reverentiam
606 661 651 698 in
692 659 992 700 calamitatibus
1035 661 1164 699 amico
1204 662 1412 711 praestare
1452 660 1519 700 de—

135 718 330 759 beamus?
390 720 547 759 nullam
577 721 709 772 legem
739 721 890 770 timuit,
921 733 971 759 ne
1001 721 1306 771 relinqueretur.

83 795 119 822 ιο
227 779 380 820 Differo
411 782 577 820 interim
609 793 772 820 causam
803 782 1020 831 amicitiae,
1053 795 1171 833 agere
1203 782 1411 832 paulisper
1435 794 1519 821 om-

136 841 252 880 nium
283 840 401 881 libet:
433 844 474 881 et
504 843 702 892 tyrannus
732 842 835 881 mihi
866 842 1048 892 credidit,
1078 843 1171 882 volo
1202 843 1362 882 reverti.
1413 842 1521 881 nulli

137 914 328 952 unquam,
359 903 502 952 mater,
532 902 625 953 plus
657 904 860 942 commisit
889 903 999 954 fides,
1031 905 1234 942 neminem
1263 904 1394 955 magis
1420 903 1519 942 obli-

138 964 341 1014 gaverunt
379 964 687 1014 expectationes.
745 963 915 1003 credidit
954 964 1055 1003 mihi
1095 964 1215 1004 homo
1256 964 1321 1003 cui
1357 977 1422 1003 res
1459 964 1520 1003 fa-

136 1022 331 1063 vorabilis
359 1023 572 1075 contingit,
604 1024 639 1063 si
664 1023 864 1074 decipitur
895 1025 966 1075 qui
997 1025 1075 1063 sibi
1106 1025 1354 1077 excogitasse
1380 1026 1521 1064 contra

84 1097 120 1125 1⁵
139 1096 275 1123 omnes
307 1085 457 1124 amicos
488 1084 661 1134 videtur,
692 1087 739 1123 ut
768 1085 832 1124 illi
862 1086 1159 1136 inponeremus.
1210 1098 1291 1125 non
1323 1087 1384 1125 est
1413 1085 1519 1136 quod

136 1144 238 1183 mihi
275 1145 494 1196 supplicia,
538 1145 647 1196 quod
684 1158 845 1185 omnem
886 1146 1028 1185 mortis
1072 1148 1335 1197 apparatura,
1378 1148 1520 1195 mater,

138 1217 331 1256 opponas.
393 1206 552 1245 facinus
583 1208 662 1256 est,
699 1206 742 1244 id
773 1208 934 1245 tantum
964 1207 1194 1247 hominibus
1228 1207 1329 1246 bene
1361 1207 1519 1246 credere

139 1265 248 1316 quod
277 1266 451 1317 expedit,
483 1267 524 1306 et
549 1268 685 1306 actum
716 1269 777 1306 est
808 1267 857 1306 de
881 1266 999 1306 rebus
1030 1268 1231 1317 humanis,
1262 1268 1297 1307 si
1322 1268 1409 1307 sola
1440 1280 1520 1306 ser-

138 1328 259 1366 vatur
296 1326 539 1366 utilitatium
575 1326 685 1367 fides.
747 1327 953 1367 infinitum
985 1331 1047 1367 est
1078 1330 1277 1378 quantum
1307 1328 1408 1367 mihi
1439 1341 1520 1367 cre—

84 1401 122 1428 so
139 1386 288 1426 diderit
316 1389 528 1438 tyrannus,
559 1388 594 1427 si
624 1402 688 1428 me
721 1388 912 1428 occiderit
941 1401 1156 1428 reversum.

229 1447 455 1500 Intellegit,
492 1448 663 1499 iudices,
703 1451 744 1487 et
758 1449 863 1500 >ipsa
899 1451 1031 1488 mater
1061 1450 1238 1500 quantae
1268 1448 1518 1489 reverentiae
1544 1448 1568 1485 8

139 1508 273 1547 locum
310 1510 464 1549 amicus
503 1510 705 1560 optineat,
744 1522 846 1560 quae
887 1510 1033 1560 incipit
1069 1509 1308 1549 contendere
1346 1510 1520 1550 adfectu.

139 1568 219 1608 nisi
248 1569 371 1608 fallor
400 1570 541 1621 igitur,
572 1582 662 1608 cum
695 1583 769 1622 ego
801 1571 878 1609 sim
908 1571 1080 1609 materia
1111 1571 1209 1621 litis,
1239 1570 1315 1611 hoc
1345 1571 1522 1621 primum

141 1630 355 1668 aestimare
399 1629 570 1679 debetis,
614 1631 705 1669 uter
746 1632 791 1669 in
830 1644 922 1670 mea
962 1631 1194 1671 calamitate
1234 1631 1326 1683 plus
1369 1631 1519 1671 fecerit.

86 1704 122 1731 25
141 1691 235 1729 ante
280 1692 417 1729 omnia
458 1692 648 1741 permitte
685 1691 787 1730 mihi
829 1691 878 1730 de
921 1692 998 1731 hoc
1042 1692 1222 1731 adfectus
1259 1692 1324 1731 tui
1365 1705 1522 1745 genere,

140 1752 283 1800 mater,
315 1750 439 1801 queri.
497 1751 596 1802 quid
625 1752 702 1790 fibi
732 1753 819 1791 tam
842 1752 996 1802 rabido,
1026 1755 1113 1792 tam
1143 1752 1359 1803 praecipiti
1384 1753 1522 1792 dolore

140 1809 336 1850 voluisti?
386 1811 483 1862 quid
515 1811 693 1852 adversis
724 1814 806 1852 tuis
836 1815 1041 1864 praestare
1072 1814 1218 1853 faciem
1244 1816 1286 1852 et
1315 1814 1358 1852 in
1384 1814 1521 1853 oculos

140 1872 233 1911 tuos
265 1873 444 1923 accipere
475 1871 690 1911 nuntium?
752 1886 832 1912 11011
862 1874 1066 1924 reliquisti
1095 1874 1186 1924 tibi,
1216 1876 1264 1913 ut
1294 1874 1522 1924 redimeres,

217 2064 235 2096 1
257 2060 425 2106 quium,
440 2061 614 2107 quidm
664 2061 804 2097 definis
819 2068 863 2106 n,
883 2073 975 2098 corr.
991 2069 1015 2097 ι,
1064 2040 1214 2108 ῖξέὲρηε
1234 2069 1262 2096 v
1319 2065 1340 2097 2
1362 2062 1521 2098 coiimus

145 2107 229 2145 obr.
306 2112 327 2143 5
354 2109 554 2144 immotum
572 2115 643 2144 BV
705 2122 775 2146 nus
794 2116 841 2154 Β,
861 2121 908 2156 ge
928 2122 1029 2156 supr.
1045 2118 1069 2146 b
1144 2115 1164 2147 6
1189 2110 1468 2160 Ρθτευαᾲείοηίε
1487 2117 1525 2146 Β

144 2160 188 2192 12
215 2156 290 2192 fide
316 2157 348 2192 si
373 2163 443 2192 BV
550 2161 594 2192 13
621 2158 896 2204 expectationis
920 2165 958 2194 Β
1054 2158 1293 2204 favorabilis3
1318 2172 1342 2195 v
1367 2171 1412 2195 ea:
1436 2159 1462 2194 b
1487 2166 1525 2194 Β

145 2209 190 2240 16
221 2216 331 2241 omne
363 2206 496 2242 martis
521 2212 574 2250 Β;
610 2217 759 2242 omnem
790 2207 884 2243 artis
917 2214 1005 2252 ηυς
1042 2219 1191 2243 omnem
1222 2208 1355 2244 martis
1389 2214 1430 2242 11

143 2257 189 2289 18
215 2254 269 2290 et:
296 2255 341 2290 ut
366 2263 393 2289 σ
502 2257 546 2290 19
571 2253 800 2291 utilitatium
824 2262 876 2291 B:
905 2268 986 2291 -um
1010 2257 1146 2302 reliqui
1245 2261 1288 2292 21
1317 2257 1462 2302 quanta
1488 2262 1525 2290 Β

142 2305 189 2338 23
215 2313 298 2337 sum
324 2308 350 2337 S
425 2303 457 2339 si
482 2302 744 2339 materialiciis
768 2310 807 2340 Β
891 2308 937 2339 24
962 2306 1007 2340 ut
1032 2311 1111 2347 αβ]
1189 2305 1317 2340 media
1343 2311 1370 2339 V
1438 2307 1524 2350 post

142 2385 228 2410 mea
252 2387 326 2411 ras.
349 2378 371 2411 5
397 2376 452 2411 vel
479 2379 503 2411 6
528 2376 596 2411 litt.
618 2381 662 2411 Μ
750 2380 795 2411 25
820 2364 886 2412 {te
912 2383 949 2411 Β
1033 2377 1089 2413 tui
1115 2387 1224 2421 0112..ss
1318 2380 1362 2412 26
1390 2375 1523 2422 quaeri

142 2428 180 2458 Β
275 2423 411 2469 rapido
436 2438 458 2466 γ
557 2427 603 2460 28
629 2425 821 2461 nuntium:
848 2425 1075 2461 heneficium
1100 2431 1147 2461 N
