1638 2560
191 130 281 172 244
618 126 961 163 CADAVERIBVS
987 126 1129 162 PASTI

190 244 372 295 quamvis
411 255 530 283 sensu
571 247 733 281 careant
777 243 890 280 muta
935 241 1146 290 animalia,
1190 241 1383 292 pleraque
1426 242 1566 280 tamen

120 306 167 342 27
189 304 466 344 innocentibus
493 303 591 342 cibis
611 304 839 352 vescuntur,
864 303 926 340 uti
946 314 1126 352 quaeque
1153 303 1406 340 consuerunt.
1456 301 1564 341 inter

189 365 368 404 homines
401 364 524 403 etiam
555 363 590 402 si
623 376 702 413 qua
735 363 876 402 alienis
907 362 1096 401 membris
1128 361 1354 412 inprimunt
1391 361 1563 412 dentem,

190 427 330 463 mutuo
362 426 497 463 tamen
528 424 686 462 laniatu
718 423 933 472 abstinent,
967 435 1040 461 nec
1074 423 1134 461 est
1166 422 1248 461 ulla
1280 428 1404 473 supra
1434 424 1565 462 terras

192 486 288 524 adeo
325 485 485 523 rabiosa
522 485 640 523 belua
679 483 742 522 cui
780 497 860 523 non
897 484 1032 535 imago
1071 495 1145 522 sua
1182 484 1324 522 sancta
1365 483 1429 523 sit.
1491 495 1564 522 nos
1602 497 1619 525 5

191 545 334 596 quibus
367 545 503 584 divina
535 544 790 595 providentia
821 545 1002 583 mitiores
1034 543 1143 583 cibos
1176 544 1383 593 concessit,
1418 543 1564 594 quibus

190 607 341 644 sociare
385 605 573 656 populos,
617 606 757 643 mutuo
799 604 973 656 gaudere
1012 604 1224 654 comitatu,
1268 603 1401 644 sidera
1438 604 1565 644 oeulis

191 666 412 715 animisque
445 678 603 704 cernere
636 665 775 704 datum
807 667 883 714 est,
916 665 1004 704 visa
1036 677 1115 703 non
1149 666 1242 704 ante
1274 677 1346 704 nos
1380 664 1567 704 fecimus:

189 727 324 778 nigros
350 727 455 765 fame
476 726 613 764 dentes
639 726 803 776 pallidis
828 725 1091 764 cadaveribus
1110 725 1374 776 inpressimus
1395 726 1435 764 et
1460 726 1567 765 inter

189 787 394 825 horrorem
425 798 471 825 ac
509 787 659 825 famem
688 786 884 825 restrictis
922 785 1047 824 labris
1079 798 1237 826 morsus
1275 785 1564 839 abrumpimus.
1586 800 1620 827 ιο

191 847 385 886 cadavera
415 848 523 898 rogis
556 847 745 886 devoluta
777 849 891 896 sunt,
924 849 964 885 et
996 846 1048 885 ad
1079 846 1241 896 funera,
1271 848 1483 898 tamquam
1514 846 1567 885 ad

191 921 330 956 naves,
369 908 651 946 concurrimus.
715 906 848 946 deficit
889 907 1037 957 aliquis
1078 909 1255 946 extremo
1295 907 1378 946 iam
1419 907 1566 958 spiritu

190 968 377 1018 pendens,
403 970 534 1006 tamen
558 968 688 1017 durat,
709 968 805 1018 quia
830 968 941 1018 prius
967 969 1209 1006 moriturum
1228 967 1401 1007 alterum
1426 969 1566 1019 putat:

190 1029 363 1066 invicem
406 1030 633 1078 expectant,
673 1030 730 1077 et,
772 1029 806 1067 si
845 1029 930 1078 spei
966 1028 1207 1080 figuratione
1245 1028 1401 1068 tardius
1439 1027 1566 1078 cadet,

191 1088 388 1127 morsibus
431 1091 597 1140 pugnat.
660 1102 741 1128 non
784 1090 827 1127 in
872 1089 1055 1128 omnibus
1099 1091 1248 1129 mortes
1293 1090 1566 1140 expectantur,
1586 1102 1620 1130 15

190 1150 307 1199 pater
337 1149 482 1187 liberos
516 1149 653 1198 esurit,
687 1151 727 1188 et
758 1162 948 1200 oppressa
974 1150 1128 1188 decimo
1160 1162 1295 1189 mense
1327 1151 1457 1190 mater
1488 1149 1567 1188 sibi

192 1209 317 1259 parit,
349 1209 453 1248 redit
489 1210 532 1247 in
570 1211 727 1248 uterum
765 1210 964 1249 laceratus
1002 1209 1147 1249 infans.
1210 1210 1378 1250 cludunt
1415 1210 1566 1260 domoS,

191 1282 239 1307 ne
273 1270 362 1319 quis
394 1270 512 1307 funus
542 1269 698 1320 eripiat.
750 1271 857 1309 solae
885 1272 978 1310 sunt
1004 1270 1172 1310 divitiae
1198 1271 1390 1309 mortium
1453 1270 1567 1310 velut

191 1330 393 1368 infaustae
432 1343 524 1369 aves
570 1343 692 1381 supra
733 1333 960 1381 expirantes
1005 1333 1168 1371 stamus.
1233 1333 1386 1371 secreta
1429 1331 1568 1371 miseri

191 1392 351 1440 petunt,
388 1391 432 1428 in
469 1391 728 1429 solitudinem
767 1392 945 1443 fugiunt,
987 1394 1027 1431 et
1066 1392 1137 1430 ubi
1177 1391 1290 1430 nulla
1329 1403 1419 1442 spes
1456 1391 1566 1444 vitae
1585 1405 1620 1432 20

193 1453 390 1501 superest,
427 1453 575 1490 mortes
607 1464 700 1490 suas
733 1452 1000 1491 abscondunt:
1037 1453 1120 1491 iam
1150 1452 1338 1491 morituri
1371 1452 1424 1491 ad
1460 1453 1566 1492 feras

194 1511 441 1562 confugiunt.

121 1570 172 1607 28
282 1571 469 1620 Dehisce,
502 1574 626 1621 terra,
659 1573 699 1611 et
730 1573 832 1612 hanc
864 1575 1026 1612 noxiam
1058 1573 1281 1623 civitatem,
1317 1573 1352 1613 si
1382 1573 1458 1614 hoc
1489 1574 1567 1613 sal-

192 1632 275 1669 tem
312 1631 372 1670 fas
412 1633 488 1682 est,
532 1633 682 1671 haustu
727 1633 862 1683 aliquo
896 1633 946 1672 ad
989 1635 1139 1673 inferos
1178 1633 1312 1673 conde.
1377 1634 1566 1674 caelestes

194 1703 311 1730 auras
344 1693 616 1731 contaminato
655 1694 800 1743 spiritu
838 1694 1055 1744 polluimus
1095 1697 1134 1734 et
1173 1694 1369 1734 sideribus
1409 1707 1454 1734 ac
1486 1694 1567 1733 diei
1586 1707 1622 1734 25

193 1764 334 1803 graves
366 1752 562 1791 invidiam
588 1754 745 1792 saeculo
779 1755 958 1794 facimus.
1009 1756 1142 1794 nullas
1167 1756 1250 1794 iam
1276 1767 1391 1806 spero
1417 1755 1567 1807 fruges,

194 1812 390 1863 propitios
430 1812 522 1852 deos
561 1827 640 1852 non
678 1827 842 1855 mereor.
907 1816 1105 1865 quomodo
1143 1828 1207 1854 me
1240 1828 1265 1854 a
1296 1816 1444 1855 scelere
1478 1827 1567 1854 meo

194 1871 451 1911 divellerem‘t'
481 1874 525 1912 in
546 1887 645 1924 quas
672 1875 835 1914 ultimas
861 1877 1001 1926 terras,
1022 1889 1124 1927 quae
1149 1876 1413 1926 inhospitalia
1438 1877 1571 1915 maria

291 1991 309 2022 1
336 1987 457 2023 multa
481 1994 518 2023 B
632 1988 825 2038 tamentssss,
850 1996 887 2025 B
1002 1995 1022 2026 6
1050 1990 1470 2037 concessit—populos
1497 1991 1519 2027 l.
1544 1994 1567 2027 7

192 2047 259 2072 om.
282 2042 338 2080 M,
367 2037 473 2080 infra
497 2037 627 2073 ultimo
652 2049 759 2074 versu
786 2037 870 2074 add.
891 2053 933 2073 m
1057 2042 1077 2074 8
1109 2040 1191 2075 visa
1216 2051 1292 2076 non
1318 2040 1407 2076 ante
1433 2051 1501 2075 nos
1529 2047 1567 2075 ¹3:

192 2107 247 2143 vis
280 2118 398 2143 annos
424 2115 564 2153 BVPff3
597 2096 667 2144 11)ιῖ
691 2110 750 2155 (z
771 2114 966 2155 mmmmm
998 2123 1040 2147 or
1070 2123 1171 2157 supr.
1193 2113 1248 2158 m)
1282 2122 1400 2148 annos
1427 2118 1483 2156 M;
1511 2111 1590 2147 vis·-

194 2167 311 2202 agnos
339 2167 456 2192 annos
483 2163 509 2192 S
609 2161 652 2192 10
678 2157 751 2193 1100
777 2169 898 2194 rorem
918 2165 955 2194 B
1050 2161 1262 2196 restrinctis
1287 2167 1316 2195 V
1415 2160 1568 2206 abrupi-

191 2240 275 2264 mus
301 2234 357 2263 Soe
452 2233 495 2264 11
531 2229 714 2265 cadavera
740 2242 784 2266 eoe
810 2230 859 2266 -ri
886 2238 927 2266 M
1024 2236 1068 2268 15
1099 2213 1327 2280 efipeetaff&
1350 2239 1403 2277 B3
1436 2243 1570 2278 expec-

192 2278 305 2312 tantu
324 2283 361 2312 P
434 2282 477 2313 16
504 2277 650 2314 decimo
670 2289 815 2314 mense:
844 2280 1007 2316 decimse
1032 2287 1084 2325 33
1112 2293 1133 2317 0
1159 2283 1202 2317 in
1226 2293 1299 2318 ras.
1321 2287 1365 2316 Μ
1437 2284 1480 2316 19
1507 2292 1570 2316 ex-

192 2325 360 2371 pirantes
387 2334 426 2361 cr:
461 2326 673 2372 aspirantes
701 2341 741 2371 ας
776 2327 963 2373 spirantes
990 2338 1032 2371 βγ
1154 2333 1199 2365 20
1233 2331 1271 2365 et
1287 2351 1328 2355 —
1345 2326 1580 2375 confugiunt·

193 2374 216 2410 l.
235 2376 287 2410 22
311 2384 379 2410 om.
401 2380 438 2409 B
541 2378 583 2410 21
611 2375 743 2410 mortis
770 2382 798 2409 V
891 2380 936 2411 24
961 2377 1090 2413 hausti
1117 2387 1135 2421 β
1234 2381 1278 2414 25
1309 2388 1418 2414 aures
1443 2383 1574 2420 BMssJ

193 2425 237 2457 ⁶27
266 2421 314 2458 ab
341 2428 385 2457 M
479 2422 636 2458 scelere:
665 2423 742 2465 selo
769 2430 805 2458 Ρ
