1638 2560
673 100 964 137 PRAEFATIO.
1425 101 1514 137 XXI

123 216 430 269 explanationes
467 216 768 267 suprascriptae
805 218 902 255 sunt
938 216 1088 256 additis
1126 217 1235 255 notis
1271 217 1418 255 seilicet
1447 216 1514 255 vel

123 278 169 318 id
198 280 266 317 esi.
322 289 425 327 quae
456 289 587 326 neque
625 276 831 315 emendari
867 290 998 327 neque
1035 277 1245 327 explanari
1280 278 1514 327 potuerunt,

122 337 355 391 significata
397 338 493 376 sunt
529 336 637 376 notis
675 335 697 375 ἶ·
727 337 793 376 vel
836 336 884 386 ῖᾷ
929 332 995 391 (=
1029 331 1211 390 require)
1248 337 1314 376 vel
1355 334 1406 386 ᾖ
1445 332 1512 390 (=

125 411 275 451 quaere
297 429 305 436 .

216 392 408 508 Ea)quae
432 459 476 497 in
503 456 791 496 Colbertino
818 458 964 497 desunt
989 459 1231 509 supplentur
1261 457 1398 497 codice
1423 457 1512 496 Pa-

122 520 280 560 risino
315 514 494 572 78021)
526 518 796 558 bibliothecae
832 519 1071 568 nationafis,
1108 519 1207 558 olim
1244 518 1513 557 bibliothecae

125 580 312 621 conditae
352 579 404 618 ab
442 578 657 618 Francisco
687 579 710 618 I
748 592 851 629 quae
892 579 1042 618 dicitur
1081 579 1263 618 librairie
1295 579 1343 618 de
1387 578 1514 628 Blois,

123 641 277 682 saeculi
294 640 374 679 XII
400 639 582 679 exeuntis
607 639 674 679 vel
692 639 794 678 XIII
817 640 995 679 ineuntis
1020 639 1327 679 membranaceo
1353 634 1428 693 (31
1453 646 1512 680 ><

126 703 180 741 21
215 696 299 754 cm)
338 701 531 739 foliorum
567 700 622 739 88
665 700 838 739 duarum
887 702 1168 739 columnarum
1213 713 1404 739 versuum
1442 701 1512 738 41.

124 762 204 802 duo
235 761 394 800 librarii
425 774 517 799 eum
548 761 688 799 eodem
719 763 900 811 tempore
933 762 1204 800 exaraverunt
1227 762 1300 810 ita,
1331 763 1378 800 ut
1409 762 1515 800 alter

47 809 53 813 ³
122 823 193 863 fol.
222 823 369 861 1-12
408 824 450 860 et
490 822 688 871 23-27,
725 822 831 860 alter
867 822 1026 872 reliqua
1064 821 1288 860 conficeret.
1350 821 1514 860 litterae

123 883 306 923 initiales
336 882 459 921 rubro
492 884 534 921 et
564 882 687 921 viridi
719 883 851 921 colore
879 884 1014 933 pictae
1045 885 1150 922 sunt.
1207 882 1311 921 liber
1342 882 1514 921 eundem

122 943 293 996 praebet
316 945 473 982 textum
499 945 622 993 atque
646 942 857 982 Parisinus
892 944 1021 993 7800,
1053 943 1195 982 multis
1226 945 1366 982 tamen
1390 943 1514 982 libra-

121 1006 277 1044 riorum
307 1003 486 1054 peccatis
519 1005 560 1043 et
591 1003 760 1054 syllabis
792 1004 996 1043 voculisve
1032 1005 1190 1043 omissis
1222 1003 1408 1042 foedatus
1440 1006 1514 1052 est,

122 1078 215 1105 cum
245 1064 407 1104 librarii
436 1065 545 1104 iusto
576 1064 856 1116 neglegentius
888 1078 1053 1104 munere
1085 1077 1158 1103 suo
1190 1065 1321 1103 functi
1353 1065 1445 1103 sint.

213 1125 276 1164 Ex
306 1138 476 1164 numero
501 1125 699 1164 librorum
723 1125 967 1164 recensionis
999 1141 1040 1178 γ,
1073 1139 1199 1164 unum
1228 1126 1393 1164 nomino
1425 1124 1514 1163 Pa-

121 1187 330 1227 risinum
365 1186 424 1224 15
439 1180 582 1239 103²)
614 1186 685 1235 qui
715 1187 824 1225 inter
855 1187 941 1225 eius
980 1187 1120 1225 classis
1152 1186 1307 1225 codices
1340 1185 1514 1235 excellit,

121 1247 475 1286 membranaceum
505 1247 661 1285 formae
687 1248 855 1285 octavae
888 1247 1080 1285 foliorum
1114 1247 1200 1285 235
1232 1259 1422 1285 versuum
1456 1247 1511 1285 32

121 1308 187 1348 vel
227 1309 283 1347 35
322 1307 390 1346 vel
428 1308 498 1346 40.
562 1306 684 1346 codex
723 1309 811 1346 erat
850 1307 946 1346 olim
984 1308 1223 1346 monasterii
1265 1306 1303 1345 S.
1334 1307 1514 1346 Victoris

122 1368 232 1419 quod
269 1367 352 1407 fuit
391 1381 517 1418 prope
559 1367 755 1418 Parisios,
803 1368 908 1406 sicut
949 1371 1120 1419 apparet
1161 1381 1208 1406 ex
1250 1368 1514 1407 adnotatione

124 1442 230 1480 quae
266 1429 420 1480 legitur
457 1429 526 1468 fol.
555 1429 667 1467 63¹⁰:
704 1429 809 1467 hwnc
845 1429 993 1468 librum
1031 1430 1241 1477 acquisivit
1275 1430 1515 1467 monasterio

122 1491 252 1530 semoti
285 1489 452 1528 Victoris
476 1500 606 1538 prope
630 1489 812 1528 Parisios
835 1491 964 1539 frater
988 1490 1165 1528 Ioannes
1189 1489 1388 1528 Lamasse
1418 1490 1514 1528 dum

123 1553 223 1590 esset
239 1551 357 1599 prior
383 1549 557 1589 eiusdem
583 1544 818 1603 eoelaeiaeff’),
845 1549 951 1589 unde
977 1551 1015 1589 ei
1039 1562 1182 1589 nomen
1211 1550 1324 1588 dedit
1342 1549 1513 1589 Victo-

121 1610 223 1649 rini
248 1609 484 1650 Obrechtus.
541 1611 582 1649 in
616 1610 720 1649 libro
754 1611 825 1660 qui
857 1613 918 1649 est
948 1610 1229 1650 miscellaneus
1261 1610 1515 1649 saeculorum

123 1671 352 1719 XII—XV,
377 1670 518 1710 insunt
543 1667 774 1710 ‘Petrarcae
794 1671 890 1710 libri
908 1671 951 1710 Π
977 1671 1026 1710 de
1052 1672 1139 1710 vita
1165 1671 1362 1720 solitaria,
1390 1671 1513 1717 Quin-

122 1732 261 1771 tiliani
291 1731 340 1770 de
374 1732 517 1782 causis,
550 1731 677 1770 Tullii
702 1731 751 1770 de
777 1731 923 1771 officiis
954 1732 1051 1771 libri
1075 1732 1151 1781 m,
1183 1731 1362 1770 eiusdem
1389 1731 1515 1770 Tullii

123 1792 228 1832 liber
258 1791 307 1831 de
334 1794 552 1843 senectute,
584 1792 762 1831 eiusdem
788 1792 837 1831 de
871 1793 1065 1842 amicitia,
1098 1792 1274 1832 eiusdem
1307 1792 1517 1842 paradoxa

122 1849 370 1893 stoicorum’.
421 1852 734 1892 declamationes
766 1854 927 1892 saeculo
954 1853 1034 1892 XII
1058 1854 1230 1903 scriptas
1257 1866 1361 1903 quae
1386 1854 1513 1891 confi-

120 1915 270 1952 nentur
299 1913 370 1952 fol.
397 1913 620 1962 64-157,
651 1915 853 1953 corrector
879 1914 1057 1954 eiusdem
1088 1915 1235 1953 aetatis
1261 1914 1513 1952 retractavit.

121 1973 289 2013 lacunas
315 1973 513 2024 quasdam
538 1973 740 2024 finemque
766 1976 960 2014 omissum
986 1975 1079 2013 inde
1107 1987 1132 2012 a
1150 1974 1302 2013 verbis:
1326 1976 1362 2014 si
1382 1977 1514 2013 tamen

121 2030 180 2086 (p.
203 2035 304 2084 351,
326 2029 402 2086 10)
429 2034 637 2085 supplevit
661 2034 851 2074 librarius
875 2036 1027 2074 saeculi
1052 2035 1127 2074 XV
1147 2048 1195 2074 ex
1220 2034 1324 2074 libro
1349 2035 1515 2074 infimae

120 2097 253 2135 notae.
310 2095 625 2134 declamationes
664 2098 829 2145 praeter
866 2095 1016 2134 XHI⁸¹¹²
1052 2096 1186 2135 titulis
1228 2098 1378 2134 carent.
1435 2096 1514 2134 ini—

119 2156 240 2195 tiales
271 2154 394 2194 viridi
425 2155 557 2195 colore
588 2155 722 2206 pictae
754 2160 859 2194 sunt.

222 2297 256 2340 1)
283 2294 330 2330 cf.
358 2293 584 2338 Hammer,
609 2307 646 2341 p.
668 2298 726 2339 23,
754 2295 998 2339 Dessauer,
1025 2309 1061 2342 p.
1084 2301 1140 2332 28.

219 2346 256 2388 2)
283 2342 330 2379 cf.
356 2342 583 2387 Hammer,
609 2356 646 2389 p.
668 2347 726 2387 25,
753 2343 999 2387 Deseauer,
1026 2357 1060 2391 p.
1084 2349 1140 2381 29.

218 2395 254 2438 3)
283 2395 532 2428 1448—1458.
