1638 2560
451 105 770 143 DECLAMATIO
796 105 919 142 XVIII
939 107 1092 141 13-15,
1375 103 1464 146 333

175 222 356 263 Mirabar
379 224 420 262 et
445 235 532 274 ego,
563 221 728 271 iudices,
753 220 788 260 si
812 222 900 259 tam
924 219 1099 259 nefanda
1125 219 1311 270 quaestio
1338 219 1465 258 alium

85 284 238 324 exitum
266 282 466 334 potuisset
496 282 643 321 habere
676 293 800 332 quam
830 282 1014 320 mortem.
1065 281 1131 319 hic
1164 282 1225 319 est
1255 279 1467 330 parricidii

85 344 228 397 pudor,
266 345 324 383 sic
366 343 558 383 desinunt
595 355 698 392 quae
741 342 918 393 incipere
962 354 1044 381 non
1087 341 1243 380 debent.
1307 340 1465 379 facinus

87 403 354 456 quaestionis,
392 403 523 454 operis
564 403 710 443 scelere
750 403 902 442 maiore
943 403 1050 441 exire
1090 401 1168 440 tibi
1204 401 1353 441 videris
1393 414 1468 452 per

48 479 68 506 5
88 465 314 506 orbitatem.
377 465 524 504 scimus
555 463 661 502 unde
692 464 850 502 venerit
886 464 967 502 ista.
1004 462 1227 511 contentio,
1266 462 1370 500 nihil
1401 475 1465 500 ex-

86 527 207 566 torsit
243 526 416 565 saevitia
458 525 616 564 misero.
678 523 808 562 vincit
849 524 1106 574 torquentem
1144 523 1215 574 qui
1257 522 1465 562 occiditur.

177 586 350 626 Iamiam
385 598 467 625 non
503 586 630 624 miror
664 584 772 634 quod
807 585 902 635 post
938 585 1018 623 ista
1049 596 1130 623 non
1159 583 1282 623 habes
1315 596 1466 633 vocem,

84 646 211 686 verba
246 658 328 686 non
364 646 532 685 invenis.
594 646 759 684 unicum
797 646 882 684 sine
918 646 1022 684 teste
1059 645 1264 694 lacerasti,
1302 645 1467 683 unicum

89 707 289 757 occidisti,
327 707 403 747 soli
438 706 515 746 tibi
546 706 690 745 deinde
722 706 784 744 vis
815 705 945 744 videri
981 705 1110 744 celare
1149 705 1305 744 facinus
1345 706 1386 744 et
1422 706 1466 743 in

35 782 70 810 io
89 767 305 820 purn'eidio
338 767 500 818 quaeris
532 766 697 805 aliunde
734 765 958 805 tristitiam.
1019 767 1281 816 praepostera
1311 778 1374 805 res
1407 767 1468 804 est

88 828 219 868 filium
250 828 446 878 occidere,
485 827 629 866 deinde
668 826 909 866 erubescere.
970 826 1032 865 fas
1064 839 1144 865 non
1176 828 1238 865 est
1268 839 1349 865 non
1381 838 1467 866 esse

90 891 242 937 notum,
266 890 434 940 propter
450 888 560 939 quod
585 900 626 927 se
651 887 853 938 parricida
878 888 998 938 putat
1023 887 1288 926 innocentem.
1340 887 1467 938 eligas

90 951 230 989 utrum
259 949 388 989 voles:
427 951 499 988 aut
527 949 732 988 tormenta
769 948 933 987 damnes
964 960 1124 987 necesse
1156 949 1217 986 est
1249 950 1320 987 aut
1348 948 1466 986 silen-

90 1011 204 1050 tium.
252 1010 363 1061 quod
392 1022 474 1049 non
506 1009 624 1048 debet
654 1009 838 1058 indicari,
872 1021 953 1047 non
985 1007 1104 1047 debet
1136 1009 1288 1058 quaeri.
1338 1009 1468 1059 possis

37 1084 71 1112 16
90 1071 219 1110 videri
237 1069 433 1119 fortassis,
453 1069 725 1109 crudelissime
751 1082 881 1117 5611611,
909 1069 1115 1108 silentium
1141 1067 1224 1108 fflio
1249 1070 1468 1119 praestare,
1509 1085 1511 1088 ·

91 1133 127 1172 si
156 1131 321 1172 viveret.
383 1132 620 1181 consumpta
651 1131 712 1170 est
741 1130 903 1180 paterni
934 1129 1107 1169 nominis
1139 1129 1299 1181 religio,
1340 1129 1469 1168 omnis

90 1192 256 1244 pietatis
287 1191 448 1231 sublata
478 1191 714 1230 reverentia.
778 1191 812 1230 si
843 1190 918 1230 hoc
949 1190 1018 1228 ille
1050 1190 1216 1239 meruit,
1250 1202 1396 1240 parum
1426 1190 1470 1228 in

93 1253 343 1304 quaestione,
387 1265 532 1303 parum
574 1252 741 1291 ultionis
782 1252 825 1289 in
862 1252 992 1289 morte
1030 1252 1102 1289 est.
1163 1250 1370 1290 vindicare
1407 1251 1470 1289 vis

94 1311 410 1353 confessionem?
441 1312 584 1351 traduc
616 1312 788 1351 cadaver
814 1312 855 1350 et
885 1324 1006 1362 super
1035 1311 1109 1349 illa
1134 1311 1302 1350 vulnera
1334 1323 1470 1350 omnes

39 1387 75 1415 zo
92 1387 197 1425 pone
227 1385 381 1413 causas.
443 1386 524 1412 non
556 1375 618 1412 est
649 1372 827 1412 eiusdem
863 1372 984 1411 fateri
1016 1384 1087 1410 cur
1117 1372 1299 1420 torseris,
1338 1373 1379 1410 et
1408 1373 1481 1410 ta-¹

94 1447 182 1474 cere
207 1447 278 1473 cur
309 1433 514 1474 occideris.
565 1433 663 1484 quid
695 1433 766 1482 ais,
793 1433 1041 1472 severissime
1065 1430 1296 1482 parricida?
1339 1431 1472 1470 filium
1493 1429 1543 1467 15

94 1494 375 1545 consumpsisti
408 1508 480 1545 per
510 1494 691 1546 flagella,
729 1506 801 1545 per
828 1494 1016 1535 laminas.
1078 1494 1194 1544 potes
1228 1491 1375 1544 agere?
1410 1493 1472 1532 vi-

95 1567 206 1595 scera
244 1555 292 1594 de
327 1556 411 1594 tuis
448 1556 643 1605 concepta
680 1554 890 1604 vitalibus,
930 1554 1168 1605 sanguinem
1205 1553 1275 1604 qui
1311 1553 1361 1592 de
1399 1554 1472 1593 tua

95 1615 214 1655 fluxit
251 1616 403 1665 anima,
441 1628 522 1654 non
557 1615 737 1664 insania,
775 1627 855 1653 non
887 1614 1021 1653 furore
1053 1613 1140 1663 sed,
1178 1615 1379 1664 quantum
1409 1615 1473 1653 vis

42 1689 77 1717 26
96 1675 242 1725 videri,
280 1676 465 1725 consilio,
503 1676 705 1727 gravitate
742 1676 941 1715 lacerasti.
1004 1676 1118 1725 potes
1150 1672 1313 1714 tacere?
1352 1687 1474 1725 super

96 1737 265 1775 vulnera
300 1736 426 1786 unici,
470 1749 592 1786 super
629 1738 768 1775 exutos
808 1737 918 1774 artus
955 1735 1194 1774 metuendus
1232 1734 1394 1774 adsistis
1433 1737 1474 1774 et

98 1809 238 1836 causas
265 1797 480 1846 quaerente
505 1798 646 1847 matre,
681 1797 897 1846 quaerente
921 1796 1072 1847 populo
1099 1796 1174 1835 hoc
1198 1796 1330 1835 solum
1356 1796 1472 1836 dieis:

98 1853 286 1897 ‘occidi’P
330 1858 519 1896 contenta
563 1869 647 1896 esse
688 1856 806 1896 debet
841 1855 1022 1896 incerto?
1083 1856 1326 1908 interrogari
1368 1869 1474 1895 nunc

97 1919 151 1969 te,
180 1918 337 1967 marite,
370 1917 498 1957 credis
530 1930 554 1956 a
584 1919 715 1956 matre
746 1915 864 1956 sola?
925 1929 1065 1956 causas
1097 1917 1240 1956 mortis
1270 1917 1382 1956 illius
1413 1930 1474 1956 re-

196 2074 216 2105 2
243 2035 433 2118 poguisset
458 2064 498 2119 4:ss
522 2075 559 2104 Β
643 2072 664 2104 5
690 2068 921 2105 horbitatem
946 2074 984 2103 B
1069 2071 1088 2103 7
1116 2044 1239 2104 habet?
1258 2075 1286 2103 V
1355 2072 1376 2104 9
1401 2068 1476 2104 vis-

100 2143 156 2179 vis
181 2149 210 2177 V
307 2129 409 2178 &lare
435 2148 471 2177 Β
581 2145 625 2177 10
651 2141 821 2177 saliende
846 2148 883 2176 Β
984 2142 1230 2187 praepostera
1254 2151 1341 2176 rara
1366 2152 1425 2176 res
1452 2155 1476 2176 α

103 2195 146 2227 11
173 2190 231 2227 fas
257 2202 302 2227 ex
326 2189 391 2226 fax
417 2196 460 2225 Μ
532 2193 575 2225 16
601 2189 725 2226 vivere
750 2196 778 2224 V
845 2191 1006 2236 paterna
1030 2195 1111 2225 ΒΜ
1133 2191 1239 2237 (corr.
1260 2190 1302 2225 in
1326 2201 1400 2226 ras.
1423 2191 1476 2235 Μ)

103 2242 147 2275 17
173 2238 314 2275 sullata
335 2245 377 2274 M
448 2242 492 2274 21
521 2250 586 2274 cur
608 2243 693 2275 ante
718 2238 901 2274 occideris
926 2249 1028 2283 supr.
1049 2244 1086 2273 Β
1158 2236 1202 2273 22
1230 2239 1357 2284 potest
1381 2244 1410 2272 V

103 2318 231 2358 agere:
257 2312 383 2347 tacere
411 2311 477 2348 Gr.
577 2313 623 2346 24
648 2304 690 2360 {ss
714 2298 836 2347 fgrore
862 2317 899 2346 Β
990 2313 1034 2346 25
1060 2311 1187 2356 potest
1212 2316 1282 2345 BV
1303 2311 1406 2356 (corr.
1428 2311 1476 2356 Β)

103 2362 148 2395 26
174 2361 326 2396 exustos
352 2360 431 2397 Βοὴ.
513 2362 558 2395 28
586 2361 804 2405 contempta
828 2365 866 2395 Β
932 2358 1076 2394 incerto
1095 2366 1140 2394 e:
1167 2358 1313 2394 incerta
1337 2364 1476 2401 Βηβσς

102 2407 249 2444 incesta
273 2414 302 2443 V
394 2412 439 2444 29
466 2407 567 2445 solas
594 2414 663 2443 BV
