1638 2560
180 123 265 166 156
587 120 774 158 ‚GEMINI
798 120 1127 157 LANGVENTES

177 239 224 276 ut
249 249 295 275 ex
321 237 456 276 liberis
481 237 601 276 vilior
625 237 794 287 incipiat
819 248 902 275 esse
928 237 1142 286 periturus.
1193 235 1340 275 medici
1365 235 1549 287 despera-

178 299 331 336 verunt.
394 297 491 348 quid
528 297 639 336 istud
676 297 727 335 ad
763 295 949 347 patrem?
1011 309 1129 347 spera
1159 297 1224 345 tu,
1260 296 1354 335 iube
1388 308 1551 347 sperare

177 360 364 408 matrem,
399 358 481 396 tuis
518 359 652 408 potius
691 357 914 407 affectibus,
951 358 1034 396 tuis
1072 355 1186 396 crede
1216 356 1335 396 votis.
1397 357 1439 396 et
1474 357 1551 397 hoe

179 418 226 457 de
257 418 464 468 parricidii
494 418 691 456 facilitate
718 419 778 456 est
803 418 909 456 circa
933 417 1105 456 filiorum
1140 418 1377 469 languorem
1402 417 1452 456 ad
1484 417 1550 456 de-

179 479 383 528 sperantes
426 479 560 528 potius
602 478 796 517 accedere.
859 478 978 517 fidem
1018 478 1141 517 habes
1181 477 1411 518 hominibus
1449 490 1550 529 quos
1588 493 1606 521 15

175 539 340 577 mentiri
366 539 468 577 alius
494 539 681 588 affirmat,
715 540 855 577 contra
882 551 980 588 quos
1012 539 1161 577 iterum
1187 538 1314 578 credis
1339 539 1412 577 uni
1436 551 1552 590 prae-

179 597 342 638 sertim?
405 599 651 638 severissime
688 599 847 638 hercule
885 599 933 638 de
964 601 1037 639 tua
1068 599 1230 638 feritate
1266 599 1475 650 sentirem,
1516 601 1553 639 si

178 660 220 697 in
247 672 482 709 quacunque
507 659 582 697 filii
607 659 812 698 curatione
839 673 918 699 non
945 659 1152 699 adhiberes
1178 660 1440 711 propinquos,
1470 672 1552 700 non

177 721 443 771 interrogares
470 720 629 770 amicos,
657 733 735 759 non
760 721 977 771 respiceres
1005 720 1054 759 ad
1080 721 1223 759 matris
1251 720 1442 771 animum,
1470 733 1552 760 non

177 779 280 819 hanc
310 779 484 830 primam
520 781 838 830 impatientiam,
878 793 959 820 non
990 781 1096 820 hunc
1128 781 1305 821 consulis
1335 779 1553 821 timorem?
1572 797 1609 824 ιο

178 840 226 878 de
251 840 364 879 nullo
389 840 472 879 filio
504 841 637 880 minus
664 841 781 880 debet
814 842 888 880 soli
915 842 991 881 sibi
1022 843 1255 893 permittere
1286 843 1405 893 pater
1431 855 1554 893 quam

182 901 251 950 qui
282 900 442 939 videtur
473 902 613 951 utique
644 902 875 941 moriturus.

110 961 158 998 12
271 957 476 1010 ‘Fratres’,
514 962 664 1012 inquit,
699 959 755 1001 ‘et
792 963 942 1014 gemini
981 964 1112 1013 erant,
1156 963 1327 1014 ideoque
1363 962 1555 1003 credibile

180 1022 256 1070 est,
294 1021 376 1060 illis
415 1022 582 1061 eundem
619 1022 742 1061 fuisse
780 1020 1043 1075 languorem'.
1106 1036 1222 1075 rogo,
1262 1023 1351 1074 quis
1388 1024 1432 1062 in
1468 1023 1554 1063 ullo

179 1082 412 1120 mortalium
456 1082 560 1120 ferat
606 1083 879 1134 ignorantiam
922 1085 1076 1134 pariter
1120 1086 1160 1123 et
1204 1083 1553 1124 adfirmationem?
1573 1099 1609 1127 15

182 1141 362 1191 quisquis
393 1143 520 1181 nescit
553 1143 659 1192 quod
691 1156 815 1195 genus
846 1145 1052 1196 languoris
1084 1146 1150 1194 sit,
1181 1157 1262 1184 non
1291 1146 1428 1196 potest
1452 1146 1553 1184 scire

181 1215 232 1240 an
263 1202 369 1240 idem
401 1204 463 1241 sit.
526 1204 639 1254 nihil,
670 1204 832 1254 iudices,
864 1206 907 1242 in
938 1205 1058 1244 rebus
1089 1206 1276 1245 humanis
1306 1205 1439 1245 voluit
1469 1217 1554 1245 esse

179 1275 312 1301 rerum
342 1264 488 1301 natura
519 1265 605 1302 tam
637 1265 766 1304 simile
794 1266 900 1315 quod
931 1279 1011 1305 non
1044 1267 1182 1316 aliqua
1212 1267 1461 1317 proprietate
1493 1278 1554 1306 se-

180 1325 368 1361 cerneret.
433 1324 529 1373 quid
569 1325 709 1374 refert,
751 1338 803 1364 an
844 1339 890 1364 ex
930 1327 1057 1366 isdem
1097 1328 1230 1377 prima
1269 1327 1344 1366 illa
1383 1327 1555 1366 duorum

180 1395 393 1433 corporum
426 1385 729 1435 animorumque
761 1399 955 1438 compago
988 1388 1205 1426 seminibus
1238 1386 1420 1426 oriatur?
1476 1388 1555 1427 sibi
1573 1403 1611 1429 20

182 1444 349 1493 quisque
374 1444 568 1495 firmatur,
601 1446 679 1484 sibi
705 1447 873 1496 quisque
900 1449 1166 1498 componitur,
1199 1449 1239 1487 et
1264 1448 1342 1487 duo
1368 1448 1554 1499 pluresve

181 1504 324 1542 fratres
349 1507 568 1544 naseuntur
600 1507 685 1545 fato
717 1508 977 1559 singulorum.
1028 1509 1132 1547 hanc
1162 1509 1295 1559 ipsam
1325 1508 1555 1548 indifferen-

180 1565 281 1602 tiam
314 1578 434 1614 quam
465 1567 664 1605 mirantur
696 1580 893 1618 occursus,
925 1570 1092 1619 stupent
1124 1569 1302 1609 civitatis
1334 1569 1453 1619 oculi,
1483 1582 1555 1620 pa-

180 1626 339 1663 rentum
369 1627 505 1664 tamen
538 1627 691 1677 agnitio
723 1628 914 1679 dinoscit,
953 1631 1118 1680 separat
1154 1630 1304 1669 notitia
1337 1630 1555 1680 nutricum,

182 1686 223 1722 et
252 1685 485 1725 fallentibus
516 1688 623 1726 notis
655 1690 715 1726 est
745 1701 882 1728 rursus
915 1691 1022 1740 quod
1053 1691 1179 1729 faciat
1209 1690 1298 1741 ipsa
1329 1690 1554 1730 similitudo
1574 1705 1611 1732 25

182 1743 384 1784 dissimile.
447 1747 489 1784 in
520 1748 733 1798 plerisque,
770 1751 953 1799 quamvis
986 1751 1040 1790 sit
1069 1751 1288 1791 indiscreta
1319 1751 1464 1801 facies,
1493 1751 1555 1789 in-

182 1806 342 1844 venitur
372 1807 507 1845 tamen
542 1808 642 1847 alius
675 1809 755 1848 oris
788 1823 924 1861 sonus,
957 1811 1138 1862 habitus,
1169 1812 1363 1862 incessus,
1396 1811 1477 1861 sed,
1508 1813 1556 1850 ut

181 1866 270 1915 ipsa
308 1868 576 1917 consentiant,
616 1869 774 1908 diversa
811 1884 940 1920 mens,
979 1873 1171 1911 contrarii
1207 1884 1338 1912 mores
1372 1874 1414 1911 et
1444 1873 1555 1912 vitae

183 1939 328 1976 genera
371 1927 556 1968 rixantia.
621 1930 717 1979 quid
760 1931 866 1980 quod
910 1945 990 1970 non
1032 1933 1199 1972 eandem
1240 1945 1324 1972 esse
1364 1934 1557 1972 naturam

278 2081 299 2111 2
326 2077 432 2112 iubes
459 2084 527 2112 BV
620 2084 642 2115 4
667 2080 851 2116 facultate
877 2089 922 2126 B,
955 2082 1143 2120 facilitate
1169 2091 1193 2118 b
1291 2083 1555 2130 desperantes:

181 2126 219 2161 te
245 2126 287 2160 in
305 2137 379 2162 ras.
407 2133 444 2160 B
565 2131 584 2162 7
613 2129 846 2165 severissime
872 2131 995 2167 Desa:
1029 2132 1061 2166 si
1086 2143 1147 2168 me
1173 2147 1220 2178 ως
1246 2132 1411 2178 pessime
1436 2139 1459 2167 ς

182 2177 224 2209 11
251 2175 362 2219 pater
387 2185 454 2209 om.
475 2181 521 2219 Β,
547 2187 648 2221 supr.
669 2184 692 2211 b
809 2189 923 2223 quam
948 2181 1123 2216 omissum
1148 2192 1250 2227 supr.
1277 2187 1306 2215 V
1424 2184 1468 2216 13
1496 2179 1558 2227 in·-

181 2221 363 2258 credibile
395 2229 423 2256 V
516 2227 559 2258 19
585 2224 734 2260 hisdem
759 2232 839 2261 BM
929 2232 972 2262 21
1000 2228 1186 2264 formatur
1210 2229 1290 2265 Sch.
1379 2232 1424 2264 22
1450 2228 1555 2266 facto

179 2276 260 2305 1211
377 2274 423 2306 24
456 2271 619 2308 dinoscit
645 2286 689 2308 em
721 2274 894 2310 dinoscat
920 2277 1021 2322 (ras.)
1047 2283 1084 2312 B
1205 2281 1250 2313 25
1283 2276 1349 2323 qui
1375 2283 1419 2322 P,
1452 2279 1554 2323 quod

180 2330 280 2364 supr.
299 2333 328 2359 p
450 2323 495 2354 26
528 2332 642 2365 quam
674 2322 787 2357 iussit
812 2330 868 2367 M,
901 2324 960 2359 vel
995 2325 1167 2370 quamvis
1203 2325 1254 2361 sit
1286 2337 1388 2371 supr.
1415 2340 1459 2360 m

181 2370 225 2402 27
259 2366 345 2402 aliis
370 2373 408 2402 B
504 2369 585 2403 sed:
620 2381 685 2404 seu
717 2372 822 2407 Dess.
923 2373 961 2407 et
987 2381 1008 2407 ς
1111 2377 1157 2408 28
1189 2373 1291 2420 ipsa:
1323 2373 1380 2409 ita
1406 2382 1447 2419 σς
1478 2374 1558 2410 ista.

180 2415 373 2452 Francius
470 2420 515 2452 29
541 2428 633 2453 non:
661 2418 777 2454 etiam
803 2426 847 2464 Ρ,
876 2421 945 2456 del.
971 2425 1005 2456 et
1029 2422 1071 2456 in
1096 2434 1211 2469 mary.
1239 2421 1327 2458 add.
1351 2433 1429 2458 non
1449 2437 1480 2464 p
