1638 2560
503 101 920 138 DEGLAMATIONES
945 101 1007 137 tv.
1034 101 1079 136 V.
1391 101 1480 144 395

95 219 327 272 praevisum
367 220 409 258 et
452 218 628 257 edictum
668 217 734 257 sit.
800 218 836 256 si
875 229 1034 265 verum,
1074 217 1189 255 nulla
1228 217 1478 267 praecisione

94 280 375 329 stuata-abitur,
424 279 487 318 sin
531 278 699 327 falsum,
748 278 862 317 nulla
901 278 1059 316 ratione
1110 279 1323 316 metuetur.
1398 291 1479 317 non

94 341 223 394 igitur
262 352 389 392 quare
428 340 635 389 moriaris,
677 340 805 390 ipsius
846 339 971 378 etiam
1011 338 1289 378 mathematici
1329 338 1483 378 iudicio-

95 401 311 442 invenitur.

57 502 75 528 5
534 485 583 523 V.
616 485 767 524 Amen
799 495 1033 523 nnnmfrvs.

93 570 230 611 Liberi
265 572 454 622 parentes
493 571 566 609 aut
596 570 711 609 alant
751 571 823 608 aut
863 569 1104 608 vinciantur.
1170 569 1335 620 quidam
1377 569 1479 609 duos

151 631 340 681 habebat,
365 631 476 683 frugi
507 632 548 670 et
572 631 837 670 luxuriosum.
892 642 1059 682 peregre
1085 631 1257 681 profecti
1283 643 1307 669 a
1332 632 1479 681 piratis

153 693 265 744 eapti
296 693 401 732 sunt.
458 692 686 731 luxuriosus
723 691 901 743 languet.
964 690 1083 730 ambo
1122 691 1170 730 de
1202 691 1479 742 redempt-ione

155 753 347 794 scribunt.
397 754 515 804 pater
534 752 720 792 omnibus
740 753 823 791 suis
843 751 1019 791 venditis
1038 751 1319 802 proficiscitur.
1365 751 1479 791 audi-

39 829 75 856 ιο
153 814 216 853 vit
259 826 284 852 a
326 814 481 865 pirata:
525 814 643 852 unius
685 813 764 851 erit
805 813 898 863 hoc,
948 814 1086 851 uta-um
1128 813 1259 852 mavis
1303 812 1481 866 eligere?

154 887 320 928 aegrum
338 873 520 913 redemit.
572 874 654 924 qui,
680 873 776 912 dum
795 874 1025 923 revertitur,
1049 874 1233 922 mort-uus
1253 875 1324 913 est.
1376 874 1480 913 alter

153 935 285 987 ruptis
316 934 490 974 vinculis
521 934 652 974 rediit.
716 934 911 973 alimenta
935 935 1168 985 poscuntur.
1224 935 1478 974 contradicit.

182 1045 314 1084 Pater.
371 1045 596 1094 aestimate,
627 1043 671 1082 P.
699 1042 754 1093 O„
785 1043 1043 1094 inopinatum
1068 1044 1314 1083 calamitatis
1341 1057 1480 1095 genus,

93 1105 220 1145 filium
246 1105 424 1144 rediisse.
481 1104 680 1154 vivebam,
712 1106 759 1143 ut
789 1103 979 1154 viderem,
1011 1105 1236 1155 sperabam,
1268 1106 1314 1143 ut
1340 1105 1478 1144 aleret.

40 1181 76 1208 ιι
95 1166 241 1206 Filius.
298 1165 495 1216 numquid
538 1165 587 1204 ab
630 1178 676 1204 eo
714 1165 881 1204 alendus
922 1166 1001 1204 eris
1043 1178 1163 1216 quem
1204 1166 1348 1216 piratis
1386 1166 1479 1205 reli-

93 1225 255 1279 queris?
304 1227 350 1266 Ρ.
375 1239 457 1265 non
487 1226 684 1276 relinquit
709 1226 780 1276 qui
811 1225 1005 1265 abducere
1031 1226 1182 1276 nequit.
1232 1227 1283 1265 F.
1308 1227 1482 1276 potuisti

93 1301 236 1328 sanum
271 1289 479 1338 recepisse.
545 1287 590 1325 P.
622 1299 703 1326 non
735 1287 957 1337 potuissem
996 1286 1048 1325 ad
1091 1299 1259 1339 aegrum
1300 1286 1479 1327 rediisse.

93 1349 142 1388 F.
174 1350 308 1400 patet,
340 1349 437 1398 quia
467 1347 584 1386 iilum
622 1348 753 1399 magis
792 1346 980 1386 dilexisti.
1037 1347 1082 1385 P.
1116 1347 1164 1386 de
1196 1347 1353 1387 duobus
1384 1348 1480 1387 tali-

93 1409 168 1449 bus
199 1410 391 1448 neutrum
415 1408 546 1460 magis
572 1407 711 1460 diligit
742 1408 813 1458 qui
844 1421 1010 1460 aegrum
1041 1407 1216 1447 redimit.
1279 1409 1329 1447 F.
1361 1409 1480 1447 illum

38 1466 76 1512 io
94 1470 263 1522 elegisti„
329 1470 373 1508 P.
412 1468 462 1508 de
502 1468 657 1508 duobus
699 1468 836 1507 liberis
878 1481 995 1507 nemo
1044 1468 1191 1521 eligere
1233 1471 1386 1519 potest,
1430 1470 1479 1509 de

93 1530 251 1571 miseris
282 1531 428 1580 potest.
485 1530 534 1568 F.
566 1531 613 1568 tu
638 1529 947 1579 relinquendum
978 1530 1180 1579 iudicasti,
1211 1530 1283 1569 ine
1316 1531 1479 1581 gavisus

95 1594 158 1631 est
188 1603 273 1631 esse
303 1590 511 1640 relictum3
541 1591 615 1629 tua
646 1589 906 1629 mendicitate
936 1603 1001 1629 me
1026 1590 1200 1639 vindico,
1232 1590 1317 1630 eius
1348 1593 1478 1631 morte

94 1665 176 1691 non
207 1651 334 1691 doleo.
390 1651 436 1689 P.
468 1651 567 1689 haec
598 1664 662 1690 me
693 1653 766 1689 tua
800 1651 989 1701 impietas
1021 1651 1207 1690 absolvit.
1269 1652 1479 1691 meliorem

95 1712 262 1765 elegisse
300 1712 521 1760 convincit,
563 1711 632 1750 sed
665 1711 871 1750 occasione
903 1725 983 1750 non
1025 1714 1129 1750 utar.
1193 1712 1280 1751 sola
1313 1713 1478 1752 miseria

39 1788 76 1815 25
96 1773 310 1813 consuluit.
367 1773 418 1811 F.
443 1772 513 1810 ille
538 1773 621 1810 iam
647 1771 802 1811 solutus
828 1775 927 1811 erat.
983 1773 1066 1811 iam
1095 1786 1186 1811 eum
1210 1774 1342 1824 pietas
1367 1774 1478 1813 rede-

95 1836 237 1873 merat.
300 1846 375 1885 ego
407 1832 591 1882 vinculis,
623 1845 698 1884 ego
729 1832 835 1871 fame
866 1833 1052 1884 urgebar.
1113 1834 1159 1872 P.
1192 1847 1312 1884 quem
1341 1834 1478 1885 pirata

95 1894 241 1944 alebat,
272 1896 390 1945 pater
415 1891 667 1945 negligeret?
722 1894 767 1932 in
798 1907 919 1944 quem
943 1894 1079 1944 pirata
1106 1895 1198 1945 pius
1230 1897 1328 1944 erat,
1360 1900 1479 1946 pater

95 1955 194 2006 quid
225 1953 391 2007 ageret?
441 1954 489 1993 F.
516 1968 580 1993 me
606 1953 814 2004 redempto
838 1954 956 1993 illum
982 1954 1212 1994 dimisisset
1268 1956 1314 1996 P.
1340 1957 1478 2006 immo,

95 2017 144 2056 si.
162 2028 236 2068 ego
268 2028 349 2055 non
375 2016 585 2063 venissem,
616 2014 733 2053 illum
758 2015 987 2055 remisisset.
1050 2016 1099 2054 F.
1127 2029 1150 2054 o
1184 2029 1306 2066 quam
1338 2019 1478 2068 aptam

195 2148 212 2178 1
240 2143 432 2189 provisum
454 2148 559 2178 RVH

193 2220 214 2252 6
234 2215 337 2262 frugi
356 2216 396 2251 et
412 2214 629 2250 luxuriosus
642 2189 695 2251 1⁸i1
706 2215 778 2251 lex.
799 2222 837 2251 ι’
913 2215 1026 2251 liberi
1039 2238 1085 2242 —
1099 2216 1315 2252 vinciantur
1327 2229 1395 2253 om.
1421 2223 1481 2251 ΓΒ

98 2268 142 2300 10
162 2264 341 2311 θΙίςθΞ(ι-ε
356 2265 420 2310 er.)
439 2269 478 2307 ἢ
499 2262 598 2310 elige
619 2271 657 2300 Β
713 2268 776 2300 x12
797 2264 922 2310 poscit
941 2271 1017 2308 3⁷33
1037 2265 1208 2311 poscitur
1221 2272 1259 2301 R
1336 2269 1379 2300 13
1401 2266 1477 2300 exi-

95 2313 249 2349 stimate
270 2319 307 2349 12
384 2315 426 2348 15
447 2316 533 2348 ante
551 2313 738 2358 numquid
757 2313 844 2349 add.
867 2320 920 2349 11:
942 2313 1073 2349 audite
1094 2314 1239 2349 iudices
1259 2313 1477 2349 inauditum

95 2361 372 2408 expectationis
385 2371 517 2407 genae,
537 2360 771 2407 insperatam
788 2361 973 2397 hactenus
993 2362 1075 2408 spei
1089 2362 1253 2408 speciem
1329 2366 1374 2397 22
1396 2373 1477 2397 esse

96 2415 182 2446 ame
194 2410 370 2446 relictum
389 2421 458 2445 om.
479 2415 540 2444 VB
612 2421 671 2445 me
691 2410 859 2446 vindico:
880 2411 1055 2446 mendico
1074 2417 1135 2445 VB
1207 2414 1254 2445 24
1274 2410 1356 2446 sola
1377 2411 1431 2446 bis
1446 2416 1482 2444 P
