1638 2560
159 129 246 171 242
585 123 929 162 CADAVERIBVS
955 122 1095 159 PASTI

161 257 250 283 cum
289 242 454 281 diceres:
496 237 606 280 ‘ante
643 253 723 279 non
763 235 904 289 potui.'
970 241 1010 277 et
1041 249 1113 276 nos
1145 237 1220 276 hoc
1255 237 1535 289 cogitavimus,

160 305 222 342 his
256 302 413 342 casibus
446 301 730 352 ampliavimus
761 302 930 350 tempus.
982 311 1054 337 nos
1085 298 1203 337 illum
1234 296 1312 336 tibi
1338 296 1445 336 diem
1470 296 1535 335 de-

162 364 308 411 dimus3
336 362 403 401 sed
430 363 525 412 quia
551 361 653 400 illud
679 362 796 400 citius
818 360 952 399 emisti
978 372 1099 410 quam
1125 359 1389 409 speravimus,
1415 369 1538 408 supra
1576 392 1579 393 γ

161 426 299 464 votum
319 425 500 462 nostrum
519 421 734 474 navigasti⁷
762 421 813 460 ad
839 421 1066 471 proximum
1091 420 1189 458 litus
1215 419 1372 457 mature
1398 417 1537 458 classis

162 484 365 534 adplicata
403 485 472 522 est.
537 496 610 534 ego
643 482 718 521 tibi
756 493 919 532 possum
951 480 1049 519 satis
1087 477 1237 519 irasci?
1299 478 1535 518 felicitatem
1574 494 1591 521 5

161 548 338 583 nostram
383 542 604 594 perdidisti.
669 555 782 594 ergo,
828 543 1025 591 quantum
1063 541 1105 578 in
1143 542 1203 589 te,
1247 541 1406 591 tempus
1445 551 1536 578 con-

163 607 364 656 sumptum
398 605 469 653 est,
502 603 584 642 dies
618 603 795 652 excessit,
827 603 941 652 peius
973 603 1060 652 pati
1092 600 1194 639 nihil
1225 611 1437 651 possumus
1469 599 1537 639 sed

161 665 334 716 pessima
372 664 442 702 diu
479 664 667 714 patimur.
730 665 893 713 inputas
932 662 1047 702 nobis
1084 662 1284 713 propitios
1318 662 1460 701 ventos
1499 661 1539 700 et

163 725 379 765 secundum
417 738 527 763 mare
567 727 606 763 et
645 725 821 763 civitatis
861 723 1074 774 opulentae
1113 721 1402 761 liberalitatem
1434 733 1539 772 quae

162 788 321 824 tantum
359 784 550 823 frumenti
589 784 770 823 vendidit
808 786 1004 835 quantum
1043 783 1197 822 duobus
1238 782 1402 834 populis
1440 783 1540 821 satis
1559 797 1595 824 10

164 848 275 885 esset.
340 845 638 895 quantumlibet
669 845 882 884 velocitate
921 846 994 883 tua
1026 844 1229 896 glorieris,
1262 843 1470 894 computa,
1505 843 1540 881 si

162 908 314 957 placet,
347 905 506 956 quando
544 906 719 956 primum
753 905 1018 944 conterminos
1057 906 1198 956 portus
1230 905 1376 944 onusta
1414 903 1540 943 classe

164 966 479 1017 deprehenderis,
512 979 634 1016 quam
665 965 780 1005 tarde
813 979 836 1004 a
868 966 1001 1005 vicina
1033 965 1199 1004 civitate
1231 964 1391 1004 venisti.

253 1027 309 1065 At
347 1026 486 1076 etiam,
532 1027 565 1065 si
604 1026 665 1065 dis
703 1027 854 1077 placet⁷
900 1027 1033 1065 animo
1072 1025 1303 1065 defenditur
1340 1026 1381 1064 et
1419 1037 1541 1075 quam

166 1100 326 1126 causam
364 1086 567 1126 vexandae
610 1087 786 1126 civitatis
831 1087 1035 1136 habuerit,
1081 1087 1250 1137 quaerit.
1313 1085 1423 1125 istud
1466 1097 1540 1137 ego
1561 1100 1595 1127 15

164 1149 411 1199 interrogare
439 1147 664 1186 debueram.
715 1160 795 1186 non
821 1147 980 1197 ubique,
1007 1147 1169 1197 iudices,
1195 1145 1434 1186 morandum
1460 1146 1540 1184 est:

166 1209 358 1258 alioquin,
391 1209 423 1247 si
451 1207 548 1258 quid
573 1208 774 1258 requirere
801 1208 958 1257 vellem,
991 1208 1119 1247 multa
1152 1207 1428 1247 occurrissent.
1479 1218 1541 1245 so-

166 1269 250 1307 lent
275 1270 381 1307 enim
407 1269 677 1319 negotiatores
705 1270 865 1319 praeter
889 1269 987 1307 haec
1011 1270 1152 1319 aperta
1176 1268 1308 1320 pretia
1334 1268 1543 1319 privatum

166 1329 319 1379 aliquid
359 1341 405 1367 ac
442 1329 650 1380 proprium
690 1329 875 1380 stipulari
915 1329 1075 1379 utique,
1117 1342 1207 1368 cum
1246 1329 1420 1368 alienam
1457 1339 1542 1366 rem

166 1390 353 1428 vendunt.
416 1391 549 1439 potest
580 1389 684 1437 fieri,
723 1392 768 1428 ut
799 1389 928 1440 primo
968 1390 1117 1429 lucrari
1149 1389 1323 1428 voluerit
1353 1387 1542 1439 pretium,
1562 1403 1598 1430 20

167 1451 291 1489 serius
330 1449 471 1488 deinde
516 1450 746 1489 subvenerit
788 1450 1014 1489 reddendae
1058 1450 1228 1490 rationis
1273 1448 1543 1499 dicendaeque

168 1522 309 1548 causae
354 1509 557 1561 cogitatio.
631 1511 758 1549 veniit
802 1511 972 1550 fortasse
1017 1512 1262 1550 frumentum
1307 1510 1438 1559 lucro,
1482 1521 1542 1548 re-

169 1570 372 1620 demptum
406 1571 466 1609 est
496 1571 732 1620 patrocinio.
784 1573 917 1622 potest
948 1571 1045 1620 fieri,
1078 1574 1124 1610 ut
1156 1571 1336 1621 aliquam
1367 1570 1543 1622 gratiam

169 1631 391 1680 speraverit
423 1643 446 1668 a
478 1631 641 1669 civitate
674 1634 850 1681 servata,
884 1632 1041 1671 occulta
1073 1631 1271 1682 quaedam
1303 1631 1345 1669 in
1377 1631 1543 1670 civitate

269 1786 285 1816 1
315 1781 451 1817 diceris
478 1788 529 1826 Β;
557 1782 695 1817 dixeris
721 1789 748 1816 V
836 1787 855 1817 2
883 1783 958 1818 his:
987 1783 1049 1818 hic
1076 1793 1095 1826 β
1181 1794 1256 1819 non
1282 1789 1309 1818 Γ
1388 1786 1408 1817 3
1436 1781 1543 1827 quia:

169 1842 210 1875 q3
232 1830 280 1865 ad
307 1836 357 1874 Βς
385 1830 475 1875 quia
502 1830 550 1865 ad
577 1837 615 1874 1'3
643 1831 718 1876 qad
746 1837 787 1865 M
811 1833 914 1876 (corr.
935 1834 989 1878 m)
1085 1836 1105 1866 6
1133 1843 1222 1878 ergo
1248 1832 1399 1867 tantum
1425 1841 1544 1876 quan-

168 1880 249 1913 tum
275 1885 302 1912 l'
398 1882 441 1913 10
468 1880 634 1914 tantum:
662 1882 743 1915 tum
769 1885 806 1914 B
890 1882 1074 1925 quantum
1101 1880 1193 1916 licet
1217 1886 1296 1915 ΒΜ
1394 1883 1435 1914 11
1464 1878 1545 1924 glo-

168 1938 276 1973 rieris
306 1950 350 1973 eae
374 1938 466 1973 -aris
493 1945 529 1973 Β
652 1943 694 1974 12
728 1939 897 1985 quando:
925 1931 975 1985 qii
1002 1950 1021 1983 β
1126 1940 1420 1976 contaminatos
1445 1945 1477 1974 J

168 1987 301 2032 partus
327 1993 363 2021 Β
459 1987 622 2022 honusta
650 1994 678 2021 V
773 1991 816 2023 13
844 1988 1210 2034 condeprehenderis
1236 1995 1288 2032 Βς
1315 1987 1545 2034 conprehen-

170 2035 270 2070 deris
297 2041 385 2077 Μβσ
494 2040 537 2070 14
565 2037 621 2070 at:
650 2038 717 2071 aut
742 2042 779 2070 Β
884 2037 1063 2083 displicet
1089 2044 1139 2082 M,
1166 2037 1225 2073 vel
1245 2037 1319 2072 diis
1338 2036 1468 2082 placet
1486 2049 1546 2079 ηις

171 2083 374 2129 displiceat
393 2090 424 2118 J
502 2095 632 2128 quam:
661 2085 762 2129 quod
782 2091 819 2119 P
903 2089 946 2120 15
974 2097 1062 2131 ergo
1089 2092 1117 2120 1·
1197 2088 1243 2121 -18
1271 2084 1371 2121 enim
1396 2084 1545 2130 scripsi:

722 2144 850 2178 precia

169 2179 208 2215 in
235 2186 285 2223 Β;
318 2179 359 2214 hi
385 2186 465 2223 §2115
497 2179 552 2214 hii
579 2189 598 2222 β
707 2183 860 2226 negotia
885 2189 912 2215 Y
1027 2186 1068 2217 19
1104 2182 1300 2229 stipulari:
1331 2180 1475 2228 -pulari
1505 2180 1549 2216 in

169 2240 260 2264 corr.
282 2234 318 2263 Β
404 2231 449 2263 20
475 2227 571 2263 lucri
598 2235 648 2273 M,
674 2240 716 2264 ra
740 2241 841 2275 supr.
863 2244 905 2264 m
982 2231 1171 2266 voluerint
1195 2238 1250 2266 VJ
1334 2234 1377 2266 21
1405 2229 1548 2265 redden

171 2276 408 2312 devoluerint
439 2276 599 2311 rationis
625 2284 677 2320 B;
710 2278 956 2323 reddendeq,i
982 2279 1144 2314 voluerit
1174 2278 1335 2315 rationis
1365 2279 1420 2324 (m
1444 2288 1546 2323 supr.

170 2324 229 2360 vel
254 2324 415 2360 volverit
439 2324 498 2360 vel
524 2325 646 2371 volvo)
668 2331 709 2360 J!
787 2330 830 2360 22
859 2327 1112 2373 cogitationes
1140 2334 1180 2362 M
1251 2327 1356 2362 luero
1382 2326 1548 2361 frumen-

170 2374 255 2457 {qm
278 2379 321 2408 M
399 2373 617 2456 ¹{edempto
643 2380 760 2416 Β1“β.1
784 2376 835 2419 <-ο
863 2386 907 2410 em
933 2386 972 2409 -a
997 2378 1045 2421 Β)
1155 2380 1199 2411 23
1229 2375 1483 2421 patrocinium
1510 2379 1553 2409 M

245 2434 283 2457 111
311 2433 376 2457 om.
