<?xml version="1.0" encoding="UTF-8"?>
<!DOCTYPE html PUBLIC "-//W3C//DTD XHTML 1.0 Transitional//EN"
    "http://www.w3.org/TR/xhtml1/DTD/xhtml1-transitional.dtd">
<html xmlns="http://www.w3.org/1999/xhtml" xml:lang="en" lang="en">
 <head>
  <title>
</title>
<meta http-equiv="Content-Type" content="text/html;charset=utf-8" />
  <meta name='ocr-system' content='tesseract 3.04.00' />
  <meta name='ocr-capabilities' content='ocr_page ocr_carea ocr_par ocr_line ocrx_word'/>
</head>
<body>
  <div class='ocr_page' id='page_1' title='image "./quintilianiquaef00lehnuoft_0250.png"; bbox 0 0 1638 2560; ppageno 0'>
   <div class='ocr_carea' id='block_1_1' title="bbox 173 101 1255 149">
    <p class='ocr_par' dir='ltr' id='par_1_1' title="bbox 173 101 1255 149">
     <span class='ocr_line' id='line_1_1' title="bbox 173 101 1255 149; baseline -0.011 0"><span class='ocrx_word' id='word_1_1' title='bbox 173 106 262 149; x_wconf 78' lang='lat'>214</span> <span class='ocrx_word' id='word_1_2' title='bbox 466 104 609 141; x_wconf 86' lang='lat' dir='ltr'>DIVES</span> <span class='ocrx_word' id='word_1_3' title='bbox 635 102 915 140; x_wconf 82' lang='lat' dir='ltr'>ACCVSATVS</span> <span class='ocrx_word' id='word_1_4' title='bbox 941 101 1255 139; x_wconf 83' lang='lat' dir='ltr'><strong>PRODITIONIS</strong></span> 
     </span>
    </p>
   </div>
   <div class='ocr_carea' id='block_1_2' title="bbox 121 216 1599 1906">
    <p class='ocr_par' dir='ltr' id='par_1_2' title="bbox 121 216 1599 1906">
     <span class='ocr_line' id='line_1_2' title="bbox 173 216 1545 268; baseline -0.003 -8"><span class='ocrx_word' id='word_1_5' title='bbox 173 235 269 260; x_wconf 88' lang='lat' dir='ltr'>num</span> <span class='ocrx_word' id='word_1_6' title='bbox 301 221 510 260; x_wconf 70' lang='lat' dir='ltr'>atrocitate</span> <span class='ocrx_word' id='word_1_7' title='bbox 542 220 718 268; x_wconf 85' lang='lat' dir='ltr'>metitur,</span> <span class='ocrx_word' id='word_1_8' title='bbox 755 218 870 257; x_wconf 86' lang='lat' dir='ltr'>nulla</span> <span class='ocrx_word' id='word_1_9' title='bbox 905 230 1035 268; x_wconf 89' lang='lat' dir='ltr'>poena</span> <span class='ocrx_word' id='word_1_10' title='bbox 1068 218 1129 256; x_wconf 87' lang='lat' dir='ltr'>est</span> <span class='ocrx_word' id='word_1_11' title='bbox 1162 216 1241 256; x_wconf 90' lang='lat' dir='ltr'>nisi</span> <span class='ocrx_word' id='word_1_12' title='bbox 1271 217 1413 257; x_wconf 86' lang='lat' dir='ltr'>invito.</span> <span class='ocrx_word' id='word_1_13' title='bbox 1464 229 1545 256; x_wconf 88' lang='lat' dir='ltr'>non</span> 
     </span>
     <span class='ocr_line' id='line_1_3' title="bbox 172 277 1546 330; baseline -0.002 -11"><span class='ocrx_word' id='word_1_14' title='bbox 172 281 362 321; x_wconf 86' lang='lat' dir='ltr'>habemus</span> <span class='ocrx_word' id='word_1_15' title='bbox 387 281 526 330; x_wconf 90' lang='lat' dir='ltr'>ullum,</span> <span class='ocrx_word' id='word_1_16' title='bbox 557 280 636 318; x_wconf 85' lang='lat' dir='ltr'>nisi</span> <span class='ocrx_word' id='word_1_17' title='bbox 663 279 711 318; x_wconf 90' lang='lat' dir='ltr'>ab</span> <span class='ocrx_word' id='word_1_18' title='bbox 737 278 993 330; x_wconf 75' lang='lat' dir='ltr'>impatientia</span> <span class='ocrx_word' id='word_1_19' title='bbox 1019 278 1208 328; x_wconf 89' lang='lat' dir='ltr'>dolorem,</span> <span class='ocrx_word' id='word_1_20' title='bbox 1241 279 1293 328; x_wconf 82' lang='lat' dir='ltr'>et,</span> <span class='ocrx_word' id='word_1_21' title='bbox 1319 278 1365 316; x_wconf 84' lang='lat' dir='ltr'>ut</span> <span class='ocrx_word' id='word_1_22' title='bbox 1389 277 1546 328; x_wconf 83' lang='lat' dir='ltr'>aliquid</span> 
     </span>
     <span class='ocr_line' id='line_1_4' title="bbox 174 338 1546 391; baseline -0.002 -10"><span class='ocrx_word' id='word_1_23' title='bbox 174 341 342 391; x_wconf 86' lang='lat' dir='ltr'>crudele,</span> <span class='ocrx_word' id='word_1_24' title='bbox 374 353 536 380; x_wconf 88' lang='lat' dir='ltr'>saevum</span> <span class='ocrx_word' id='word_1_25' title='bbox 568 341 633 389; x_wconf 90' lang='lat' dir='ltr'>sit,</span> <span class='ocrx_word' id='word_1_26' title='bbox 665 341 793 378; x_wconf 88' lang='lat' dir='ltr'>metus</span> <span class='ocrx_word' id='word_1_27' title='bbox 825 339 990 378; x_wconf 86' lang='lat' dir='ltr'>faciunt.</span> <span class='ocrx_word' id='word_1_28' title='bbox 1054 338 1298 390; x_wconf 89' lang='lat' dir='ltr'>supplicium</span> <span class='ocrx_word' id='word_1_29' title='bbox 1330 339 1546 390; x_wconf 83' lang='lat' dir='ltr'>quisquam</span> 
     </span>
     <span class='ocr_line' id='line_1_5' title="bbox 172 397 1547 451; baseline -0.001 -10"><span class='ocrx_word' id='word_1_30' title='bbox 172 404 306 451; x_wconf 87' lang='lat' dir='ltr'>vocat,</span> <span class='ocrx_word' id='word_1_31' title='bbox 345 401 395 440; x_wconf 90' lang='lat' dir='ltr'>ad</span> <span class='ocrx_word' id='word_1_32' title='bbox 435 401 540 451; x_wconf 91' lang='lat' dir='ltr'>quod</span> <span class='ocrx_word' id='word_1_33' title='bbox 578 398 813 451; x_wconf 84' lang='lat' dir='ltr'>prosilitur?</span> <span class='ocrx_word' id='word_1_34' title='bbox 852 399 957 450; x_wconf 90' lang='lat' dir='ltr'>quod</span> <span class='ocrx_word' id='word_1_35' title='bbox 996 397 1250 450; x_wconf 71' lang='lat' dir='ltr'>exposcitur?</span> <span class='ocrx_word' id='word_1_36' title='bbox 1293 399 1402 450; x_wconf 88' lang='lat' dir='ltr'>quod</span> <span class='ocrx_word' id='word_1_37' title='bbox 1440 400 1547 439; x_wconf 81' lang='lat' dir='ltr'>circa</span> 
     </span>
     <span class='ocr_line' id='line_1_6' title="bbox 173 459 1599 511; baseline -0.001 -10"><span class='ocrx_word' id='word_1_38' title='bbox 173 475 213 501; x_wconf 88' lang='lat' dir='ltr'>se</span> <span class='ocrx_word' id='word_1_39' title='bbox 238 475 317 501; x_wconf 91' lang='lat' dir='ltr'>non</span> <span class='ocrx_word' id='word_1_40' title='bbox 342 462 463 501; x_wconf 90' lang='lat' dir='ltr'>habet</span> <span class='ocrx_word' id='word_1_41' title='bbox 488 460 647 500; x_wconf 77' lang='lat' dir='ltr'>moras?</span> <span class='ocrx_word' id='word_1_42' title='bbox 697 461 779 510; x_wconf 90' lang='lat' dir='ltr'>illo,</span> <span class='ocrx_word' id='word_1_43' title='bbox 806 473 878 511; x_wconf 91' lang='lat' dir='ltr'>per</span> <span class='ocrx_word' id='word_1_44' title='bbox 903 459 1033 509; x_wconf 88' lang='lat' dir='ltr'>fidem,</span> <span class='ocrx_word' id='word_1_45' title='bbox 1059 460 1131 499; x_wconf 89' lang='lat' dir='ltr'>illo</span> <span class='ocrx_word' id='word_1_46' title='bbox 1156 460 1307 499; x_wconf 82' lang='lat' dir='ltr'>trahite</span> <span class='ocrx_word' id='word_1_47' title='bbox 1333 459 1545 499; x_wconf 85' lang='lat' dir='ltr'>damnatos</span> <span class='ocrx_word' id='word_1_48' title='bbox 1583 473 1599 500; x_wconf 79' lang='lat'><strong>5</strong></span> 
     </span>
     <span class='ocr_line' id='line_1_7' title="bbox 174 520 1544 573; baseline -0.001 -12"><span class='ocrx_word' id='word_1_49' title='bbox 174 535 250 573; x_wconf 91' lang='lat' dir='ltr'>quo</span> <span class='ocrx_word' id='word_1_50' title='bbox 289 535 367 561; x_wconf 89' lang='lat' dir='ltr'>non</span> <span class='ocrx_word' id='word_1_51' title='bbox 407 524 634 572; x_wconf 87' lang='lat' dir='ltr'>sequantur.</span> <span class='ocrx_word' id='word_1_52' title='bbox 696 522 792 559; x_wconf 84' lang='lat' dir='ltr'>tunc</span> <span class='ocrx_word' id='word_1_53' title='bbox 824 522 884 559; x_wconf 91' lang='lat' dir='ltr'>est</span> <span class='ocrx_word' id='word_1_54' title='bbox 915 532 1061 571; x_wconf 88' lang='lat' dir='ltr'>poena,</span> <span class='ocrx_word' id='word_1_55' title='bbox 1102 533 1192 559; x_wconf 91' lang='lat' dir='ltr'>cum</span> <span class='ocrx_word' id='word_1_56' title='bbox 1223 520 1427 571; x_wconf 85' lang='lat' dir='ltr'>periturus</span> <span class='ocrx_word' id='word_1_57' title='bbox 1464 521 1544 559; x_wconf 88' lang='lat' dir='ltr'>tre-</span> 
     </span>
     <span class='ocr_line' id='line_1_8' title="bbox 172 581 1544 634; baseline 0 -14"><span class='ocrx_word' id='word_1_58' title='bbox 172 582 296 634; x_wconf 89' lang='lat' dir='ltr'>pidat,</span> <span class='ocrx_word' id='word_1_59' title='bbox 327 583 476 632; x_wconf 86' lang='lat' dir='ltr'>haeret,</span> <span class='ocrx_word' id='word_1_60' title='bbox 508 595 597 621; x_wconf 91' lang='lat' dir='ltr'>cum</span> <span class='ocrx_word' id='word_1_61' title='bbox 621 582 830 633; x_wconf 85' lang='lat' dir='ltr'>restringit</span> <span class='ocrx_word' id='word_1_62' title='bbox 861 593 1045 632; x_wconf 89' lang='lat' dir='ltr'>supremo</span> <span class='ocrx_word' id='word_1_63' title='bbox 1072 581 1206 621; x_wconf 85' lang='lat' dir='ltr'>vincla</span> <span class='ocrx_word' id='word_1_64' title='bbox 1237 582 1395 620; x_wconf 86' lang='lat' dir='ltr'>conatu.</span> <span class='ocrx_word' id='word_1_65' title='bbox 1451 581 1544 621; x_wconf 87' lang='lat' dir='ltr'>volo</span> 
     </span>
     <span class='ocr_line' id='line_1_9' title="bbox 171 641 1543 694; baseline -0.001 -12"><span class='ocrx_word' id='word_1_66' title='bbox 171 643 338 694; x_wconf 90' lang='lat' dir='ltr'>perituri</span> <span class='ocrx_word' id='word_1_67' title='bbox 364 643 475 694; x_wconf 91' lang='lat' dir='ltr'>prius</span> <span class='ocrx_word' id='word_1_68' title='bbox 500 642 633 682; x_wconf 86' lang='lat' dir='ltr'>videre</span> <span class='ocrx_word' id='word_1_69' title='bbox 659 643 865 693; x_wconf 88' lang='lat' dir='ltr'>pallorem,</span> <span class='ocrx_word' id='word_1_70' title='bbox 887 641 1025 681; x_wconf 89' lang='lat' dir='ltr'>audire</span> <span class='ocrx_word' id='word_1_71' title='bbox 1052 641 1237 694; x_wconf 76' lang='lat' dir='ltr'>gemitus,</span> <span class='ocrx_word' id='word_1_72' title='bbox 1256 641 1348 681; x_wconf 85' lang='lat' dir='ltr'>volo</span> <span class='ocrx_word' id='word_1_73' title='bbox 1375 642 1543 681; x_wconf 81' lang='lat' dir='ltr'>circum-</span> 
     </span>
     <span class='ocr_line' id='line_1_10' title="bbox 171 702 1542 754; baseline -0.001 -12"><span class='ocrx_word' id='word_1_74' title='bbox 171 704 326 754; x_wconf 88' lang='lat' dir='ltr'>spiciat,</span> <span class='ocrx_word' id='word_1_75' title='bbox 357 704 449 743; x_wconf 87' lang='lat' dir='ltr'>volo</span> <span class='ocrx_word' id='word_1_76' title='bbox 481 704 682 754; x_wconf 82' lang='lat' dir='ltr'>queratur.</span> <span class='ocrx_word' id='word_1_77' title='bbox 745 702 864 741; x_wconf 89' lang='lat' dir='ltr'>fidem</span> <span class='ocrx_word' id='word_1_78' title='bbox 895 703 1089 752; x_wconf 85' lang='lat' dir='ltr'>vestram,</span> <span class='ocrx_word' id='word_1_79' title='bbox 1124 702 1287 752; x_wconf 86' lang='lat' dir='ltr'>iudices,</span> <span class='ocrx_word' id='word_1_80' title='bbox 1318 715 1368 741; x_wconf 88' lang='lat' dir='ltr'>ne</span> <span class='ocrx_word' id='word_1_81' title='bbox 1399 715 1542 742; x_wconf 89' lang='lat' dir='ltr'>nocen-</span> 
     </span>
     <span class='ocr_line' id='line_1_11' title="bbox 170 762 1599 815; baseline 0.001 -13"><span class='ocrx_word' id='word_1_82' title='bbox 170 764 276 802; x_wconf 90' lang='lat' dir='ltr'>tibus</span> <span class='ocrx_word' id='word_1_83' title='bbox 313 764 501 814; x_wconf 85' lang='lat' dir='ltr'>supplicii</span> <span class='ocrx_word' id='word_1_84' title='bbox 539 765 601 802; x_wconf 87' lang='lat' dir='ltr'>sui</span> <span class='ocrx_word' id='word_1_85' title='bbox 639 763 847 815; x_wconf 86' lang='lat' dir='ltr'>contingat</span> <span class='ocrx_word' id='word_1_86' title='bbox 884 763 1036 802; x_wconf 80' lang='lat' dir='ltr'>electio.</span> <span class='ocrx_word' id='word_1_87' title='bbox 1099 765 1231 803; x_wconf 81' lang='lat' dir='ltr'>minus</span> <span class='ocrx_word' id='word_1_88' title='bbox 1274 762 1427 802; x_wconf 87' lang='lat' dir='ltr'>inicum</span> <span class='ocrx_word' id='word_1_89' title='bbox 1470 764 1542 813; x_wconf 88' lang='lat' dir='ltr'>est,</span> <span class='ocrx_word' id='word_1_90' title='bbox 1562 777 1599 803; x_wconf 81' lang='grc'>10</span> 
     </span>
     <span class='ocr_line' id='line_1_12' title="bbox 170 824 1543 875; baseline 0 -13"><span class='ocrx_word' id='word_1_91' title='bbox 170 826 215 862; x_wconf 91' lang='lat' dir='ltr'>ut</span> <span class='ocrx_word' id='word_1_92' title='bbox 251 824 394 863; x_wconf 87' lang='lat' dir='ltr'>evadat</span> <span class='ocrx_word' id='word_1_93' title='bbox 431 837 574 863; x_wconf 89' lang='lat' dir='ltr'>nocens</span> <span class='ocrx_word' id='word_1_94' title='bbox 614 836 786 875; x_wconf 84' lang='lat' dir='ltr'>poenam</span> <span class='ocrx_word' id='word_1_95' title='bbox 824 836 945 874; x_wconf 91' lang='lat' dir='ltr'>quam</span> <span class='ocrx_word' id='word_1_96' title='bbox 982 825 1029 862; x_wconf 87' lang='lat' dir='ltr'>ut</span> <span class='ocrx_word' id='word_1_97' title='bbox 1067 825 1307 863; x_wconf 84' lang='lat' dir='ltr'>contemnat.</span> <span class='ocrx_word' id='word_1_98' title='bbox 1371 825 1543 863; x_wconf 87' lang='lat' dir='ltr'>mortem</span> 
     </span>
     <span class='ocr_line' id='line_1_13' title="bbox 169 884 1544 936; baseline 0.001 -13"><span class='ocrx_word' id='word_1_99' title='bbox 169 897 262 923; x_wconf 83' lang='lat' dir='ltr'>vero</span> <span class='ocrx_word' id='word_1_100' title='bbox 300 885 500 923; x_wconf 87' lang='lat' dir='ltr'>damnatis</span> <span class='ocrx_word' id='word_1_101' title='bbox 534 885 714 934; x_wconf 88' lang='lat' dir='ltr'>quisquis</span> <span class='ocrx_word' id='word_1_102' title='bbox 752 886 950 935; x_wconf 79' lang='lat' dir='ltr'>praestat,</span> <span class='ocrx_word' id='word_1_103' title='bbox 987 884 1190 936; x_wconf 86' lang='lat' dir='ltr'>indulget,</span> <span class='ocrx_word' id='word_1_104' title='bbox 1227 896 1301 924; x_wconf 88' lang='lat' dir='ltr'>nec</span> <span class='ocrx_word' id='word_1_105' title='bbox 1332 886 1427 924; x_wconf 88' lang='lat' dir='ltr'>sunt</span> <span class='ocrx_word' id='word_1_106' title='bbox 1461 884 1544 924; x_wconf 85' lang='lat' dir='ltr'>alia</span> 
     </span>
     <span class='ocr_line' id='line_1_14' title="bbox 169 944 1543 996; baseline 0.001 -13"><span class='ocrx_word' id='word_1_107' title='bbox 169 944 360 983; x_wconf 87' lang='lat' dir='ltr'>beneficia</span> <span class='ocrx_word' id='word_1_108' title='bbox 391 958 621 996; x_wconf 85' lang='lat' dir='ltr'>poenarum.</span> <span class='ocrx_word' id='word_1_109' title='bbox 671 945 829 983; x_wconf 85' lang='lat' dir='ltr'>fallitur</span> <span class='ocrx_word' id='word_1_110' title='bbox 861 945 1041 996; x_wconf 85' lang='lat' dir='ltr'>quisquis</span> <span class='ocrx_word' id='word_1_111' title='bbox 1073 945 1189 983; x_wconf 83' lang='lat' dir='ltr'>illam</span> <span class='ocrx_word' id='word_1_112' title='bbox 1220 945 1332 985; x_wconf 84' lang='lat' dir='ltr'>velut</span> <span class='ocrx_word' id='word_1_113' title='bbox 1363 946 1543 985; x_wconf 86' lang='lat' dir='ltr'>omnium</span> 
     </span>
     <span class='ocr_line' id='line_1_15' title="bbox 170 1005 1542 1058; baseline 0.001 -15"><span class='ocrx_word' id='word_1_114' title='bbox 170 1006 456 1056; x_wconf 88' lang='lat' dir='ltr'>suppliciorum</span> <span class='ocrx_word' id='word_1_115' title='bbox 493 1018 689 1045; x_wconf 87' lang='lat' dir='ltr'>summam</span> <span class='ocrx_word' id='word_1_116' title='bbox 727 1007 854 1056; x_wconf 89' lang='lat' dir='ltr'>putat.</span> <span class='ocrx_word' id='word_1_117' title='bbox 919 1005 1045 1044; x_wconf 89' lang='lat' dir='ltr'>occidi</span> <span class='ocrx_word' id='word_1_118' title='bbox 1082 1019 1163 1044; x_wconf 90' lang='lat' dir='ltr'>non</span> <span class='ocrx_word' id='word_1_119' title='bbox 1204 1007 1264 1045; x_wconf 86' lang='lat' dir='ltr'>est</span> <span class='ocrx_word' id='word_1_120' title='bbox 1303 1018 1435 1058; x_wconf 84' lang='lat' dir='ltr'>poena</span> <span class='ocrx_word' id='word_1_121' title='bbox 1473 1005 1542 1045; x_wconf 85' lang='lat' dir='ltr'>sed</span> 
     </span>
     <span class='ocr_line' id='line_1_16' title="bbox 170 1065 1596 1117; baseline 0.003 -14"><span class='ocrx_word' id='word_1_122' title='bbox 170 1067 309 1105; x_wconf 80' lang='lat' dir='ltr'>exitus.</span> <span class='ocrx_word' id='word_1_123' title='bbox 358 1079 486 1115; x_wconf 90' lang='lat' dir='ltr'>neque</span> <span class='ocrx_word' id='word_1_124' title='bbox 513 1066 618 1104; x_wconf 88' lang='lat' dir='ltr'>enim</span> <span class='ocrx_word' id='word_1_125' title='bbox 649 1066 771 1105; x_wconf 90' lang='lat' dir='ltr'>habet</span> <span class='ocrx_word' id='word_1_126' title='bbox 801 1066 1098 1117; x_wconf 85' lang='lat' dir='ltr'>impatientiam</span> <span class='ocrx_word' id='word_1_127' title='bbox 1132 1068 1203 1105; x_wconf 85' lang='lat' dir='ltr'>aut</span> <span class='ocrx_word' id='word_1_128' title='bbox 1227 1066 1405 1106; x_wconf 88' lang='lat' dir='ltr'>dolorem</span> <span class='ocrx_word' id='word_1_129' title='bbox 1435 1065 1543 1117; x_wconf 83' lang='lat' dir='ltr'>quod</span> <span class='ocrx_word' id='word_1_130' title='bbox 1562 1081 1596 1108; x_wconf 85' lang='lat'>15</span> 
     </span>
     <span class='ocr_line' id='line_1_17' title="bbox 169 1126 1541 1178; baseline 0.001 -14"><span class='ocrx_word' id='word_1_131' title='bbox 169 1127 295 1176; x_wconf 90' lang='lat' dir='ltr'>possis</span> <span class='ocrx_word' id='word_1_132' title='bbox 341 1127 514 1177; x_wconf 88' lang='lat' dir='ltr'>aspicere</span> <span class='ocrx_word' id='word_1_133' title='bbox 554 1127 669 1176; x_wconf 87' lang='lat' dir='ltr'>quasi</span> <span class='ocrx_word' id='word_1_134' title='bbox 712 1127 852 1165; x_wconf 82' lang='lat' dir='ltr'>fatum.</span> <span class='ocrx_word' id='word_1_135' title='bbox 917 1127 1014 1177; x_wconf 92' lang='lat' dir='ltr'>quid</span> <span class='ocrx_word' id='word_1_136' title='bbox 1059 1128 1093 1166; x_wconf 89' lang='lat' dir='ltr'>si</span> <span class='ocrx_word' id='word_1_137' title='bbox 1136 1126 1282 1166; x_wconf 88' lang='lat' dir='ltr'>liberos</span> <span class='ocrx_word' id='word_1_138' title='bbox 1322 1128 1541 1178; x_wconf 82' lang='lat' dir='ltr'>relinquas,</span> 
     </span>
     <span class='ocr_line' id='line_1_18' title="bbox 168 1185 1542 1238; baseline 0.001 -14"><span class='ocrx_word' id='word_1_139' title='bbox 168 1187 290 1225; x_wconf 88' lang='lat' dir='ltr'>immo</span> <span class='ocrx_word' id='word_1_140' title='bbox 317 1187 351 1225; x_wconf 87' lang='lat' dir='ltr'>si</span> <span class='ocrx_word' id='word_1_141' title='bbox 377 1185 534 1225; x_wconf 75' lang='lat' dir='ltr'>serves?</span> <span class='ocrx_word' id='word_1_142' title='bbox 567 1200 688 1237; x_wconf 91' lang='lat' dir='ltr'>quam</span> <span class='ocrx_word' id='word_1_143' title='bbox 720 1187 816 1226; x_wconf 84' lang='lat' dir='ltr'>felix</span> <span class='ocrx_word' id='word_1_144' title='bbox 842 1188 971 1226; x_wconf 82' lang='lat' dir='ltr'>exitus</span> <span class='ocrx_word' id='word_1_145' title='bbox 998 1189 1058 1227; x_wconf 86' lang='lat' dir='ltr'>est</span> <span class='ocrx_word' id='word_1_146' title='bbox 1084 1188 1305 1238; x_wconf 86' lang='lat' dir='ltr'>plenusque</span> <span class='ocrx_word' id='word_1_147' title='bbox 1330 1186 1542 1227; x_wconf 77' lang='lat' dir='ltr'>laetitiae?</span> 
     </span>
     <span class='ocr_line' id='line_1_19' title="bbox 167 1247 1539 1298; baseline 0.003 -14"><span class='ocrx_word' id='word_1_148' title='bbox 167 1247 366 1285; x_wconf 84' lang='lat' dir='ltr'>lucrifacit</span> <span class='ocrx_word' id='word_1_149' title='bbox 403 1248 542 1286; x_wconf 89' lang='lat' dir='ltr'>mortis</span> <span class='ocrx_word' id='word_1_150' title='bbox 582 1249 852 1298; x_wconf 85' lang='lat' dir='ltr'>atrocitatem,</span> <span class='ocrx_word' id='word_1_151' title='bbox 885 1249 1066 1298; x_wconf 89' lang='lat' dir='ltr'>quisquis</span> <span class='ocrx_word' id='word_1_152' title='bbox 1106 1248 1295 1288; x_wconf 87' lang='lat' dir='ltr'>laudatus</span> <span class='ocrx_word' id='word_1_153' title='bbox 1333 1249 1539 1288; x_wconf 84' lang='lat' dir='ltr'>occiditur.</span> 
     </span>
     <span class='ocr_line' id='line_1_20' title="bbox 121 1303 1540 1360; baseline 0.004 -17"><span class='ocrx_word' id='word_1_154' title='bbox 121 1306 145 1342; x_wconf 82' lang='grc'><strong>9</strong></span> <span class='ocrx_word' id='word_1_155' title='bbox 262 1303 369 1357; x_wconf 74' lang='lat' dir='ltr'>‘Me&#39;,</span> <span class='ocrx_word' id='word_1_156' title='bbox 414 1308 562 1357; x_wconf 86' lang='lat' dir='ltr'>inquit,</span> <span class='ocrx_word' id='word_1_157' title='bbox 602 1304 812 1347; x_wconf 72' lang='lat' dir='ltr'>‘occidite’</span> <span class='ocrx_word' id='word_1_158' title='bbox 876 1322 955 1347; x_wconf 92' lang='lat' dir='ltr'>non</span> <span class='ocrx_word' id='word_1_159' title='bbox 996 1308 1118 1348; x_wconf 88' lang='lat' dir='ltr'>habet</span> <span class='ocrx_word' id='word_1_160' title='bbox 1158 1309 1322 1360; x_wconf 86' lang='lat' dir='ltr'>liberos,</span> <span class='ocrx_word' id='word_1_161' title='bbox 1366 1310 1540 1360; x_wconf 89' lang='lat' dir='ltr'>inimice,</span> 
     </span>
     <span class='ocr_line' id='line_1_21' title="bbox 167 1367 1596 1420; baseline 0.003 -15"><span class='ocrx_word' id='word_1_162' title='bbox 167 1379 247 1405; x_wconf 91' lang='lat' dir='ltr'>non</span> <span class='ocrx_word' id='word_1_163' title='bbox 277 1367 399 1406; x_wconf 88' lang='lat' dir='ltr'>habet</span> <span class='ocrx_word' id='word_1_164' title='bbox 431 1368 611 1418; x_wconf 89' lang='lat' dir='ltr'>quisquis</span> <span class='ocrx_word' id='word_1_165' title='bbox 643 1369 718 1407; x_wconf 90' lang='lat' dir='ltr'>hoc</span> <span class='ocrx_word' id='word_1_166' title='bbox 752 1371 792 1407; x_wconf 89' lang='lat' dir='ltr'>te</span> <span class='ocrx_word' id='word_1_167' title='bbox 824 1369 926 1408; x_wconf 87' lang='lat' dir='ltr'>velle</span> <span class='ocrx_word' id='word_1_168' title='bbox 958 1370 1139 1408; x_wconf 88' lang='lat' dir='ltr'>miratur.</span> <span class='ocrx_word' id='word_1_169' title='bbox 1197 1382 1326 1420; x_wconf 85' lang='lat' dir='ltr'>saeve,</span> <span class='ocrx_word' id='word_1_170' title='bbox 1358 1369 1541 1420; x_wconf 76' lang='lat' dir='ltr'>crudeli8‚</span> <span class='ocrx_word' id='word_1_171' title='bbox 1560 1384 1596 1411; x_wconf 82' lang='lat'>20</span> 
     </span>
     <span class='ocr_line' id='line_1_22' title="bbox 168 1427 1540 1482; baseline 0.004 -17"><span class='ocrx_word' id='word_1_172' title='bbox 168 1440 239 1478; x_wconf 86' lang='lat' dir='ltr'>ego</span> <span class='ocrx_word' id='word_1_173' title='bbox 265 1427 340 1466; x_wconf 85' lang='lat' dir='ltr'>tibi</span> <span class='ocrx_word' id='word_1_174' title='bbox 366 1429 598 1479; x_wconf 86' lang='lat' dir='ltr'>permittam</span> <span class='ocrx_word' id='word_1_175' title='bbox 626 1429 740 1479; x_wconf 89' lang='lat' dir='ltr'>mori,</span> <span class='ocrx_word' id='word_1_176' title='bbox 772 1431 818 1467; x_wconf 90' lang='lat' dir='ltr'>ut</span> <span class='ocrx_word' id='word_1_177' title='bbox 844 1430 940 1479; x_wconf 87' lang='lat' dir='ltr'>quid</span> <span class='ocrx_word' id='word_1_178' title='bbox 965 1431 1047 1468; x_wconf 88' lang='lat' dir='ltr'>iam</span> <span class='ocrx_word' id='word_1_179' title='bbox 1072 1430 1173 1468; x_wconf 89' lang='lat' dir='ltr'>mihi</span> <span class='ocrx_word' id='word_1_180' title='bbox 1203 1430 1347 1470; x_wconf 86' lang='lat' dir='ltr'>melius</span> <span class='ocrx_word' id='word_1_181' title='bbox 1373 1429 1540 1482; x_wconf 77' lang='lat' dir='ltr'>optem?</span> 
     </span>
     <span class='ocr_line' id='line_1_23' title="bbox 167 1488 1540 1541; baseline 0.003 -15"><span class='ocrx_word' id='word_1_182' title='bbox 167 1488 276 1527; x_wconf 84' lang='lat' dir='ltr'>vides</span> <span class='ocrx_word' id='word_1_183' title='bbox 303 1491 497 1538; x_wconf 89' lang='lat' dir='ltr'>quantum</span> <span class='ocrx_word' id='word_1_184' title='bbox 522 1490 661 1528; x_wconf 87' lang='lat' dir='ltr'>feceris</span> <span class='ocrx_word' id='word_1_185' title='bbox 687 1488 827 1529; x_wconf 81' lang='lat' dir='ltr'>nefas?</span> <span class='ocrx_word' id='word_1_186' title='bbox 876 1491 982 1529; x_wconf 88' lang='lat' dir='ltr'>idem</span> <span class='ocrx_word' id='word_1_187' title='bbox 1009 1504 1081 1541; x_wconf 86' lang='lat' dir='ltr'>pro</span> <span class='ocrx_word' id='word_1_188' title='bbox 1110 1491 1247 1530; x_wconf 89' lang='lat' dir='ltr'>liberis</span> <span class='ocrx_word' id='word_1_189' title='bbox 1272 1491 1371 1531; x_wconf 85' lang='lat' dir='ltr'>meis</span> <span class='ocrx_word' id='word_1_190' title='bbox 1398 1491 1540 1530; x_wconf 87' lang='lat' dir='ltr'>offerre</span> 
     </span>
     <span class='ocr_line' id='line_1_24' title="bbox 166 1550 1540 1603; baseline 0.004 -18"><span class='ocrx_word' id='word_1_191' title='bbox 166 1560 245 1586; x_wconf 88' lang='lat' dir='ltr'>non</span> <span class='ocrx_word' id='word_1_192' title='bbox 276 1550 400 1599; x_wconf 89' lang='lat' dir='ltr'>potui.</span> <span class='ocrx_word' id='word_1_193' title='bbox 457 1551 502 1587; x_wconf 90' lang='lat' dir='ltr'>tu</span> <span class='ocrx_word' id='word_1_194' title='bbox 534 1562 627 1589; x_wconf 85' lang='lat' dir='ltr'>vero</span> <span class='ocrx_word' id='word_1_195' title='bbox 660 1551 849 1600; x_wconf 88' lang='lat' dir='ltr'>parvulos</span> <span class='ocrx_word' id='word_1_196' title='bbox 881 1552 971 1590; x_wconf 90' lang='lat' dir='ltr'>tuos</span> <span class='ocrx_word' id='word_1_197' title='bbox 1004 1553 1106 1601; x_wconf 88' lang='lat' dir='ltr'>tene,</span> <span class='ocrx_word' id='word_1_198' title='bbox 1139 1553 1186 1590; x_wconf 91' lang='lat' dir='ltr'>ut</span> <span class='ocrx_word' id='word_1_199' title='bbox 1216 1553 1259 1590; x_wconf 92' lang='lat' dir='ltr'>in</span> <span class='ocrx_word' id='word_1_200' title='bbox 1290 1552 1369 1591; x_wconf 89' lang='lat' dir='ltr'>isto</span> <span class='ocrx_word' id='word_1_201' title='bbox 1401 1551 1540 1603; x_wconf 85' lang='lat' dir='ltr'>potius</span> 
     </span>
     <span class='ocr_line' id='line_1_25' title="bbox 166 1608 1540 1663; baseline 0.004 -17"><span class='ocrx_word' id='word_1_202' title='bbox 166 1608 389 1647; x_wconf 87' lang='lat' dir='ltr'>moriantur</span> <span class='ocrx_word' id='word_1_203' title='bbox 430 1609 626 1660; x_wconf 83' lang='lat' dir='ltr'>amplexu.</span> <span class='ocrx_word' id='word_1_204' title='bbox 688 1612 734 1649; x_wconf 86' lang='lat' dir='ltr'>tu</span> <span class='ocrx_word' id='word_1_205' title='bbox 778 1623 882 1650; x_wconf 90' lang='lat' dir='ltr'>nunc</span> <span class='ocrx_word' id='word_1_206' title='bbox 927 1624 1084 1661; x_wconf 89' lang='lat' dir='ltr'>quoque</span> <span class='ocrx_word' id='word_1_207' title='bbox 1127 1625 1208 1651; x_wconf 90' lang='lat' dir='ltr'>non</span> <span class='ocrx_word' id='word_1_208' title='bbox 1253 1612 1415 1663; x_wconf 84' lang='lat' dir='ltr'>evades,</span> <span class='ocrx_word' id='word_1_209' title='bbox 1458 1625 1540 1651; x_wconf 90' lang='lat' dir='ltr'>non</span> 
     </span>
     <span class='ocr_line' id='line_1_26' title="bbox 167 1667 1593 1724; baseline 0.004 -18"><span class='ocrx_word' id='word_1_210' title='bbox 167 1667 339 1720; x_wconf 85' lang='lat' dir='ltr'>effugies.</span> <span class='ocrx_word' id='word_1_211' title='bbox 403 1683 638 1720; x_wconf 88' lang='lat' dir='ltr'>quacunque</span> <span class='ocrx_word' id='word_1_212' title='bbox 670 1673 710 1709; x_wconf 89' lang='lat' dir='ltr'>te</span> <span class='ocrx_word' id='word_1_213' title='bbox 743 1671 899 1710; x_wconf 84' lang='lat' dir='ltr'>duxerit</span> <span class='ocrx_word' id='word_1_214' title='bbox 931 1672 1100 1722; x_wconf 86' lang='lat' dir='ltr'>orbitas,</span> <span class='ocrx_word' id='word_1_215' title='bbox 1136 1685 1292 1723; x_wconf 86' lang='lat' dir='ltr'>sequar,</span> <span class='ocrx_word' id='word_1_216' title='bbox 1324 1672 1539 1724; x_wconf 85' lang='lat' dir='ltr'>effundam,</span> <span class='ocrx_word' id='word_1_217' title='bbox 1557 1686 1593 1712; x_wconf 75' lang='lat'>25</span> 
     </span>
     <span class='ocr_line' id='line_1_27' title="bbox 167 1728 1539 1784; baseline 0.004 -18"><span class='ocrx_word' id='word_1_218' title='bbox 167 1728 200 1766; x_wconf 92' lang='lat' dir='ltr'>si</span> <span class='ocrx_word' id='word_1_219' title='bbox 226 1729 331 1778; x_wconf 92' lang='lat' dir='ltr'>quod</span> <span class='ocrx_word' id='word_1_220' title='bbox 357 1732 560 1779; x_wconf 85' lang='lat' dir='ltr'>paraveris</span> <span class='ocrx_word' id='word_1_221' title='bbox 586 1743 794 1781; x_wconf 83' lang='lat' dir='ltr'>venenum,</span> <span class='ocrx_word' id='word_1_222' title='bbox 827 1731 1062 1771; x_wconf 83' lang='lat' dir='ltr'>subtraham</span> <span class='ocrx_word' id='word_1_223' title='bbox 1092 1746 1207 1772; x_wconf 88' lang='lat' dir='ltr'>omne</span> <span class='ocrx_word' id='word_1_224' title='bbox 1240 1734 1408 1784; x_wconf 84' lang='lat' dir='ltr'>ferrum,</span> <span class='ocrx_word' id='word_1_225' title='bbox 1439 1733 1539 1772; x_wconf 91' lang='lat' dir='ltr'>inci-</span> 
     </span>
     <span class='ocr_line' id='line_1_28' title="bbox 167 1788 1539 1845; baseline 0.004 -18"><span class='ocrx_word' id='word_1_226' title='bbox 167 1788 259 1827; x_wconf 88' lang='lat' dir='ltr'>dam</span> <span class='ocrx_word' id='word_1_227' title='bbox 292 1802 546 1840; x_wconf 88' lang='lat' dir='ltr'>quoscunque</span> <span class='ocrx_word' id='word_1_228' title='bbox 578 1792 783 1831; x_wconf 83' lang='lat' dir='ltr'>strinxeris</span> <span class='ocrx_word' id='word_1_229' title='bbox 815 1806 949 1843; x_wconf 86' lang='lat' dir='ltr'>nexus,</span> <span class='ocrx_word' id='word_1_230' title='bbox 984 1794 1032 1832; x_wconf 90' lang='lat' dir='ltr'>ab</span> <span class='ocrx_word' id='word_1_231' title='bbox 1060 1794 1169 1832; x_wconf 88' lang='lat' dir='ltr'>omni</span> <span class='ocrx_word' id='word_1_232' title='bbox 1195 1794 1391 1834; x_wconf 80' lang='lat' dir='ltr'>revocabo</span> <span class='ocrx_word' id='word_1_233' title='bbox 1423 1806 1539 1845; x_wconf 90' lang='lat' dir='ltr'>prae-</span> 
     </span>
     <span class='ocr_line' id='line_1_29' title="bbox 166 1849 1538 1906; baseline 0.004 -19"><span class='ocrx_word' id='word_1_234' title='bbox 166 1849 316 1899; x_wconf 89' lang='lat' dir='ltr'>cipitio.</span> <span class='ocrx_word' id='word_1_235' title='bbox 378 1852 500 1889; x_wconf 87' lang='lat' dir='ltr'>etiam</span> <span class='ocrx_word' id='word_1_236' title='bbox 533 1852 670 1890; x_wconf 88' lang='lat' dir='ltr'>occisis</span> <span class='ocrx_word' id='word_1_237' title='bbox 702 1852 837 1892; x_wconf 87' lang='lat' dir='ltr'>liberis</span> <span class='ocrx_word' id='word_1_238' title='bbox 869 1853 949 1893; x_wconf 88' lang='lat' dir='ltr'>tuis</span> <span class='ocrx_word' id='word_1_239' title='bbox 985 1867 1064 1892; x_wconf 91' lang='lat' dir='ltr'>non</span> <span class='ocrx_word' id='word_1_240' title='bbox 1101 1854 1209 1893; x_wconf 90' lang='lat' dir='ltr'>idem</span> <span class='ocrx_word' id='word_1_241' title='bbox 1239 1855 1423 1906; x_wconf 87' lang='lat' dir='ltr'>patieris,</span> <span class='ocrx_word' id='word_1_242' title='bbox 1461 1855 1538 1893; x_wconf 89' lang='lat' dir='ltr'>ini-</span> 
     </span>
    </p>
   </div>
   <div class='ocr_carea' id='block_1_3' title="bbox 261 1965 1537 2015">
    <p class='ocr_par' dir='ltr' id='par_1_3' title="bbox 261 1965 1537 2015">
     <span class='ocr_line' id='line_1_30' title="bbox 261 1965 1537 2015; baseline 0.005 -16"><span class='ocrx_word' id='word_1_243' title='bbox 261 1967 281 1999; x_wconf 84' lang='lat'>5</span> <span class='ocrx_word' id='word_1_244' title='bbox 314 1975 383 2010; x_wconf 84' lang='lat' dir='ltr'>per</span> <span class='ocrx_word' id='word_1_245' title='bbox 408 1965 535 2001; x_wconf 87' lang='lat' dir='ltr'>fidem:</span> <span class='ocrx_word' id='word_1_246' title='bbox 563 1977 630 2012; x_wconf 88' lang='lat' dir='ltr'>per</span> <span class='ocrx_word' id='word_1_247' title='bbox 656 1967 730 2002; x_wconf 91' lang='lat' dir='ltr'>fido</span> <span class='ocrx_word' id='word_1_248' title='bbox 756 1974 807 2011; x_wconf 72' lang='lat'>113</span> <span class='ocrx_word' id='word_1_249' title='bbox 833 1979 900 2013; x_wconf 83' lang='lat' dir='ltr'>pro</span> <span class='ocrx_word' id='word_1_250' title='bbox 928 1968 1040 2004; x_wconf 87' lang='lat' dir='ltr'>fidem</span> <span class='ocrx_word' id='word_1_251' title='bbox 1072 1976 1110 2015; x_wconf 61' lang='grc' dir='ltr'>νς</span> <span class='ocrx_word' id='word_1_252' title='bbox 1143 1970 1306 2015; x_wconf 85' lang='lat' dir='ltr'>perfidos</span> <span class='ocrx_word' id='word_1_253' title='bbox 1334 1976 1376 2005; x_wconf 99' lang='lat' dir='ltr'><em>M</em></span> <span class='ocrx_word' id='word_1_254' title='bbox 1469 1969 1537 2006; x_wconf 90' lang='lat' dir='ltr'>illo</span> 
     </span>
    </p>
   </div>
   <div class='ocr_carea' id='block_1_4' title="bbox 163 2027 1538 2281">
    <p class='ocr_par' dir='ltr' id='par_1_4' title="bbox 163 2027 1538 2184">
     <span class='ocr_line' id='line_1_31' title="bbox 165 2027 1538 2089; baseline 0.006 -18"><span class='ocrx_word' id='word_1_255' title='bbox 165 2047 232 2072; x_wconf 87' lang='lat' dir='ltr'>om.</span> <span class='ocrx_word' id='word_1_256' title='bbox 254 2042 303 2081; x_wconf 85' lang='lat' dir='ltr'>M,</span> <span class='ocrx_word' id='word_1_257' title='bbox 331 2038 415 2073; x_wconf 79' lang='lat' dir='ltr'>add.</span> <span class='ocrx_word' id='word_1_258' title='bbox 436 2053 478 2072; x_wconf 86' lang='lat' dir='ltr'>m</span> <span class='ocrx_word' id='word_1_259' title='bbox 590 2043 609 2074; x_wconf 90' lang='grc'><strong>6</strong></span> <span class='ocrx_word' id='word_1_260' title='bbox 637 2027 817 2084; x_wconf 67' lang='lat' dir='ltr'>seqiintur</span> <span class='ocrx_word' id='word_1_261' title='bbox 842 2046 892 2084; x_wconf 85' lang='grc' dir='ltr'>Β;</span> <span class='ocrx_word' id='word_1_262' title='bbox 927 2043 1134 2086; x_wconf 84' lang='lat' dir='ltr'>sequuntur</span> <span class='ocrx_word' id='word_1_263' title='bbox 1161 2048 1203 2077; x_wconf 91' lang='lat' dir='ltr'><em>M</em></span> <span class='ocrx_word' id='word_1_264' title='bbox 1310 2030 1538 2089; x_wconf 63' lang='lat' dir='ltr'>cgmperitu-</span> 
     </span>
     <span class='ocr_line' id='line_1_32' title="bbox 163 2088 1537 2133; baseline 0.005 -13"><span class='ocrx_word' id='word_1_265' title='bbox 163 2096 226 2120; x_wconf 85' lang='lat' dir='ltr'>rus</span> <span class='ocrx_word' id='word_1_266' title='bbox 251 2091 289 2120; x_wconf 99' lang='grc' dir='ltr'><em>Β</em></span> <span class='ocrx_word' id='word_1_267' title='bbox 399 2090 417 2121; x_wconf 86' lang='lat'><strong>7</strong></span> <span class='ocrx_word' id='word_1_268' title='bbox 446 2098 514 2121; x_wconf 89' lang='lat' dir='ltr'>con</span> <span class='ocrx_word' id='word_1_269' title='bbox 542 2093 577 2121; x_wconf 83' lang='lat' dir='ltr'><em>P</em></span> <span class='ocrx_word' id='word_1_270' title='bbox 682 2088 860 2133; x_wconf 80' lang='lat' dir='ltr'>restingit</span> <span class='ocrx_word' id='word_1_271' title='bbox 884 2095 921 2123; x_wconf 91' lang='grc' dir='ltr'><em>Β</em></span> <span class='ocrx_word' id='word_1_272' title='bbox 1029 2093 1050 2125; x_wconf 88' lang='lat'>8</span> <span class='ocrx_word' id='word_1_273' title='bbox 1078 2090 1249 2126; x_wconf 86' lang='lat' dir='ltr'>audirem</span> <span class='ocrx_word' id='word_1_274' title='bbox 1275 2097 1313 2126; x_wconf 92' lang='grc' dir='ltr'><em>Β</em></span> <span class='ocrx_word' id='word_1_275' title='bbox 1420 2091 1537 2127; x_wconf 81' lang='grc' dir='ltr'>011·οό-</span> 
     </span>
     <span class='ocr_line' id='line_1_33' title="bbox 165 2132 1446 2184; baseline 0.005 -16"><span class='ocrx_word' id='word_1_276' title='bbox 165 2132 303 2178; x_wconf 87' lang='lat' dir='ltr'>spiciat</span> <span class='ocrx_word' id='word_1_277' title='bbox 328 2140 365 2169; x_wconf 84' lang='lat' dir='ltr'><strong><em>P</em></strong></span> <span class='ocrx_word' id='word_1_278' title='bbox 456 2139 498 2170; x_wconf 92' lang='lat'>10</span> <span class='ocrx_word' id='word_1_279' title='bbox 524 2135 667 2171; x_wconf 90' lang='lat' dir='ltr'>inicum</span> <span class='ocrx_word' id='word_1_280' title='bbox 692 2142 742 2171; x_wconf 81' lang='lat' dir='ltr'>B:</span> <span class='ocrx_word' id='word_1_281' title='bbox 770 2137 942 2182; x_wconf 89' lang='lat' dir='ltr'>iniquum</span> <span class='ocrx_word' id='word_1_282' title='bbox 968 2145 990 2171; x_wconf 76' lang='lat' dir='ltr'><strong><em>b</em></strong></span> <span class='ocrx_word' id='word_1_283' title='bbox 1016 2141 1124 2174; x_wconf 76' lang='lat' dir='ltr'>ceteri</span> <span class='ocrx_word' id='word_1_284' title='bbox 1223 2143 1266 2174; x_wconf 94' lang='grc'>12</span> <span class='ocrx_word' id='word_1_285' title='bbox 1294 2139 1378 2184; x_wconf 86' lang='lat' dir='ltr'>quis</span> <span class='ocrx_word' id='word_1_286' title='bbox 1402 2145 1446 2174; x_wconf 88' lang='lat' dir='ltr'><em>M</em></span> 
     </span>
    </p>

    <p class='ocr_par' dir='ltr' id='par_1_5' title="bbox 164 2181 1538 2281">
     <span class='ocr_line' id='line_1_34' title="bbox 166 2181 1536 2232; baseline 0.005 -16"><span class='ocrx_word' id='word_1_287' title='bbox 166 2185 209 2216; x_wconf 87' lang='grc'>16</span> <span class='ocrx_word' id='word_1_288' title='bbox 241 2181 380 2217; x_wconf 89' lang='lat' dir='ltr'>liberos</span> <span class='ocrx_word' id='word_1_289' title='bbox 413 2194 541 2218; x_wconf 90' lang='lat' dir='ltr'>omnes</span> <span class='ocrx_word' id='word_1_290' title='bbox 567 2191 598 2218; x_wconf 83' lang='lat' dir='ltr'><em>J</em></span> <span class='ocrx_word' id='word_1_291' title='bbox 696 2188 737 2219; x_wconf 83' lang='lat'>17</span> <span class='ocrx_word' id='word_1_292' title='bbox 771 2185 847 2220; x_wconf 90' lang='lat' dir='ltr'>imo</span> <span class='ocrx_word' id='word_1_293' title='bbox 874 2192 910 2220; x_wconf 86' lang='grc' dir='ltr'><em>Β</em></span> <span class='ocrx_word' id='word_1_294' title='bbox 1006 2190 1050 2222; x_wconf 87' lang='grc'>21</span> <span class='ocrx_word' id='word_1_295' title='bbox 1083 2188 1263 2232; x_wconf 87' lang='lat' dir='ltr'>permitto</span> <span class='ocrx_word' id='word_1_296' title='bbox 1288 2195 1321 2223; x_wconf 83' lang='lat' dir='ltr'><em>J</em></span> <span class='ocrx_word' id='word_1_297' title='bbox 1415 2189 1458 2223; x_wconf 90' lang='lat' dir='ltr'>ut</span> <span class='ocrx_word' id='word_1_298' title='bbox 1490 2202 1536 2224; x_wconf 78' lang='lat' dir='ltr'>m:</span> 
     </span>
     <span class='ocr_line' id='line_1_35' title="bbox 164 2230 1538 2281; baseline 0.006 -17"><span class='ocrx_word' id='word_1_299' title='bbox 164 2230 204 2264; x_wconf 88' lang='lat' dir='ltr'>at</span> <span class='ocrx_word' id='word_1_300' title='bbox 230 2238 251 2264; x_wconf 77' lang='grc' dir='ltr'>ς’</span> <span class='ocrx_word' id='word_1_301' title='bbox 324 2234 369 2266; x_wconf 93' lang='grc'>22</span> <span class='ocrx_word' id='word_1_302' title='bbox 395 2231 520 2267; x_wconf 85' lang='lat' dir='ltr'>vides:</span> <span class='ocrx_word' id='word_1_303' title='bbox 549 2243 605 2267; x_wconf 86' lang='lat' dir='ltr'>-es</span> <span class='ocrx_word' id='word_1_304' title='bbox 631 2234 672 2268; x_wconf 76' lang='lat' dir='ltr'>in</span> <span class='ocrx_word' id='word_1_305' title='bbox 698 2244 770 2268; x_wconf 85' lang='lat' dir='ltr'>ras.</span> <span class='ocrx_word' id='word_1_306' title='bbox 791 2240 828 2268; x_wconf 92' lang='grc' dir='ltr'><em>Β</em></span> <span class='ocrx_word' id='word_1_307' title='bbox 912 2234 1004 2270; x_wconf 87' lang='lat' dir='ltr'>meis</span> <span class='ocrx_word' id='word_1_308' title='bbox 1030 2247 1098 2270; x_wconf 87' lang='lat' dir='ltr'>om.</span> <span class='ocrx_word' id='word_1_309' title='bbox 1119 2242 1164 2280; x_wconf 84' lang='lat' dir='ltr'>B,</span> <span class='ocrx_word' id='word_1_310' title='bbox 1191 2248 1291 2281; x_wconf 77' lang='lat' dir='ltr'>supr.</span> <span class='ocrx_word' id='word_1_311' title='bbox 1313 2243 1336 2271; x_wconf 69' lang='lat' dir='ltr'><strong><em>b</em></strong></span> <span class='ocrx_word' id='word_1_312' title='bbox 1423 2240 1467 2272; x_wconf 86' lang='grc'>23</span> <span class='ocrx_word' id='word_1_313' title='bbox 1493 2237 1538 2271; x_wconf 86' lang='lat' dir='ltr'>ut</span> 
     </span>
    </p>
   </div>
   <div class='ocr_carea' id='block_1_5' title="bbox 161 2296 1537 2444">
    <p class='ocr_par' dir='ltr' id='par_1_6' title="bbox 161 2296 1537 2444">
     <span class='ocr_line' id='line_1_36' title="bbox 163 2296 1537 2349; baseline 0.005 -12"><span class='ocrx_word' id='word_1_314' title='bbox 163 2313 230 2338; x_wconf 84' lang='lat' dir='ltr'>om.</span> <span class='ocrx_word' id='word_1_315' title='bbox 256 2308 286 2337; x_wconf 80' lang='lat' dir='ltr'><strong><em>V</em></strong></span> <span class='ocrx_word' id='word_1_316' title='bbox 354 2306 399 2338; x_wconf 85' lang='grc'>25</span> <span class='ocrx_word' id='word_1_317' title='bbox 426 2303 584 2349; x_wconf 85' lang='lat' dir='ltr'>effugies</span> <span class='ocrx_word' id='word_1_318' title='bbox 610 2306 652 2340; x_wconf 78' lang='lat' dir='ltr'>in</span> <span class='ocrx_word' id='word_1_319' title='bbox 671 2316 743 2340; x_wconf 82' lang='lat' dir='ltr'>ras.</span> <span class='ocrx_word' id='word_1_320' title='bbox 765 2312 802 2340; x_wconf 89' lang='grc' dir='ltr'><em>Β</em></span> <span class='ocrx_word' id='word_1_321' title='bbox 869 2310 912 2341; x_wconf 90' lang='grc'>26</span> <span class='ocrx_word' id='word_1_322' title='bbox 940 2296 1142 2343; x_wconf 61' lang='lat' dir='ltr'>subteriham</span> <span class='ocrx_word' id='word_1_323' title='bbox 1167 2315 1204 2343; x_wconf 93' lang='grc' dir='ltr'><em>Β</em></span> <span class='ocrx_word' id='word_1_324' title='bbox 1285 2312 1329 2343; x_wconf 79' lang='grc'>27</span> <span class='ocrx_word' id='word_1_325' title='bbox 1357 2308 1537 2344; x_wconf 83' lang='lat' dir='ltr'>strincxe-</span> 
     </span>
     <span class='ocr_line' id='line_1_37' title="bbox 161 2350 1537 2402; baseline 0.006 -17"><span class='ocrx_word' id='word_1_326' title='bbox 161 2350 214 2385; x_wconf 81' lang='lat' dir='ltr'>ris</span> <span class='ocrx_word' id='word_1_327' title='bbox 233 2357 271 2385; x_wconf 88' lang='grc' dir='ltr'><em>Β</em></span> <span class='ocrx_word' id='word_1_328' title='bbox 334 2352 528 2398; x_wconf 85' lang='lat' dir='ltr'>praecipio</span> <span class='ocrx_word' id='word_1_329' title='bbox 555 2361 574 2395; x_wconf 76' lang='grc' dir='ltr'><strong><em>β</em></strong></span> <span class='ocrx_word' id='word_1_330' title='bbox 648 2356 692 2387; x_wconf 85' lang='grc'>28</span> <span class='ocrx_word' id='word_1_331' title='bbox 718 2352 847 2389; x_wconf 86' lang='lat' dir='ltr'>liberis</span> <span class='ocrx_word' id='word_1_332' title='bbox 868 2355 910 2389; x_wconf 75' lang='lat' dir='ltr'>in</span> <span class='ocrx_word' id='word_1_333' title='bbox 928 2367 1001 2391; x_wconf 80' lang='lat' dir='ltr'>ras.</span> <span class='ocrx_word' id='word_1_334' title='bbox 1023 2368 1090 2391; x_wconf 89' lang='lat' dir='ltr'>om.</span> <span class='ocrx_word' id='word_1_335' title='bbox 1105 2363 1150 2402; x_wconf 85' lang='lat' dir='ltr'>B,</span> <span class='ocrx_word' id='word_1_336' title='bbox 1169 2368 1270 2402; x_wconf 80' lang='lat' dir='ltr'>supr.</span> <span class='ocrx_word' id='word_1_337' title='bbox 1285 2364 1309 2391; x_wconf 69' lang='grc' dir='ltr'><strong>ῠ</strong></span> <span class='ocrx_word' id='word_1_338' title='bbox 1383 2357 1537 2393; x_wconf 77' lang='lat' dir='ltr'>inimice</span> 
     </span>
     <span class='ocr_line' id='line_1_38' title="bbox 162 2406 313 2444; baseline 0 -9"><span class='ocrx_word' id='word_1_339' title='bbox 162 2409 263 2444; x_wconf 74' lang='lat' dir='ltr'>supr.</span> <span class='ocrx_word' id='word_1_340' title='bbox 284 2406 313 2434; x_wconf 75' lang='lat' dir='ltr'>v</span> 
     </span>
    </p>
   </div>
  </div>
 </body>
</html>
