1638 2560
516 102 834 140 DECLAMATIO
859 102 911 138 IX
931 106 1084 139 10—12.
1401 103 1485 145 177

111 220 227 259 tento
270 218 402 259 simile
444 219 594 257 crimen
635 219 831 268 expectat.
894 217 1057 257 abdicas
1100 231 1182 266 me,
1224 219 1358 268 pater,
1401 220 1488 256 tam

113 278 225 320 cito?
270 278 391 319 modo
421 278 499 317 tibi
530 291 578 318 ex
608 278 683 327 illa
713 278 874 318 funesta
904 278 1226 330 peregrinatione
1257 279 1487 328 insperatus

112 341 304 390 revertor,
327 339 433 378 unde
458 339 505 377 ut
529 341 719 388 venirem,
738 339 807 378 vix
832 341 973 389 optare
997 338 1179 389 potuisti.
1224 339 1338 377 nulla
1356 338 1487 378 adhuc

110 414 186 451 pro
214 399 351 440 reditu
379 411 469 438 meo
501 400 635 438 soluta
666 400 762 439 sunt
792 401 906 448 vota,
943 412 1025 438 non
1054 411 1265 450 percussae
1298 399 1376 439 diis
1412 400 1487 438 im-

58 473 94 500 1
112 460 351 501 mortalibus
374 459 542 509 hostiae,
560 460 805 511 redemptori
831 462 938 499 certe
963 460 1139 511 gratiam
1163 473 1244 498 non
1261 459 1484 499 retulimus.

113 523 156 561 at
181 534 255 573 ego
280 520 551 571 expectabam,
577 522 624 559 ut
649 520 845 560 desiderio
869 521 1055 559 incensus
1076 520 1240 559 affectus
1259 521 1327 559 vix
1350 522 1488 570 posset

112 581 281 632 expleri,
317 582 365 620 ut
400 583 492 632 post
522 581 743 620 infaustam
778 581 1069 632 profectionem
1099 581 1212 620 velut
1250 580 1486 633 obiurgatus

110 643 228 682 tanto
265 642 444 709 periculo
481 654 689 692 nunquam
718 655 783 681 me
812 641 998 692 posthoc,
1035 641 1180 681 saltem
1209 654 1393 694 peregre,
1426 641 1486 680 di·

110 702 302 742 mitteres.
352 702 421 741 vix
451 702 639 742 salutatis
670 701 822 741 laribus
847 702 1037 753 expellor,
1068 704 1109 741 et
1133 702 1243 753 apud
1272 702 1485 753 plerosque

57 774 93 801 1⁰
111 762 290 802 dubitari
318 764 466 814 potest,
497 775 548 801 an
580 763 778 802 admissus
810 764 897 802 sim.

201 823 269 863 An
298 824 374 863 hoc
398 824 500 875 agis,
529 836 580 862 ne
606 823 705 873 quid
728 823 807 862 tibi
837 822 1088 873 praestitisse
1114 822 1303 862 videatur
1326 823 1398 874 qui
1421 836 1485 862 me

109 882 308 924 redemit?
355 896 499 923 saevus
528 885 635 923 enim
660 883 776 923 credo
802 886 843 923 et
873 883 1022 934 impius
1047 885 1099 933 et,
1132 883 1241 934 quod
1265 883 1486 922 maximum

110 944 289 984 omnium
314 944 506 984 vitiorum
537 946 696 996 signum
722 946 793 994 est,
824 944 1009 996 ingratus
1035 944 1226 983 beneficia
1251 946 1379 995 patris
1404 957 1485 983 non

112 1005 291 1045 aestimo.
340 1005 511 1044 fortasse
538 1006 603 1044 0111
625 1005 754 1044 vitam
779 1004 946 1043 debeam
970 1004 1117 1054 neseio,
1146 1005 1260 1043 nulla
1285 1007 1346 1044 est
1377 1005 1486 1056 apud

0 1106 10 1115 .
57 1076 92 1103 15
111 1067 291 1105 animum
325 1079 460 1105 meum
497 1066 690 1104 memoria
725 1066 972 1104 meritorum.
1033 1065 1226 1104 miserum
1256 1078 1337 1114 me,
1376 1065 1485 1115 quod

108 1138 191 1166 non
220 1138 383 1177 possum
419 1128 582 1165 tantum
613 1126 766 1165 solvere
799 1128 994 1176 quantum
1026 1127 1173 1176 accepi.
1237 1139 1485 1176 quamquam

109 1198 251 1226 causas
282 1186 550 1226 abdicationis
580 1188 698 1237 pater
723 1186 845 1226 altius
870 1187 1019 1236 repetit
1050 1188 1090 1226 et
1116 1187 1223 1225 ultra
1253 1187 1483 1238 peregrina-

40 1259 43 1262 ‘
108 1248 262 1287 fionem
291 1259 423 1286 meam
453 1247 636 1297 inquirit,
667 1246 788 1297 idque
815 1248 974 1286 ratione
1005 1247 1167 1297 duplici.
1217 1249 1404 1298 primum,
1435 1250 1484 1286 ut

108 1320 234 1357 reum,
266 1309 361 1358 quia
391 1320 571 1358 premere
603 1308 795 1346 atrocitas
828 1308 1040 1346 criminum
1071 1320 1151 1347 non
1182 1309 1328 1358 potest,
1363 1308 1483 1346 turba

54 1379 92 1405 ao
110 1368 347 1418 confundat,
384 1368 543 1418 deinde,
588 1370 634 1406 ut
677 1369 841 1420 gravius
878 1368 1064 1406 videatur
1106 1368 1299 1407 iudicium
1342 1367 1483 1418 patris,

109 1441 200 1468 011111
229 1428 265 1468 18
296 1428 461 1468 damnet
492 1430 563 1478 qui
593 1428 722 1468 soleat
751 1430 966 1496 ignoscere.

200 1484 655 1539 ε(3111·’,111(11111’,,011111
686 1502 760 1540 ego
790 1489 1002 1528 inimicum
1031 1488 1220 1528 haberem
1254 1502 1483 1539 pauperem,
1503 1489 1555 1526 12

108 1551 156 1588 tu
192 1550 367 1588 amicum
402 1549 533 1588 filium
569 1550 654 1588 eius
690 1546 911 1588 habuisti‘R’
974 1550 1085 1599 volo,
1128 1549 1297 1598 iudices,
1335 1551 1483 1589 omissa

110 1611 220 1649 omni
251 1610 504 1650 contentione
536 1610 690 1649 scilicet
721 1610 778 1649 sic
804 1622 941 1661 agere:
971 1610 1146 1660 peccavi,
1177 1610 1338 1649 veniam
1368 1612 1482 1661 pet03

55 1681 91 1708 25
111 1671 152 1708 et
182 1683 315 1709 errare
358 1670 532 1710 hominis
570 1672 631 1709 est
667 1672 709 1709 et
741 1670 945 1722 ignoscere
981 1671 1122 1721 patris.
1185 1671 1300 1709 duxit
1335 1685 1399 1710 me
1431 1672 1481 1710 si-

109 1730 218 1770 milis
249 1733 380 1780 aetas,
417 1731 622 1770 evicerunt
653 1730 797 1782 officia,
833 1731 940 1781 cepit
968 1730 1084 1781 fides,
1116 1733 1320 1770 amantem
1352 1731 1482 1771 odisse

109 1803 191 1830 non
227 1791 354 1842 potui.
416 1791 676 1831 nihilominus
713 1792 811 1831 satis
848 1791 1114 1842 habundeque
1150 1805 1371 1842 poenarum
1409 1796 1481 1841 est,

109 1853 162 1901 01,
194 1852 228 1891 si
259 1852 454 1903 pietatem
484 1854 599 1890 tuam
628 1851 728 1891 bene
758 1853 865 1902 novi,
895 1852 987 1903 plus
1020 1865 1141 1903 quam
1172 1853 1307 1902 velles,
1339 1853 1482 1892 datum

110 1914 181 1951 est.
244 1912 543 1963 quantumlibet
579 1914 846 1962 peccaverim,
890 1913 987 1963 quid
1026 1913 1199 1963 amplius
1239 1914 1481 1953 iratissimus

54 1982 91 2010 ω
110 1971 294 2012 (10111111118
325 1971 527 2025 exigeret?
576 1972 672 2012 ludo
703 1973 779 2012 tibi
811 1973 1000 2012 satisfeci.
1062 1974 1268 2013 nullumne
1300 1974 1481 2013 cladibus

205 2116 228 2147 4
252 2123 330 2148 non
354 2124 422 2149 om.
443 2118 480 2147 Β
600 2116 621 2147 5
646 2123 722 2148 11011
748 2123 814 2148 om.
836 2119 868 2148 J
982 2117 1002 2148 6
1028 2113 1091 2148 vix
1115 2115 1246 2159 posset
1270 2114 1326 2150 bis
1351 2120 1388 2148 P

111 2163 154 2196 11
189 2171 239 2196 an
263 2172 332 2198 om.
353 2167 405 2205 B,
430 2172 532 2206 supr.
559 2172 657 2196 man.
684 2161 764 2196 alia
790 2160 890 2208 (b?);
924 2162 964 2196 at
996 2169 1023 2195 «r
1143 2165 1186 2197 12
1219 2162 1331 2198 eredo
1363 2173 1431 2198 om.
1459 2169 1486 2196 t*

110 2211 156 2244 14
182 2208 301 2245 debeo
326 2210 370 2245 in
387 2221 461 2245 ras.
482 2215 550 2244 em
647 2212 690 2244 15
717 2210 886 2245 animum
910 2221 1011 2255 supr.
1031 2215 1068 2244 Β
1160 2214 1205 2246 16
1231 2221 1479 2256 quamquam:

109 2256 239 2303 qd’qd'
265 2264 301 2292 P
397 2261 440 2293 17
462 2261 550 2303 post
574 2257 829 2294 abdicationis
856 2258 941 2294 add.
962 2268 1070 2293 meae
1101 2264 1129 2292 V
1210 2260 1249 2294 et
1263 2259 1481 2304 —inquirit

109 2316 177 2342 om.
198 2314 226 2340 σ
325 2309 369 2341 18
395 2305 568 2352 dupplici
598 2312 667 2341 VM
761 2310 805 2342 19
832 2306 939 2352 quia:
969 2317 1042 2351 que
1068 2313 1112 2342 Μ
1207 2311 1250 2342 21
1279 2307 1436 2342 damnat
1462 2316 1481 2349 β

109 2357 155 2388 23
182 2354 263 2389 eius
287 2365 355 2390 om.
377 2360 421 2398 Ρ,
446 2366 548 2400 supr.
567 2369 595 2395 p
717 2358 763 2390 24
795 2355 828 2390 si
855 2355 946 2391 licet
976 2361 1005 2389 r·
1121 2358 1166 2390 26
1199 2355 1326 2401 coepit
1349 2361 1386 2390 Β

110 2405 156 2437 30
182 2402 343 2448 exigerit
368 2409 404 2438 P

181 2468 396 2502 Qvummx
414 2476 688 2497 rancun-nouus
708 2470 756 2496 ed.
774 2470 953 2497 Lehnert.
1218 2467 1261 2499 12
