1638 2560
503 113 823 151 DECLAMATIO
848 113 901 150 1v
922 118 1075 150 11—13.
1425 115 1483 158 79

105 227 228 270 homo
264 242 355 269 sum
391 230 504 269 euius
545 242 690 280 corpus
729 229 882 268 iratum
921 229 1093 269 fortasse
1133 230 1294 269 saeculo
1334 243 1484 270 numen

105 290 221 330 velut
262 290 516 342 aptissimam
558 290 731 330 facinori
766 289 928 329 videtur
965 290 1131 342 elegisse
1168 290 1381 330 materiam
1419 292 1485 330 cui

105 351 293 403 inprimis
323 351 514 390 continuo
538 351 744 390 natalibus
775 345 991 402 adsignata
1017 352 1079 390 est
1102 351 1233 390 virtus
1263 352 1419 402 pariter
1443 353 1485 391 et

105 412 277 462 facinus,
301 411 482 451 omnium
499 411 798 451 incredibssium
822 411 1152 462 diversorumque
1170 411 1325 463 pariter
1343 424 1484 463 capax,

72 485 89 513 5
107 471 293 512 omnibus
323 471 633 512 difficultatibus
664 472 996 523 novitatibusque
1021 471 1236 522 sufficiens,
1268 472 1482 513 sceleribus

106 534 229 573 miser
265 534 307 572 et
342 534 428 572 sine
463 535 593 572 morte
631 545 705 572 sua
741 545 907 582 nocens,
949 534 993 571 in
1031 546 1111 584 quo
1155 533 1335 573 debeatis
1372 534 1483 585 ipsas

107 606 267 644 quoque
298 593 428 634 odisse
458 595 642 633 virtutes.

195 654 341 694 Nescio
373 667 476 705 quae
506 667 571 693 me
600 654 834 706 prodigiosa
863 653 1004 694 feritas
1028 654 1073 693 in
1102 656 1262 705 patrem
1286 655 1400 694 velut
1422 657 1483 694 te-
1504 654 1556 692 13

106 715 192 754 lum
223 715 390 766 aliquod
421 727 685 765 casurumque
715 714 873 765 pondus
903 714 1040 764 librat,
1074 715 1262 767 inpingit.
1324 716 1483 756 facinus

52 789 89 817 ιο
106 788 171 815 me
200 777 340 815 manet
369 775 477 826 quod
508 777 649 815 contra
679 775 799 815 fidem
831 777 909 825 est,
948 775 1056 826 quod
1086 776 1345 826 profuturum
1382 777 1484 815 mihi

106 837 292 888 negatur,
315 837 364 876 nt
387 837 526 887 nolim,
552 837 665 876 euius
690 849 771 876 non
796 838 968 886 tempus,
993 850 1075 876 non
1099 836 1224 887 locus,
1254 850 1336 876 non
1361 849 1484 877 causa

106 896 383 948 praedicitur.‘
414 910 466 936 an
490 897 593 936 mori
619 896 797 947 debeam,
829 909 902 936 vos
930 896 1218 937 aestimabih‘s:
1249 911 1330 937 non
1362 897 1484 937 debui

106 969 228 997 nasci.

199 1017 333 1058 Sentit
361 1019 479 1069 pater
510 1020 664 1068 quanta
689 1018 743 1058 sit
765 1018 966 1069 praedicta·
992 1018 1152 1058 sceleris
1177 1018 1410 1069 inmanitas,
1442 1021 1484 1059 et

53 1091 88 1119 15
106 1078 198 1118 ideo
227 1079 405 1130 temptat
432 1078 600 1129 efficere,
630 1081 678 1118 ut
701 1079 1032 1118 mathematicam
1056 1081 1187 1119 artem
1210 1092 1292 1119 non
1315 1081 1483 1130 putetis,

107 1151 155 1178 ac
184 1139 304 1179 modo
342 1139 550 1179 contendit
585 1153 667 1179 non
705 1152 790 1180 esse
827 1139 977 1190 fatum,
1015 1141 1056 1179 et
1087 1142 1231 1180 cuncta
1269 1153 1364 1180 casu
1401 1141 1483 1180 for-

105 1200 292 1251 tuitoque
322 1199 549 1251 decurrere,
582 1200 701 1240 modo
734 1201 876 1250 etiam,
913 1203 961 1240 ut
990 1200 1247 1251 providentia
1277 1204 1483 1254 regantur,

106 1272 188 1300 non
211 1273 329 1312 posse
352 1268 491 1300 tamen
515 1261 693 1301 humana
718 1261 887 1301 scientia
907 1261 1159 1312 deprehendi.
1212 1261 1309 1301 dum
1327 1264 1483 1301 utrum-

108 1334 185 1372 que
216 1321 377 1374 colligo,
408 1322 573 1361 interim
598 1321 707 1373 apud
739 1323 984 1374 gravitatem
1009 1323 1188 1361 vestram
1212 1322 1369 1373 depono
1395 1335 1482 1362 sen-

53 1395 89 1422 20
107 1383 206 1422 sisse
237 1382 393 1433 aliquid
425 1383 548 1422 etiam
577 1384 749 1434 patrem,
781 1395 872 1422 cum
902 1382 1060 1422 metuit.
1120 1395 1194 1435 ego
1225 1384 1483 1423 mathemati-

107 1454 199 1481 cum
227 1443 400 1494 probavi
430 1443 578 1483 dixisse
608 1456 760 1492 verum,
790 1443 861 1482 ifle
893 1442 1021 1482 credit
1052 1455 1136 1483 esse
1168 1443 1381 1483 dicturum.

200 1501 355 1543 Casune
392 1503 488 1553 tibi,
523 1505 654 1555 pater,
691 1504 790 1543 haec
821 1503 1035 1544 diversitas
1066 1504 1228 1543 videtur
1263 1505 1307 1543 in
1338 1517 1482 1555 corpus

107 1577 234 1603 unum
257 1563 586 1604 dissentientibus
611 1564 788 1603 solidata
811 1564 1057 1615 primordiis,
1078 1566 1126 1604 ut
1150 1577 1305 1604 summo
1331 1567 1482 1605 vertice

108 1624 263 1664 locatus
300 1625 441 1677 igneus
471 1626 589 1677 vigor
619 1626 765 1664 cuncta
801 1626 943 1677 gravia
981 1625 1103 1665 calidi
1141 1627 1307 1676 spiritus
1339 1626 1483 1666 ardore

53 1698 88 1724 25
108 1684 383 1736 suspenderet:
419 1686 644 1736 profundus
681 1698 797 1725 umor
833 1686 884 1725 ad
915 1686 999 1725 ima
1029 1686 1250 1737 demersus,
1282 1687 1387 1726 unde
1418 1700 1483 1726 co-

108 1745 209 1784 tidie
251 1746 497 1797 superpositi
539 1746 683 1786 caloris
726 1746 920 1786 alimenta
961 1747 1235 1798 traherentur,
1278 1748 1483 1787 terrenum

107 1805 264 1857 pondus
301 1806 345 1845 in
380 1806 513 1847 medio
551 1808 703 1857 quanto
741 1818 910 1857 superne
954 1808 1119 1859 spiritu,
1161 1810 1279 1847 tanta
1321 1809 1482 1859 penitus

107 1867 307 1906 inanitate
338 1866 552 1907 subnixum
582 1866 732 1906 librata
762 1868 867 1908 mole
894 1868 1130 1918 consideret,
1161 1870 1208 1908 ut
1233 1869 1483 1909 saeculorum

364 1995 389 2042 111111

204 2034 226 2066 2
251 2030 413 2067 facinori
436 2037 475 2066 Β
557 2030 716 2067 vedetur
746 2038 774 2066 V
854 2032 978 2078 egisse
1004 2038 1060 2077 n,
1086 2031 1123 2068 le
1147 2044 1249 2079 supr.
1275 2047 1318 2067 u·
1402 2044 1483 2068 ma-

107 2078 271 2115 theriam
297 2086 340 2115 ,11
422 2083 445 2115 4
469 2079 614 2126 pariter
638 2091 707 2116 om.
728 2089 748 2123 β
833 2084 854 2115 5
875 2085 962 2126 post
986 2081 1162 2116 omnibus
1188 2081 1275 2117 add.
1302 2081 1418 2117 miser
1435 2087 1482 2126 B,

107 2127 176 2163 del.
196 2134 221 2162 t
320 2132 362 2164 11
395 2130 455 2164 ut:
489 2129 528 2163 et
551 2136 598 2170 γε·
692 2128 833 2164 nollem
858 2135 951 2173 ΒΜς
983 2129 1118 2165 nollim
1147 2136 1177 2164 V
1271 2133 1316 2165 14
1348 2130 1481 2166 sentit:

109 2175 208 2211 senti
231 2182 279 2221 Β,
303 2178 323 2212 t
345 2188 446 2223 supr.
468 2183 492 2210 ὁ
591 2180 635 2212 15
661 2177 941 2213 mathemacam
971 2184 999 2212 V
1094 2181 1138 2214 16
1163 2177 1310 2214 factum
1334 2184 1415 2213 ΒΜ

108 2224 359 2270 fortuitoque:
392 2224 550 2261 fortuito
583 2233 611 2260 «r
729 2229 773 2261 21
805 2225 982 2272 probavi:
1013 2226 1052 2262 vi
1077 2228 1120 2263 in
1144 2238 1218 2263 ras.
1239 2232 1291 2270 Βς
1324 2237 1483 2272 conpro-

107 2271 198 2308 bavi
217 2279 261 2308 11
354 2277 400 2309 22
426 2283 580 2310 casune:
608 2273 782 2310 σαι-1811110
809 2281 865 2318 Π,
890 2274 997 2310 risim
1022 2275 1091 2311 del.
1113 2279 1147 2311 et
1172 2287 1216 2310 su
1240 2287 1341 2321 supr.
1356 2281 1386 2309 ιι

109 2325 155 2356 24
185 2321 319 2368 gravia
350 2336 396 2358 m:
434 2321 535 2358 levia
566 2331 629 2366 753
663 2333 740 2358 11011
770 2323 904 2369 gravia
935 2323 1035 2367 Seh.;
1074 2323 1178 2359 aeria
1209 2324 1260 2360 H.
1277 2335 1318 2369 p.
1337 2326 1387 2359 57

110 2373 155 2405 25
185 2369 408 2416 profundeis
440 2377 476 2406 P
570 2371 664 2406 ima:
702 2382 780 2406 una
818 2380 837 2414 β
870 2374 976 2418 (corr.
1003 2373 1044 2416 s)
1153 2371 1345 2408 demersus
1384 2371 1484 2406 esset

108 2417 209 2453 unde
235 2424 279 2453 11
373 2422 417 2454 27
445 2419 601 2466 spiritus
627 2425 670 2454 ,Ι
763 2421 871 2455 tanto
898 2428 918 2462 β
