1638 2560
563 122 885 160 DECLAMATIO
909 122 975 158 IX.
1372 121 1461 164 369

594 275 662 314 IX
694 273 955 314 Gnmmross.

170 361 463 413 Aminneam
492 373 529 400 v.
546 372 592 410 p.
621 362 720 406 167,
748 361 787 398 3.

172 421 286 463 Inter
313 423 379 462 tot
401 421 582 473 pericula
609 433 813 472 perpessa,
844 432 868 460 o
898 418 1063 469 iudices,
1094 420 1227 459 certus
1256 417 1469 458 credebam

84 496 182 534 esse,
213 482 323 535 quod
351 484 447 534 post
474 482 730 532 redemptum
759 495 833 532 per
864 481 1016 520 alienas
1050 493 1194 519 manus
1225 478 1356 519 filium
1385 491 1469 518 11011

48 563 66 591 5
84 544 316 596 displiceret
350 543 461 594 patri
496 555 586 582 meo
622 541 916 590 misericordia,
951 541 1084 581 solum
1126 541 1264 579 autem
1300 539 1470 579 verebar

84 607 169 645 iam
197 617 280 644 11011
309 604 458 644 tacitas
489 604 607 655 vulgi
642 603 850 654 opiniones
884 601 1029 652 quibus
1060 601 1313 640 crudelitatis
1345 602 1469 650 atque

85 665 280 706 saevitiae
319 676 413 704 reus
452 677 638 716 pei-agor.
704 663 813 714 apud
851 662 978 702 bonos
1018 664 1060 701 et
1100 674 1243 715 graves
1282 673 1470 701 excusare

85 739 167 766 11011
196 737 379 778 1103311111,
417 726 517 776 (111111
546 724 779 775 redemptus
811 725 898 763 sim.
955 722 1131 762 obicitur
1166 722 1267 761 mihi
1304 721 1471 761 orbatus

32 809 34 811 ·
87 799 207 827 senex
238 787 321 838 qui,
353 798 445 825 cum
475 785 643 825 haberet
672 784 820 834 filium,
852 786 993 823 contra
1024 783 1195 822 divitem
1226 782 1363 823 stabat
1398 795 1472 821 nec

32 867 69 894 ιο
87 847 253 888 orbatus
284 848 327 886 et
355 848 401 886 in
425 859 506 885 11110
530 846 677 885 iuvene
702 845 816 885 bonis
848 844 1034 884 omnibus
1058 844 1273 895 penatibus
1302 843 1473 894 supplex

87 909 150 949 est
178 908 367 948 inimicae
398 907 550 947 domus.
605 907 697 957 plus
728 918 824 958 ergo
855 905 933 944 sibi
957 906 1166 944 nocuimus
1198 905 1320 944 amici
1350 917 1475 955 quam

89 970 264 1019 inimici,
302 980 550 1019 quamquam
587 968 630 1007 et
669 967 749 1007 31111
787 967 895 1006 bona
933 965 1070 1005 omnia
1111 978 1214 1016 quae
1254 977 1474 1016 possemus,

89 1030 323 1070 faceremus.
379 1028 489 1080 quod
531 1029 640 1067 enim
682 1027 919 1067 beneficium
962 1029 1024 1066 est
1061 1026 1235 1076 efficere,
1273 1027 1320 1065 ut
1359 1026 1475 1065 vivat

35 1120 37 1123 -
89 1089 222 1130 orbus.
278 1102 385 1129 nunc
425 1091 562 1128 autem
598 1102 691 1128 eum
730 1089 811 1127 nisi
849 1089 1078 1128 sustentare
1115 1100 1196 1126 non
1233 1087 1340 1127 licet.
1411 1086 1476 1125 dic

35 1169 71 1197 15
89 1152 207 1203 pater
235 1149 434 1200 numquid
466 1163 549 1199 me,
585 1149 716 1188 filium
750 1151 867 1188 tuum
904 1148 975 1199 qui
1012 1160 1221 1198 nunquam
1257 1149 1399 1186 contra
1434 1148 1476 1185 te

89 1211 270 1263 peccavi,
310 1210 506 1250 redimere
543 1210 737 1250 debueras
778 1212 953 1260 captum.
1010 1209 1120 1248 solve
1162 1221 1258 1260 ergo
1298 1208 1478 1258 preffium

89 1272 379 1323 redemptionis
409 1284 533 1310 meae.
590 1272 626 1310 si
663 1275 800 1309 autem
836 1271 1042 1321 porrectos
1079 1269 1215 1321 egenti
1247 1268 1355 1308 cibos
1386 1274 1478 1306 mea

90 1333 198 1372 fame
221 1331 434 1383 repandae,
466 1332 676 1383 expulsum
708 1330 759 1370 ab
785 1330 970 1369 omnibus
1001 1330 1117 1369 bonis
1149 1329 1278 1368 filium
1303 1328 1479 1368 similem

35 1411 41 1424 =
91 1394 215 1433 facies
245 1393 421 1432 inimico.
478 1394 620 1443 captus
646 1405 671 1431 a
695 1392 840 1442 11113113
872 1391 949 1430 3011
973 1392 1085 1441 pam·
1108 1402 1196 1429 meo
1223 1390 1272 1429 de
1296 1389 1480 1439 redemp-

38 1473 74 1500 2⁰
92 1454 203 1494 tione
233 1466 323 1493 mea
355 1453 499 1504 scripsi
530 1466 651 1503 quem
675 1452 851 1491 sciebam
881 1464 998 1502 posse
1030 1452 1071 1490 et
1096 1450 1240 1490 debere
1270 1450 1479 1489 redimere.

94 1516 224 1554 amico
255 1527 344 1553 meo
378 1513 555 1564 qualiter
579 1513 827 1564 scripsissem
859 1525 979 1562 quem
1003 1511 1178 1550 sciebam
1209 1524 1290 1550 non
1321 1511 1481 1559 habere,

94 1575 201 1614 unde
240 1574 467 1614 redimeret.
538 1575 625 1625 ipse
664 1575 802 1612 tamen
842 1585 934 1611 mox
974 1572 1180 1623 profectus
1221 1573 1283 1611 est
1323 1571 1375 1610 ad
1415 1584 1480 1610 me

94 1635 374 1675 redimendum
397 1635 514 1686 patre
541 1647 612 1674 suo
637 1647 717 1674 non
742 1633 980 1685 prohibente
1006 1632 1076 1672 sed
1099 1634 1312 1671 annuente.
1369 1632 1482 1683 quic-

40 1722 44 1726 ·
98 1695 196 1747 quid
220 1697 256 1735 31
278 1696 322 1734 111
347 1695 527 1735 subsidia
550 1695 659 1734 vitae
685 1695 918 1763 seposuerat
942 1706 1066 1745 parca
1091 1693 1319 1745 frugalitas,
1348 1693 1483 1732 totum

41 1775 78 1802 25
97 1758 142 1796 in
170 1758 373 1807 impensas
412 1756 569 1795 itineris
611 1755 783 1795 contulit
815 1756 862 1793 ei.
927 1755 1069 1793 infelix
1100 1767 1237 1803 senex,
1275 1754 1333 1793 310
1365 1766 1481 1805 egere

97 1816 276 1868 coepisti
331 1817 535 1867 profectus
577 1817 728 1855 amicus
759 1815 947 1855 fluctibus
986 1816 1027 1854 et
1057 1815 1181 1854 maris
1219 1814 1410 1865 periculis
1442 1826 1483 1852 se

98 1878 311 1918 commisit.
366 1889 585 1927 properans
613 1876 728 1916 tarde
761 1876 812 1915 ad
843 1877 998 1927 piratas
1029 1876 1152 1915 venit
1215 1875 1309 1914 hinc
1342 1874 1395 1914 ad
1424 1874 1483 1913 lo-

100 1951 207 1987 cum,
251 1937 322 1977 ubi
354 1950 463 1977 eram
496 1939 674 1976 armatus
705 1938 750 1975 in
793 1949 935 1987 campo
974 1949 1065 1975 cum
1105 1936 1198 1975 aliis
1242 1935 1485 1974 adiudicatis

98 1994 297 2051 morffi[s]‚
329 2011 499 2049 cumque
530 2011 710 2050 pugnare
742 1997 938 2046 deberem,
971 1997 1085 2036 adest
1115 1997 1280 2036 amicus.
1328 1997 1483 2046 stupeo.

45 2078 83 2105 30
100 2073 165 2100 me
190 2059 466 2110 complexatus
492 2058 607 2098 offert
632 2070 675 2098 30
698 2060 832 2108 ipsum
856 2058 1153 2108 redemptorem
1175 2070 1321 2096 meum.
1378 2055 1487 2106 quod

102 2133 193 2160 cum
231 2132 438 2171 negarem,
477 2120 536 2158 ait
573 2119 682 2169 quod
716 2120 850 2170 ipsum
886 2118 1077 2158 haberem
1116 2117 1259 2157 mortis
1298 2117 1487 2156 comitem

101 2181 168 2220 vel
199 2181 406 2219 vicarium.
470 2180 570 2218 vicit
600 2192 695 2232 ergo
724 2180 922 2219 instantia
954 2180 994 2218 et
1026 2178 1142 2217 duxit
1171 2192 1235 2217 me
1268 2178 1320 2216 ad
1349 2190 1487 2216 mune-

102 2241 258 2281 rarium
288 2242 330 2279 et
361 2253 453 2279 cum
482 2240 660 2280 lacrimis
699 2242 739 2279 et
776 2239 959 2290 precibus
998 2239 1176 2278 obtinuit
1207 2238 1485 2277 mutationem.

103 2303 201 2341 tunc
242 2302 384 2341 exutus
416 2313 505 2339 sum
549 2301 671 2341 armis
703 2303 744 2340 et
774 2302 860 2351 ipse
900 2300 1066 2339 indutus
1108 2302 1169 2339 est
1209 2300 1276 2338 eis.
1333 2299 1490 2350 pugnat

203 2432 248 2464 23
276 2429 350 2475 leye
375 2428 470 2474 quid
496 2428 528 2463 31
554 2429 609 2464 vel
634 2427 820 2474 quicquid
846 2427 920 2463 sibi
1020 2431 1064 2462 32
1091 2425 1349 2462 numerarium
1374 2430 1417 2460 M

179 2495 397 2529 erxnmnn
416 2502 693 2522 nlcxassAuons
713 2496 760 2522 ed.
780 2496 962 2521 Lehnert.
1227 2490 1272 2521 24
