1638 2560
185 129 272 171 124
623 124 859 162 CORPORIS
885 122 1113 160 PROIECTI

183 243 289 294 quod
328 243 461 292 aiunt,
498 254 578 280 uno
617 253 641 279 a
678 241 845 291 parente
882 235 1075 279 discessi.²
1137 238 1215 277 erit
1252 237 1407 277 solutus
1445 238 1556 276 omni

183 302 406 342 auxiliandi
442 302 697 351 necessitate,
736 300 895 352 quando
934 301 1069 339 vestra
1111 299 1448 350 interpretatione
1486 297 1556 337 ab·

182 364 311 404 sentia
342 363 565 414 impietatis
598 362 753 401 occasio
787 363 857 400 est.
907 361 982 399 hoc
1011 360 1186 399 voluisse
1218 359 1355 411 legum
1384 359 1557 398 latorem

182 426 383 475 putamus,
409 425 455 462 ut
479 424 598 462 natus
625 435 673 461 ex
697 421 897 467 nobismet
914 422 1014 472 ipsis
1039 421 1082 459 in
1101 419 1220 459 rebus
1241 419 1420 459 adversis
1438 430 1554 471 prae*

183 485 329 524 sidium
372 484 532 534 parenti
574 482 711 522 labore
755 484 876 532 atque
925 482 1180 532 praestantia
1229 480 1405 520 solveret
1452 480 1554 519 lucis
1593 493 1610 521 5

182 557 344 584 usuram
388 544 632 594 ubicunque,
676 543 755 581 nisi
798 543 902 581 forte
945 555 1026 581 non
1068 553 1204 580 sumus
1248 542 1437 593 parentes
1477 540 1557 580 nisi

181 605 327 657 palam.
380 604 477 655 quid
508 605 568 643 est
600 616 694 656 ergo
726 616 806 642 non
839 600 1048 642 deserere?
1098 599 1252 653 ‘opem
1283 602 1429 652 ferre,
1461 614 1557 640 non

183 662 375 706 deesse.'
441 665 575 703 omnia
605 665 704 703 11366
737 665 843 703 6111111
876 676 921 702 eo
954 664 1157 714 spectant,
1195 663 1242 701 ut
1273 662 1425 701 auxilio
1456 661 1557 700 libe-

181 738 318 764 rorum
347 726 429 764 tuti
461 726 542 764 sint
571 726 768 775 parentes.
833 724 939 774 quod
972 736 1062 763 cum
1093 725 1154 762 ita
1186 723 1257 773 sit,
1292 724 1379 762 tam
1411 722 1463 762 ad
1492 734 1558 762 me

182 787 246 825 1611
275 787 354 824 ista
385 785 582 836 pertinuit
614 798 735 836 quam
768 783 819 823 ad
850 786 1033 823 matrem.
1578 795 1614 823 ιο

272 846 363 885 1)ι16
406 860 531 884 unum
574 845 833 885 vocabamus:
882 845 1091 884 videamus
1135 856 1215 895 quo
1258 845 1318 883 ire
1363 842 1557 883 debuerit.

182 908 365 958 poteram
385 907 547 957 quidem
571 907 732 945 fortiter
750 906 900 945 dicere:
933 902 1064 957 epater
1084 907 1122 944 ei
1146 901 1273 945 iussi?
1318 905 1395 944 hoc
1413 917 1560 944 nomen

184 969 292 1007 omni
316 968 405 1019 lege
436 968 566 1006 maius
593 968 664 1006 est.
714 966 898 1006 tribunos
924 966 1168 1016 deducimus,
1201 965 1438 1005 candidatos
1463 964 1558 1004 feri-

183 1041 282 1066 mus.
345 1028 406 1066 ius
438 1027 552 1066 nobis
583 1028 692 1067 vitae
724 1028 911 1077 necisque
944 1038 1174 1066 concessum
1206 1027 1277 1065 est.
1328 1026 1470 1065 sinon
1500 1026 1558 1064 fe-

185 1089 285 1127 cerit
317 1088 421 1138 quod
453 1088 583 1138 iubeo,
613 1101 694 1126 non
726 1088 903 1126 deferam
934 1088 1051 1126 illum
1083 1087 1135 1126 ad
1166 1087 1426 1138 sepulturam.
1489 1099 1557 1126 ne-
1579 1099 1614 1127 15

185 1161 293 1187 cesse
311 1148 454 1187 habuit
475 1160 627 1199 parere.
677 1161 758 1186 non
783 1148 971 1198 deseruit,
997 1148 1066 1187 sed
1092 1147 1290 1187 abductus
1311 1149 1381 1187 est.
1432 1146 1559 1198 crede,

115 1207 165 1243 15
185 1221 266 1247 11011
309 1210 541 1259 contemptu
584 1210 647 1247 tui
689 1210 802 1247 venit
845 1210 889 1247 in
933 1221 1141 1248 carcerem.
1205 1209 1288 1248 sint
1332 1220 1427 1247 sane
1469 1208 1560 1246 iura

184 1269 313 1319 paria,
344 1269 558 1319 sedeatque
590 1269 744 1308 medius
776 1271 883 1307 inter
914 1270 1015 1308 duos
1046 1269 1154 1309 filius
1185 1269 1322 1321 iudex,
1354 1281 1436 1308 non
1467 1281 1560 1308 con-

184 1329 336 1379 parabo
373 1342 580 1380 personas,
620 1330 803 1380 quamvis
843 1330 950 1381 apud
982 1342 1119 1369 omnes
1157 1331 1296 1381 gentes
1334 1329 1427 1380 plus
1458 1329 1559 1368 iuris

183 1389 332 1428 habeat
369 1392 502 1441 pater,
545 1391 598 1429 sit
636 1403 730 1429 sane
768 1392 915 1430 natura
953 1391 1194 1440 communis,
1237 1402 1319 1428 non
1361 1389 1559 1440 inputabo
1579 1402 1616 1428 20

187 1450 293 1500 quod
330 1463 474 1489 nomen
512 1450 621 1500 dedi,
660 1451 768 1501 quod
804 1451 1021 1501 familiam,
1053 1451 1162 1502 quod
1199 1452 1408 1501 inpensas,
1442 1449 1561 1501 quod,

186 1510 280 1548 dum
311 1510 373 1548 illi
405 1511 586 1561 adquiro,
619 1513 760 1562 captus
786 1524 885 1550 sum.
935 1525 1016 1550 non
1040 1511 1318 1564 indulgentiae
1348 1511 1562 1550 discrimen

188 1570 399 1620 excutiam,
432 1571 479 1610 de
511 1584 591 1621 qua
621 1572 704 1610 iam
735 1572 806 1610 lite
839 1585 1071 1611 concessum
1102 1574 1174 1611 est.

275 1630 443 1669 Fuerint
475 1631 634 1681 quidem
671 1633 751 1670 ista
782 1633 983 1684 facienda,
1022 1633 1091 1672 sed
1123 1645 1197 1685 ego
1234 1633 1297 1671 ius
1329 1644 1464 1671 meum
1500 1644 1562 1670 re-

186 1690 335 1740 primo:
378 1692 484 1730 inter
516 1692 614 1731 duos
645 1694 831 1742 parentes
865 1706 1005 1732 caecus
1038 1693 1219 1733 adfectus
1251 1695 1322 1732 est.
1380 1691 1563 1732 exorabit
1581 1704 1618 1732 25

188 1750 257 1801 qui
289 1751 399 1801 prior
429 1753 644 1802 rogaverit.
694 1754 872 1803 tempore
906 1756 1012 1792 certe
1044 1754 1175 1804 vinco,
1207 1755 1301 1794 ante
1326 1754 1449 1792 miser
1478 1765 1562 1793 esse

189 1811 312 1861 coepi.
375 1813 422 1850 tu
454 1812 582 1851 adhuc
613 1813 772 1864 integra
804 1826 862 1863 es,
902 1827 975 1866 ego
1007 1815 1090 1852 iam
1128 1814 1321 1866 alligatus
1353 1826 1453 1853 sum.
1515 1814 1563 1852 tu

189 1884 288 1910 sana
317 1872 362 1909 in
393 1871 522 1922 domo,
561 1885 635 1924 ego
666 1873 748 1911 iam
779 1887 905 1923 paene
937 1875 1148 1914 defunctus
1180 1875 1223 1913 in
1255 1887 1422 1914 carcere.
1484 1873 1564 1913 tibi

286 1990 304 2021 1
333 1986 490 2022 discessi
516 1987 589 2022 erit
615 1987 760 2023 solutus
785 1989 933 2034 scripsi:
968 1989 1184 2025 discesserit
1210 1989 1356 2026 solutus
1382 1989 1456 2025 erit
1479 1995 1565 2033 BV3

188 2034 371 2082 discessi}
405 2037 439 2081 (1
474 2036 542 2072 litt.
563 2037 627 2082 er.)
660 2040 693 2072 et
724 2036 868 2071 solutus
901 2037 973 2072 erit
1003 2049 1071 2073 om.
1099 2041 1213 2084 (supr.
1233 2039 1289 2085 m)
1310 2044 1367 2082 Μς
1406 2037 1564 2073 discessi

189 2082 333 2118 solutus
360 2084 432 2118 erit
457 2092 527 2126 βγσ·
628 2088 649 2118 4
675 2086 785 2120 natos
807 2091 877 2119 BV
953 2086 1203 2132 praesidium:
1230 2086 1449 2133 praeditum
1473 2091 1569 2121 Bw

189 2135 211 2166 5
237 2132 491 2177 praestantia:
518 2133 736 2178 praesentia
767 2139 843 2168 1215·
959 2134 1101 2170 solvere
1126 2142 1159 2170 J
1275 2139 1295 2170 7
1323 2145 1412 2181 ergo
1439 2135 1499 2170 est
1523 2140 1566 2169 Μ

189 2183 234 2215 10
261 2190 391 2225 quam:
414 2180 515 2226 quod
535 2187 571 2215 P
644 2184 687 2216 12
714 2181 749 2216 61
774 2181 868 2216 iussi
888 2182 933 2217 K
937 2183 1022 2218 lotz:
1050 2183 1131 2219 eius
1152 2183 1185 2218 si
1203 2190 1256 2228 B3
1283 2194 1349 2219 eus
1370 2183 1403 2219 si
1421 2189 1462 2228 3⁷3
1481 2182 1565 2218 euis

188 2240 272 2263 sum
291 2234 335 2263 Μ
351 2228 424 2274 (vel
442 2228 536 2264 iussi
554 2241 655 2275 supr.
670 2232 745 2274 m);
765 2229 859 2265 iussi
880 2238 928 2272 βό·
987 2235 1030 2266 13
1058 2231 1262 2267 didicimus
1282 2238 1353 2267 BV
1410 2235 1454 2267 1⁷
1475 2241 1564 2267 con-

187 2277 337 2322 temptu
361 2277 435 2312 tui:
473 2277 707 2323 contemptui
731 2284 769 2312 B
865 2289 1013 2314 carcere
1038 2286 1109 2314 BV
1203 2284 1247 2315 18
1274 2280 1402 2326 patria
1428 2285 1472 2315 M

187 2324 285 2360 filios
311 2331 381 2360 Mer
463 2328 508 2360 20
534 2325 733 2371 inputatur
759 2332 808 2371 Μ,
835 2337 925 2362 corr.
946 2342 989 2362 m
1075 2332 1118 2363 21
1146 2328 1297 2364 familia
1323 2337 1342 2371 β
1434 2331 1479 2363 22
1505 2327 1565 2362 111-

189 2372 426 2419 dulgentiae:
452 2373 512 2409 vel
537 2374 815 2420 intelligentiae
840 2386 941 2421 supr.
962 2390 1004 2410 m
1079 2380 1123 2411 23
1149 2376 1258 2412 litem
1283 2383 1312 2411 V
1379 2379 1426 2412 25
1452 2374 1566 2411 effec—

187 2422 250 2457 tus
276 2427 319 2456 M
392 2422 564 2458 exorabit
583 2427 684 2464 Nyd:
712 2423 880 2459 exoravit
899 2438 943 2468 ας
970 2425 1142 2460 exorabis
1168 2434 1188 2468 β
1262 2428 1307 2460 28
1334 2424 1511 2461 defuctus
1530 2430 1570 2460 P
