1638 2560
471 103 792 142 DECLAMATIO
815 103 904 141 XIV
924 108 1077 141 10—12.
1381 105 1471 149 275

92 222 148 261 sit
177 221 220 260 et
246 221 292 260 in
321 234 448 260 unum
477 198 760 260 tantummodo
792 231 952 259 sensum
975 219 1270 271 mandeturque
1301 221 1472 272 potioni,

93 293 302 333 quousque
331 280 571 320 dominetur.
635 292 724 320 0000
754 281 855 330 13111,
886 280 1044 330 mulier,
1076 280 1154 319 odi.
1207 280 1304 331 quid
1334 283 1473 321 tamen
1493 281 1543 318 11

92 341 223 382 adhuc
259 342 392 382 facere
428 341 533 381 illud
568 343 612 380 in
643 340 837 380 vitalibus
874 339 1024 392 putas?
1084 341 1287 392 paulatim
1324 354 1367 381 se
1403 355 1471 381 ne·

91 413 200 442 cesse
231 404 293 443 est
321 415 395 454 per
424 404 558 441 totum
589 401 790 441 diffundat
821 403 1001 440 animum
1033 404 1091 451 et,
1124 403 1308 452 quamvis
1339 403 1472 454 primo

56 477 74 503 ⁵
92 462 232 503 stafim
262 463 411 503 haustu
440 462 544 502 illud
579 464 799 515 expugnet,
835 463 879 500 in
912 462 1019 512 quod
1050 462 1183 511 datur,
1220 462 1335 502 brevi
1370 465 1472 502 tem-

90 536 189 575 pore
218 524 263 562 in
293 524 468 563 nominis
499 524 564 562 sui
593 524 821 574 potentiam
846 535 983 562 omnes
1008 523 1186 574 reliquos
1213 523 1379 576 stringit
1403 523 1473 563 ad-

90 584 231 624 fectus.
292 583 579 624 medicamenti
616 585 682 623 cui
711 585 875 622 tantum
905 585 1047 623 contra
1083 585 1264 623 animum
1294 585 1473 635 primum

89 644 199 694 licet,
228 646 363 696 prima
392 644 577 684 fortassis
609 645 671 684 vis
703 645 783 683 erit
813 644 964 694 odium,
997 645 1127 683 exitus
1157 646 1247 694 iste,
1279 646 1326 683 ut
1353 658 1470 684 vene-

90 718 189 744 num
225 706 290 744 sit.
352 704 611 756 respondere,
654 705 824 753 iudices,
866 705 951 744 illis
995 705 1096 744 libet
1133 707 1204 755 qui
1241 718 1305 744 me
1348 706 1472 757 paulo

36 779 73 806 10
91 767 186 806 ante
218 765 359 805 dicunt
394 767 438 804 in
470 778 605 805 amore
642 766 766 805 fuisse
803 765 1084 805 miserabilem.
1149 767 1301 816 quanto
1333 766 1473 805 crude-

89 826 214 876 liora,
253 828 405 877 quanto
443 827 634 879 graviora
663 826 801 877 patior
833 827 904 876 qui
934 826 1047 865 dicor
1084 825 1325 877 explicitus?
1386 840 1473 866 mo-

90 886 254 936 destior,
290 899 382 926 cum
413 898 609 936 amarem,
648 889 690 925 et
721 887 907 936 quietior.
970 887 1106 926 fuerat
1136 899 1233 926 sane
1263 887 1398 938 pallor
1427 889 1472 926 in

90 946 207 998 facie,
225 946 295 986 sed
319 948 410 999 ipsa
435 959 594 998 quoque
620 947 757 996 comis,
782 946 962 998 optanda
986 947 1170 987 tristitia.
1213 948 1471 987 inveniebam

91 1007 307 1058 conloquia
336 1008 598 1058 merebarque
629 1019 847 1057 sermones,
886 1020 991 1046 nunc
1023 1021 1088 1047 me
1120 1021 1257 1048 omnes
1295 1009 1472 1060 fugiunt,

37 1083 72 1109 15
92 1069 342 1118 aversantur,
372 1067 555 1108 oderunt.
604 1069 692 1107 tum
718 1068 951 1118 frequenter
976 1081 1000 1107 a
1031 1069 1220 1119 lupanari
1249 1068 1473 1108 deducebat

90 1128 238 1180 pudor,
276 1127 477 1168 abiciebat
514 1141 718 1178 occursus,
761 1141 868 1167 nunc
910 1128 1076 1179 publica
1118 1129 1318 1180 detinent,
1363 1130 1471 1181 quod

91 1202 247 1240 queror,
279 1189 443 1240 adsisto,
473 1190 688 1228 convicior.
739 1201 813 1240 pro
845 1189 1073 1229 miseranda
1105 1190 1304 1229 condicio!
1336 1190 1472 1230 rideor
1491 1190 1543 1227 12

90 1249 251 1300 ubique,
283 1262 436 1299 nan-or,
468 1250 667 1289 ostendor.
719 1262 793 1303 ego
825 1262 914 1289 sum
939 1251 1029 1290 tota
1054 1251 1221 1289 civitate
1245 1252 1470 1291 meretricis

90 1311 289 1350 immicus.
351 1312 386 1350 si
422 1311 559 1362 pauor
594 1312 717 1350 miser
753 1311 846 1350 illas
889 1311 1133 1362 lupanarum
1173 1311 1471 1362 insultationes,

36 1385 73 1411 20
90 1371 165 1410 1113
202 1372 522 1426 compotantium
558 1371 786 1421 maledicta,
819 1372 1013 1421 convicia,
1050 1385 1131 1410 non
1168 1383 1332 1422 possum
1369 1373 1470 1412 satis

90 1433 386 1472 tormentorum
411 1433 634 1483 exprimere
659 1443 898 1471 mensuram.
949 1431 1029 1481 odi,
1054 1444 1126 1471 nec
1151 1445 1333 1483 unquam
1358 1434 1470 1473 visus

91 1502 180 1531 sum
216 1493 347 1545 magis
385 1505 550 1532 amasse.
613 1492 868 1544 intellegitis,
898 1494 1019 1542 puto,
1055 1491 1225 1542 iudiceS,
1265 1493 1471 1533 hominem

92 1553 162 1603 qui
192 1554 354 1592 tantum
386 1552 437 1591 ad
468 1565 541 1592 vos
573 1552 722 1592 detulit
752 1553 879 1591 animi
913 1554 1139 1603 mentisque
1171 1554 1391 1603 eruciatus,
1430 1555 1471 1594 et

90 1625 164 1664 pro
195 1614 283 1652 vita
315 1614 439 1663 queri.
502 1613 570 1652 sed
601 1614 715 1664 potio
746 1613 899 1663 infelix,
931 1613 1123 1664 quicquid
1154 1616 1226 1664 est,
1257 1627 1331 1666 per
1362 1615 1470 1665 quod

36 1687 72 1714 25
90 1674 291 1725 paulatim
321 1673 531 1724 proficitur
555 1673 607 1713 ad
632 1676 815 1723 mortem,
847 1673 1005 1714 assidue
1035 1687 1191 1714 mecum
1217 1675 1375 1714 rixatur
1400 1675 1468 1714 ad-

189 1854 207 1885 1
235 1849 556 1895 mandareturque
581 1855 691 1894 BVS3
717 1851 893 1885 manetur
918 1855 961 1884 ,11
1080 1854 1101 1885 2
1128 1861 1324 1896 quousque
1349 1863 1419 1888 om.
1446 1857 1475 1885 V

91 1902 114 1934 5
140 1900 252 1934 austu
276 1904 323 1942 Β,
350 1899 375 1933 11
399 1909 501 1944 supr.
522 1905 547 1933 ι
637 1898 839 1944 impugnet
867 1904 896 1933 V
989 1902 1010 1934 6
1036 1898 1250 1944 potentium
1275 1905 1313 1934 Β
1409 1910 1467 1935 10-

88 1946 241 2002 lissquos
272 1953 311 1982 Β
425 1950 444 1981 7
477 1946 797 1982 medicamentum
827 1952 943 1989 Βγρσ
1045 1947 1211 1994 primum
1244 1958 1312 1983 om.
1348 1953 1377 1981 ι’

90 1998 112 2030 8
136 1994 200 2030 vix
226 2003 254 2030 σ
365 1995 495 2031 odium
521 1995 595 2031 erit
619 2001 647 2030 V
763 1995 906 2030 exitum
932 1994 1023 2031 siste
1048 1997 1092 2031 ut
1116 2006 1193 2031 non
1217 2006 1403 2031 venenum
1428 2001 1472 2031 Μ

91 2047 136 2079 11
161 2043 291 2090 patiar
314 2050 379 2079 Βσ
473 2043 586 2079 (10001
609 2049 647 2079 Β
744 2047 788 2079 12
815 2054 943 2079 amare
967 2049 1006 2079 Β
1103 2048 1148 2079 15
1180 2046 1403 2080 aversantur
1427 2052 1466 2080 e:

91 2091 340 2128 adversantur
364 2107 395 2127 ω
498 2093 596 2127 tum:
629 2093 759 2128 tamen
785 2098 827 2127 H
941 2096 985 2128 16
1019 2092 1204 2139 abigebat
1231 2092 1296 2129 Gr.
1395 2104 1467 2138 pu-

89 2139 189 2176 blice
214 2140 295 2177 8011.
407 2140 509 2186 quod
534 2151 686 2186 queror:
713 2151 922 2186 conqueror
947 2149 967 2183 μ
1084 2145 1128 2176 17
1156 2141 1320 2177 adsistor
1346 2155 1370 2176 α

90 2211 225 2249 condio
251 2219 297 2257 Β,
323 2213 354 2248 11
378 2225 480 2259 supr.
501 2220 525 2247 o
637 2216 681 2249 18
706 2224 775 2260 per
797 2214 919 2249 totam
946 2213 1139 2249 civitatem
1163 2219 1216 2257 ης
1249 2212 1406 2249 civitate
1431 2218 1469 2247 Β

91 2264 136 2296 19
162 2261 218 2297 sic
243 2270 266 2296 3
338 2261 580 2307 lupanarium
605 2268 691 2305 Vns
767 2265 813 2297 20
838 2261 925 2296 illas
951 2276 976 2296 α
1050 2261 1351 2307 compotantium
1380 2260 1464 2297 Gn:

91 2309 347 2355 corporarium
368 2324 392 2345 α
415 2311 470 2355 (in
490 2309 626 2346 -alium
645 2322 736 2347 corr.
752 2312 818 2356 Β);
846 2309 1100 2356 corporalium
1126 2318 1187 2353 μσς
1214 2311 1464 2345 scortatorum

48 2365 50 2369 ’
89 2357 194 2394 Dess.
210 2370 250 2404 p.
266 2360 314 2394 95
422 2362 468 2394 24
493 2359 600 2405 potio
626 2360 804 2404 operatur
829 2357 896 2393 inf.
921 2364 964 2393 Μ
1058 2357 1250 2403 quicquod
1276 2363 1327 2402 Β;
1354 2356 1466 2402 quid-

90 2405 191 2451 quod
216 2413 244 2440 ι’
337 2408 396 2443 est
420 2417 487 2444 om.
507 2412 546 2442 Β
642 2411 687 2442 25
713 2406 965 2454 proficiscitur
990 2413 1013 2440 F

1178 2466 1247 2501 18*
