1638 2560
131 475 182 511 16

201 117 287 161 160
619 113 795 151 Gummi
819 110 1148 148 LANGVENTES
1205 90 1211 94 ’

200 233 375 272 ciborum
415 231 760 279 fomentorumque
804 227 1016 266 novitates.
1081 221 1260 275 ‘nescio',
1297 224 1450 276 inquit,
1485 221 1571 265 ‘sed

201 294 237 332 si
266 293 491 343 permiseris
524 290 688 329 alterius
722 289 875 339 aperire
900 287 1056 336 vitalia,
1086 288 1227 336 pectus
1256 285 1478 338 effringere,
1509 297 1571 326 ro·

201 353 375 392 medium
412 351 594 390 fortassis
631 345 861 388 inveniam'
925 347 1008 386 iam
1052 348 1262 386 excusatus
1306 358 1366 397 es,
1406 345 1571 396 medico,

201 413 339 459 matri;
373 412 552 462 sperasti,
585 424 634 449 ne
665 409 740 448 tibi
772 408 1007 449 crederetur.

291 473 442 511 Differo
473 472 679 522 paulisper
710 470 816 520 quod
848 469 895 507 de
927 468 1131 519 fratribus,
1168 467 1276 518 quod
1308 466 1357 507 de
1389 468 1571 520 geminis,
1609 480 1627 507 5

203 533 309 584 quod
339 534 456 583 pater
486 533 561 571 hoc
592 531 692 569 facit
723 544 803 569 non
832 531 1104 569 consentiente
1135 530 1278 579 matre,
1309 528 1470 579 publico
1501 540 1572 579 po-

200 596 281 633 tius
313 593 573 632 mortalitatis
607 591 801 631 contendo
833 590 992 629 nomine
1024 603 1104 628 non
1133 589 1276 629 debere
1307 601 1432 641 genus
1462 588 1575 628 istud

203 654 423 693 curationis
450 653 622 691 admitti.
672 653 881 702 peractum
907 653 967 690 est
992 650 1105 689 velut
1137 650 1186 689 de
1217 662 1360 702 genere
1385 649 1574 700 humano,

204 716 239 754 si
268 713 381 753 nobis
412 726 485 764 pro
518 714 646 752 salute
673 713 783 763 aegri
812 724 911 761 opus
946 713 1006 750 est
1036 712 1164 750 morte
1196 711 1369 750 hominis
1396 710 1575 760 alterius,

205 777 244 814 et
279 787 404 825 paene
442 774 547 812 ratio
587 772 774 812 sanitatis
811 772 1032 821 intercidit,
1073 771 1107 810 si
1139 772 1340 811 consumit
1376 770 1575 810 medicina
1594 783 1630 810 ιο

203 835 450 874 tantundem.
503 847 576 885 ego
610 845 852 883 quemquam
877 833 1075 871 dicentem
1101 832 1245 871 feram:
1278 827 1341 870 ‘ut
1370 831 1576 871 inveniam

204 895 448 935 valetudinis
487 907 645 943 causas,
685 894 777 932 date
814 894 914 932 mihi
953 905 1095 943 corpus
1134 892 1263 943 aliud,
1301 892 1383 931 alia
1420 891 1575 942 vitalia,

205 956 393 995 occidam.
444 955 585 994 deinde
617 955 812 994 salutaria
844 966 1046 1004 quaeram,
1078 953 1292 1004 profutura
1323 949 1574 992 meditabor?

205 1018 265 1055 ita
296 1029 376 1055 non
406 1016 565 1055 facilius
599 1017 659 1054 est
689 1027 804 1054 nosse
836 1012 1100 1066 languorem?
1162 1027 1264 1064 quae
1295 1013 1395 1053 haec
1425 1014 1487 1052 est
1515 1013 1577 1052 in-

206 1076 400 1128 pudentia
431 1076 727 1114 crudelissimae
752 1073 954 1114 vilitatis?
1004 1087 1169 1126 aegrum
1200 1075 1356 1125 placuit
1387 1074 1578 1124 occidere,
1598 1086 1632 1114 ιε

208 1138 255 1175 ut
284 1138 543 1186 inveniretur,
575 1149 644 1175 cur
675 1149 756 1174 non
788 1136 990 1175 debuisset
1021 1135 1158 1174 occidi.
1210 1135 1380 1184 nullum,
1411 1133 1578 1175 sanctis-

208 1198 300 1236 simi
329 1197 496 1247 iudices,
535 1199 680 1236 natura
710 1197 940 1235 morborum
975 1209 1100 1247 genus
1133 1195 1227 1235 solis
1259 1195 1479 1235 visceribus
1512 1195 1580 1235 ab-

209 1258 376 1307 scondit,
408 1259 448 1296 et
480 1257 670 1308 quicquid
701 1270 841 1296 causas
867 1257 1110 1296 valetudinis
1143 1257 1190 1295 de
1217 1256 1410 1296 vitalibus
1440 1255 1580 1307 trahit,

208 1319 250 1356 in
283 1331 423 1368 corpus
457 1320 629 1356 emanat.
691 1318 784 1357 inde
815 1318 958 1367 pallor,
994 1317 1086 1356 inde
1117 1318 1265 1356 macies
1298 1317 1406 1368 quod
1438 1316 1490 1355 ad
1520 1317 1580 1355 in-

207 1378 396 1417 teriorem
421 1379 599 1418 dolorem
625 1379 877 1428 superposita
903 1379 1168 1417 consentiunt.
1218 1390 1300 1417 non
1323 1377 1487 1417 invenio
1510 1389 1582 1416 cur
1599 1390 1636 1417 zo

208 1439 410 1478 hominem
429 1440 661 1478 vulneribus
682 1440 879 1489 exquiras,
906 1451 976 1477 cur
1000 1439 1177 1478 remedia
1203 1450 1362 1488 quoque
1386 1437 1580 1477 vitalibus

209 1512 281 1550 per
324 1512 465 1549 corpus
509 1499 691 1539 inmittas
734 1502 774 1538 et
816 1501 859 1538 in
903 1500 1076 1539 latentes
1119 1500 1274 1539 meatus
1315 1495 1444 1551 (per)
1483 1498 1582 1538 haec

211 1559 354 1609 quibus
385 1560 571 1611 tegimur,
602 1560 799 1598 medicina
831 1560 1055 1599 descendat.
1107 1573 1179 1599 cur
1210 1571 1305 1611 ergo
1337 1572 1418 1598 non
1443 1558 1583 1599 eadem

210 1621 366 1659 ratione
392 1621 563 1671 languor
589 1621 770 1659 admittit
794 1621 1044 1659 intellectum
1065 1634 1144 1671 qua
1171 1618 1416 1660 sanitatem?
1445 1619 1584 1671 prodit

214 1680 370 1719 abditos
401 1681 699 1731 profundosque
731 1681 888 1720 morbos
922 1683 992 1720 aut
1025 1681 1187 1720 citatior
1217 1680 1345 1720 clausi
1376 1680 1583 1732 sanguinis
1602 1693 1638 1720 25

213 1753 350 1779 cursus
383 1742 453 1779 aut
484 1741 657 1780 crebrior
688 1742 888 1781 anhelitus
919 1742 1141 1781 laborantis
1175 1742 1342 1780 animae.
1394 1741 1509 1780 crede
1535 1740 1585 1780 de

212 1801 275 1840 his
309 1803 400 1840 ante
435 1803 569 1840 omnia
601 1802 797 1851 sensibus,
837 1803 962 1841 oculis
993 1803 1092 1852 tuis,
1125 1803 1165 1841 et
1195 1803 1323 1852 ipsos,
1359 1802 1407 1841 de
1440 1800 1584 1852 quibus

215 1862 362 1913 agitur,
394 1861 511 1900 modo
538 1862 730 1913 singulos,
761 1862 879 1901 modo
911 1864 1064 1912 pariter
1094 1863 1301 1914 interroga
1325 1863 1391 1902 cui
1421 1862 1586 1913 potissi-

311 1957 333 1987 4
358 1963 418 1987 me
444 1955 518 1998 Ρ(β
531 1952 563 1999 ,9)
651 1957 670 1988 6
697 1952 822 1988 facere
848 1960 893 1997 P,
919 1965 1009 1990 corr.
1028 1969 1056 1994 p
1143 1957 1164 1989 8
1190 1954 1404 1999 peractum:
1431 1953 1589 1999 pactum

216 2007 266 2046 1²3
292 2000 436 2035 factum
463 2007 488 2035 S
562 2001 726 2036 humano
749 2001 780 2036 si
802 2001 927 2037 nobis:
955 2014 1012 2037 -os
1032 2002 1073 2037 in
1092 2003 1134 2038 i‘n
1152 2014 1226 2038 ras.
1247 2008 1285 2037 B
1357 2005 1377 2037 9
1403 2001 1586 2037 hominis:

216 2060 323 2132 opusi
335 2055 368 2084 J
475 2052 518 2084 10
544 2049 741 2085 interdicit
764 2056 811 2105 ff,
840 2061 931 2105 corr.
954 2058 976 2084 τι
1089 2054 1131 2086 12
1159 2049 1381 2086 valitudinis
1406 2055 1492 2092 BV&

217 2104 575 2181 i7¹¹¹201552120¹¹20if12
602 2101 704 2193 (νέξ.)
716 2098 913 2182 &manis
924 2102 1173 2182 ἷέῑῑωᾶῑῗῄὲ
1174 2110 1239 2189 ¹²12}
1263 2100 1524 2182 “mtffaitoesss
1547 2099 1588 2144 ⁹)

218 2233 262 2265 19
289 2206 480 2266 i¹t¹eriorem
506 2236 534 2264 V
603 2235 647 2266 22
673 2241 741 2277 per
765 2230 851 2266 add.
874 2239 911 2277 ςς
938 2243 1004 2267 om.
1027 2247 1056 2266 ω
1133 2235 1178 2267 23
1204 2219 1294 2278 ergo
1314 2237 1352 2266 Β
1423 2234 1470 2266 24
1495 2240 1588 2276 qua:

217 2277 284 2324 qui
309 2284 394 2322 ΒΜ,
421 2290 511 2315 corr.
533 2293 574 2313 m
698 2282 742 2314 25
770 2280 837 2314 aut
862 2279 1030 2315 citatior:
1059 2281 1126 2315 aut
1150 2291 1218 2316 om.
1245 2285 1275 2314 V
1391 2278 1530 2315 clausis
1555 2284 1593 2314 Β

217 2329 263 2362 26
291 2326 473 2363 crebrior:
500 2327 582 2362 brio
608 2329 650 2363 in
675 2339 747 2363 ras.
768 2333 805 2362 Β
876 2327 1067 2364 hanelitus
1095 2337 1114 2371 β
1186 2327 1397 2364 laborantis
1424 2326 1592 2363 ostendit

219 2411 369 2447 animae
395 2417 450 2456 M3
476 2410 500 2446 l.
531 2422 562 2446 a.
590 2411 736 2447 indicat
763 2420 784 2447 ς
882 2416 926 2448 28
954 2388 1113 2459 singulfi]
1141 2420 1176 2448 P
