1638 2560
204 115 295 158 420
634 112 894 148 EXGERPTA
919 111 1162 148 PARISINA.

207 229 345 270 liberis
398 231 438 269 et
487 229 702 281 praecipue
755 229 799 266 in
848 229 1047 278 parentes.
1117 227 1166 266 F.
1200 226 1482 267 admirabilior
1530 229 1592 268 est

205 291 375 339 caritas,
415 291 460 329 in
492 301 615 339 quam
646 288 820 339 propriis
853 289 1007 327 coimus
1046 287 1212 327 viribus.
1271 288 1425 339 quanto
1456 289 1591 328 minus

205 353 249 390 in
276 363 407 400 causa,
433 351 549 389 tanto
576 351 705 402 magis
731 350 774 387 in
801 349 947 388 affectu
974 351 1044 388 est.
1096 349 1230 388 minus
1264 349 1303 388 ei
1327 348 1496 388 debetur
1520 349 1591 400 qui

205 414 329 461 amat,
362 412 458 461 quia
483 423 642 450 necesse
668 412 738 449 est.
796 411 856 448 M.
885 410 1067 449 amicitia
1093 411 1229 449 vestra
1261 410 1362 451 satis
1393 409 1588 450 hactenus

205 472 377 523 probata
403 472 474 511 est.
530 472 579 510 F.
607 472 741 510 cetera
765 470 953 510 laudavit
978 471 1239 520 prosperitas,
1269 483 1378 510 nune
1401 482 1475 510 nos
1499 471 1591 522 ipsa
1611 484 1628 511 5

204 533 388 572 amicitia
412 533 598 582 temptat.
649 533 685 571 si
709 533 819 570 vitae
848 532 985 570 omnia
1010 531 1186 570 iucunda
1210 532 1406 582 praestas,
1438 532 1591 572 amicus

207 594 336 632 otiosa
360 605 423 632 res
450 595 521 632 est.
578 593 639 631 M.
667 592 996 642 quandoquidem
1021 592 1085 631 his
1110 605 1192 631 non
1219 605 1308 644 ago,
1334 605 1409 644 ego
1434 594 1477 632 te
1501 592 1591 645 lege

207 654 377 692 detineo.
434 654 483 692 F.
509 654 696 703 pessima,
728 653 771 691 P.
801 652 854 702 0.,
887 654 1031 692 matris
1064 665 1186 692 causa
1219 654 1297 703 est,
1338 654 1382 692 in
1413 665 1495 704 qua
1526 653 1590 692 lex

204 715 427 764 plurimum
467 715 611 764 potest.
669 715 728 752 M.
756 713 904 753 liberi
945 716 1177 764 parentes
1215 715 1266 753 in
1303 714 1591 754 calamitate

205 788 298 814 non
331 774 568 814 deserant.
625 775 674 814 F.
701 775 858 814 facinus
897 777 959 814 est
990 775 1065 814 hoc
1102 775 1260 814 homini
1299 786 1460 814 reverso
1498 775 1589 814 dici.
1611 787 1638 825 iq

206 836 266 874 M.
293 837 416 874 immo
449 837 621 874 matrem
652 835 878 886 relinquere
911 836 1078 875 facinus.
1136 836 1185 874 F.
1212 837 1340 884 recte,
1377 848 1451 886 pro
1483 848 1590 886 sym·

203 895 320 945 bolis,
352 909 426 946 pro
453 897 606 946 scortis,
638 909 711 947 pro
742 897 876 936 lucris.
933 898 981 935 ut
1005 897 1163 936 facinus
1196 897 1251 936 sit
1274 896 1417 936 relicta
1448 898 1592 945 mater,
1636 943 1638 946 ι

207 969 327 996 causa
360 957 459 996 facit
482 957 747 1007 relinquendi.
799 959 848 996 tu
872 957 1000 1009 igitur
1026 958 1126 996 vale.
1185 970 1260 1010 ego
1286 970 1367 996 non
1392 957 1591 1008 relinquo,
1636 1000 1638 1002 ,

206 1016 275 1057 sed
307 1018 502 1056 remittor.
566 1019 626 1056 M.
653 1017 780 1068 quid?
813 1018 952 1057 miser!
1009 1018 1217 1058 nullamne
1254 1018 1417 1058 timebis
1447 1018 1591 1071 legem,
1628 1030 1630 1037 ·

206 1091 256 1116 ne
288 1078 524 1128 relinquar?
579 1079 627 1117 F.
654 1079 810 1118 nullam
835 1080 976 1118 timuit
1003 1080 1167 1129 amicus,
1199 1092 1250 1119 ne
1281 1079 1588 1130 relinqueretur.
1611 1090 1638 1138 q

207 1139 268 1177 M.
295 1138 404 1189 quid,
436 1139 718 1189 perditissime,
750 1141 785 1178 si
815 1141 858 1178 in
884 1141 1029 1179 itinere
1054 1139 1250 1190 perieris?
1307 1140 1356 1179 F.
1382 1142 1515 1180 mater
1538 1139 1591 1179 ad
1634 1178 1638 1194 ;

207 1198 313 1238 diem
345 1212 444 1238 eam.
502 1200 577 1239 hoc
608 1200 672 1239 illi
704 1200 821 1239 debes
855 1202 925 1251 qui
957 1215 1020 1240 me
1052 1201 1130 1240 tibi
1159 1202 1327 1240 remisit.
1386 1201 1487 1241 vale.

594 1382 722 1422 XVII.
755 1382 961 1422 VENENVM
995 1395 1199 1423 EFFVSVM.
1626 1382 1638 1466 1

207 1465 358 1504 Filium
396 1466 582 1505 abdicare
622 1467 754 1506 voluit
795 1470 922 1518 pater.
980 1470 1112 1508 victus
1153 1469 1312 1507 invenit
1351 1469 1395 1508 in
1436 1470 1590 1508 secreta

268 1527 408 1566 domus
450 1529 565 1578 parte
605 1541 804 1567 venenum
836 1531 1044 1568 terentem.
1104 1530 1306 1580 quaesivit
1338 1529 1438 1579 quid
1474 1531 1590 1579 esset,
1628 1535 1629 1538 ’

269 1588 334 1626 0111
359 1589 557 1638 parasset.
614 1589 684 1627 ille
716 1590 941 1640 respondit:
974 1603 1186 1639 venenum,
1212 1592 1253 1629 et
1278 1602 1319 1629 se
1344 1590 1448 1629 velle
1473 1591 1590 1629 mori.

267 1649 389 1687 iussit
431 1650 548 1699 pater
597 1649 743 1688 bibere.
813 1651 881 1689 ille
927 1651 1079 1691 effudit.
1150 1652 1363 1690 accusatur
1407 1664 1432 1690 a
1474 1653 1622 1705 patre>

267 1709 486 1759 parricidii.

299 1818 428 1856 Pater.
486 1818 644 1857 infinito
677 1819 789 1869 mihi,
821 1820 990 1870 iudices,
1025 1821 1161 1860 dolore
1193 1820 1395 1873 agendum
1427 1822 1488 1860 est
1521 1821 1593 1871 qui

209 1878 250 1916 et
279 1877 410 1916 filium
440 1879 586 1918 habere
618 1880 729 1919 (11001
761 1883 801 1919 et
832 1882 1013 1920 invenire
1044 1895 1127 1921 non
1157 1893 1339 1935 possum3
1371 1881 1467 1920 dum
1498 1893 1592 1921 con-

208 1951 355 1988 queror
387 1939 494 1989 quod
525 1953 615 1978 cum
650 1942 839 1991 protervo
870 1943 980 1990 vivo,
1020 1943 1203 1992 invenio,
1243 1944 1292 1981 ut
1322 1954 1474 1982 veneno
1506 1954 1599 1981 mo-·

207 1999 301 2037 riar.
359 2000 403 2037 in
440 2001 702 2050 parricidium
734 2014 758 2040 a
794 2004 1049 2042 contumacia
1086 2003 1233 2043 incidit
1268 2003 1387 2042 filius.
1443 2003 1590 2042 Filius.

207 2058 383 2099 lassatus
425 2073 497 2110 per
538 2060 715 2101 diveisos
751 2063 921 2102 miserae
954 2065 1101 2103 mentis
1144 2067 1289 2104 aestus.
1353 2077 1432 2114 quo
1471 2064 1590 2113 enim,

305 2240 327 2270 3
354 2236 476 2271 maius
505 2242 540 2270 Ρ
655 2242 697 2272 11
726 2237 874 2273 facinus
902 2242 958 2274 est
985 2247 1089 2275 ln'B
1202 2244 1246 2276 13
1274 2251 1430 2276 causam
1459 2245 1521 2274 VB

208 2283 482 2330 relinquendae
508 2291 568 2319 ΓΒ
666 2288 708 2321 17
737 2288 800 2322 eat
831 2293 892 2321 VB
988 2288 1071 2324 vale
1098 2301 1165 2325 om.
1189 2294 1294 2325 RVB

308 2372 352 2404 18
378 2380 564 2405 venenum
588 2369 629 2405 in
655 2373 800 2406 secreto
826 2346 911 2407 XglV
938 2372 998 2407 lex
1026 2380 1061 2407 P
1205 2378 1250 2409 23
1283 2372 1501 2420 parricidiis
1532 2378 1559 2407 V
1592 2347 1605 2362 »ἃ

208 2420 255 2453 24
280 2428 340 2453 1110
372 2424 433 2452 ΓΒ
529 2421 574 2454 25
601 2420 780 2464 torqueor
811 2426 872 2454 ΓΒ
1552 2440 1558 2443 -
