1638 2560
173 77 263 121 280
697 77 797 114 ODII
822 76 967 112 Po'no
992 76 1027 112 Π

172 194 314 244 poscit,
346 193 558 232 destitutos
592 194 774 243 queritur
805 191 1022 242 amplexus.
1073 191 1198 231 vultis
1230 203 1303 231 vos
1335 191 1448 231 abire
1475 204 1545 243 po-

173 253 255 292 tius
285 253 328 291 in
353 254 489 293 vestra
514 255 676 303 secreta,
708 252 766 291 ibi
797 252 946 304 gaudia
978 251 1238 302 querelasque
1269 253 1428 292 mutata
1454 263 1549 292 oon-

173 314 399 352 versatione
438 312 696 352 consumere?
757 325 837 352 non
869 313 1093 364 agnoscunt
1129 312 1237 364 leges
1269 325 1316 352 ac
1349 312 1441 351 iura
1471 313 1547 352 mi-

174 386 292 414 seros,
353 374 419 412 hic
451 373 670 413 audiuntur
702 374 828 412 seriae
861 373 1123 412 calamitates.
1186 385 1267 412 non
1300 375 1361 412 est
1390 373 1547 413 ultione

175 433 330 486 dignus,
362 434 409 472 de
442 447 520 484 quo
552 435 686 484 potest
718 433 872 473 efficere
903 434 1105 483 meretriX,
1137 434 1183 472 ut
1213 435 1415 484 queratur.
1584 447 1601 474 5

262 493 317 533 Et
337 494 495 544 quando
521 507 724 545 umquam,
744 495 906 544 iudices,
927 494 1098 533 audistis
1123 493 1173 532 de
1197 493 1388 534 veneficio
1407 495 1547 534 vivum

175 553 434 604 querentem?
470 554 624 594 facinus
655 555 730 594 hoc
762 567 917 605 semper
948 567 994 593 ex
1029 553 1226 594 mortibus
1258 555 1413 606 accepit
1442 554 1549 594 invi-

174 614 292 653 diam.
355 616 390 654 si
420 615 690 664 latrocinium,
720 615 864 665 probes
897 627 1046 664 cruore,
1077 614 1329 666 vulneribus,
1361 616 1396 655 si
1427 615 1548 655 sacri-'-

173 675 335 726 legium,
367 675 505 725 spoliis
537 677 747 714 numinum
778 675 1007 726 praedaque
1039 676 1300 727 templorum:
1331 675 1404 726 ita,
1429 688 1547 715 vene-

173 734 307 774 ficium
339 736 371 775 si
398 748 557 787 arguas,
590 738 750 786 oportet
776 736 962 775 ostendas
993 738 1112 787 putre
1143 736 1339 775 livoribus
1365 736 1547 787 cadaver,
1568 748 1603 776 ιο

172 797 278 834 inter
310 796 560 835 efferentium
591 809 733 836 manus
765 796 891 836 fluens
922 796 1015 835 tabe
1043 809 1197 848 corpus.
1248 798 1296 836 ut
1325 796 1409 836 iam
1439 796 1548 836 istud

174 856 328 896 obicere
365 857 510 906 possit,
549 858 590 895 et
620 857 707 896 vita
739 857 858 896 debet
890 857 1045 908 aliquid
1077 869 1160 896 esse
1197 869 1319 908 passa
1349 857 1457 908 quod
1488 856 1548 895 in-

175 916 326 955 vidiam
362 918 503 955 mortis
541 917 734 956 imitetur.
798 917 1033 957 veneficium
1070 931 1171 957 voca
1209 917 1316 969 quod
1354 918 1549 957 caecitate

175 978 393 1028 grassatur,
431 977 537 1027 quod
574 978 616 1015 in
655 978 792 1029 aliqua
830 978 1141 1029 deprehenditur
1178 978 1388 1018 debilitate
1425 991 1549 1018 mem-

175 1036 348 1075 brorum.
398 1038 544 1087 profer,
572 1038 752 1090 agedum,
785 1040 962 1089 corporis
988 1040 1118 1088 notas,
1144 1040 1188 1077 in
1213 1051 1313 1090 quas
1339 1051 1381 1078 se
1405 1039 1549 1078 noxiae
1569 1050 1604 1078 15

175 1092 351 1147 potionis
377 1110 503 1149 vagus
534 1098 669 1137 fervor
699 1099 894 1148 effuderit,
926 1099 995 1138 ubi
1021 1099 1189 1151 depasta
1217 1101 1398 1139 senectus
1424 1100 1548 1139 visce-

176 1156 286 1196 ribus
325 1158 527 1197 saevitura
565 1159 796 1198 consederit.
860 1161 1010 1211 aspicio
1042 1173 1117 1211 par
1147 1159 1355 1200 laboribus
1393 1172 1550 1211 corpus,-

175 1218 346 1257 retinere
379 1230 452 1257 sua
475 1219 700 1258 ministeria
731 1220 995 1259 sufficientem
1021 1221 1216 1270 animum,
1239 1221 1354 1260 seriis
1380 1219 1550 1270 actibuS,

127 1275 152 1312 5
177 1279 425 1317 accusatoria
456 1278 647 1318 firmitate
679 1280 897 1320 robustum.
962 1281 1087 1327 crede,
1119 1281 1288 1331 iuvenis,
1321 1280 1554 1320 hominibus*

176 1340 245 1388 qui
287 1340 328 1377 te
371 1339 489 1378 modo
527 1343 740 1390 noverant,
781 1354 886 1380 nunc
925 1343 1072 1391 acrior,
1110 1341 1280 1382 erectior
1316 1341 1465 1382 resedit
1506 1341 1548 1380 in
1569 1354 1606 1380 20

176 1410 311 1438 sensus
343 1400 470 1451 vigor,
507 1401 550 1439 in
584 1401 764 1440 membra
802 1403 965 1454 sanguis
997 1401 1149 1442 viribus
1181 1402 1295 1441 velut
1331 1414 1459 1442 novae
1489 1402 1550 1441 iu-

175 1459 353 1498 ventutis
387 1461 581 1500 exultans.

266 1519 421 1559 Bibisse
464 1523 505 1559 te
549 1522 886 1561 medicamentum
928 1522 1100 1573 probare
1143 1535 1223 1562 non
1267 1535 1421 1574 posseS‚
1472 1523 1552 1563 nisi

176 1581 363 1618 meretrix
395 1581 600 1620 fateretur.
665 1583 770 1632 quod
803 1584 836 1622 si
867 1583 1123 1634 permittitis,
1155 1583 1323 1634 iudices,
1360 1585 1408 1623 ut
1439 1585 1550 1634 quic-

178 1638 274 1689 quid
313 1642 452 1679 contra
491 1643 818 1681 consuetudinem
857 1644 988 1694 datur,
1028 1644 1078 1683 ad
1114 1644 1234 1683 huius
1266 1644 1454 1684 vocabuli
1489 1657 1550 1683 re·
1570 1656 1607 1683 25

274 1806 292 1837 1
319 1814 387 1838 nos
409 1812 429 1838 ς
504 1809 523 1839 2
550 1807 679 1840 nostra
700 1814 741 1840 ς’
789 1806 1017 1852 querelaque
1044 1814 1071 1841 V
1133 1808 1268 1843 mutua
1292 1809 1368 1844 Bu.
1444 1811 1466 1844 8
1492 1818 1551 1843 sa-

177 1850 398 1898 crgilegium
423 1858 463 1896 V;
490 1853 757 1901 sacrilegium}
783 1861 826 1889 Μ
920 1859 941 1890 9
969 1855 1083 1902 spolii
1107 1862 1154 1900 B,
1181 1868 1197 1891 s
1224 1855 1309 1892 add.
1331 1863 1355 1891 ὁ
1430 1856 1552 1892 nomi-

175 1933 266 1957 num
291 1929 329 1958 B
405 1900 618 1971 tempbrum
643 1931 681 1960 B
766 1931 810 1962 14
837 1939 911 1973 quo
936 1934 964 1962 V
1044 1932 1087 1963 15
1113 1928 1303 1974 vagedum
1328 1934 1410 1972 BV;
1436 1938 1551 1974 agen-

176 1970 266 2006 dum
285 1981 305 2015 β
380 1976 424 2008 16
449 1972 568 2009 ferror
587 1980 632 2017 B,
659 1985 749 2010 corr.
766 1982 789 2009 υ
854 1975 1047 2012 effuderit:
1074 1976 1089 2012 i
1114 1988 1159 2013 ex
1177 1988 1269 2013 corr.
1289 1982 1342 2022 B3
1368 1975 1552 2013 effuderct

175 2025 213 2054 P
306 2019 660 2057 ubi—consederit
687 2023 709 2058 l.
725 2026 773 2058 17
799 2035 865 2059 om.
887 2030 932 2068 B,
960 2026 1002 2060 in
1026 2037 1143 2072 mqu.
1170 2026 1299 2070 infimo
1323 2025 1409 2061 add.
1431 2031 1455 2060 ὀ

176 2067 346 2113 depastis
384 2068 467 2113 Gr.;
506 2070 674 2116 depastis
709 2071 812 2106 intus
851 2072 933 2108 Obr.
1053 2075 1242 2109 senectus:
1279 2083 1409 2109 sensus
1443 2073 1550 2110 Dess.

169 2152 209 2187 p.
231 2143 281 2177 99
393 2145 436 2176 17
467 2128 637 2178 cdfiderit
661 2149 689 2177 V
772 2143 944 2190 hospicio
970 2151 1007 2180 Β
1104 2149 1149 2181 18
1175 2156 1244 2181 sua
1268 2146 1432 2182 retinere
1455 2151 1489 2180 V

177 2192 220 2224 19
248 2189 422 2225 omnibus
449 2198 472 2226 ς
593 2194 638 2226 20
663 2197 844 2227 noueram
862 2199 908 2237 Β,
934 2204 1157 2229 noveramus
1183 2201 1256 2237 γραῒ
1373 2193 1552 2230 erectior-

175 2248 249 2282 que
275 2245 295 2280 β
382 2237 498 2274 rediit
526 2238 609 2284 Gr.;
636 2250 676 2274 se
702 2239 810 2275 dedit
834 2241 910 2277 Bu.
1011 2246 1053 2277 21
1069 2243 1206 2297 'ffibran
1234 2244 1273 2278 ffi
1298 2243 1341 2278 in
1358 2253 1433 2279 ras.
1456 2248 1485 2277 V

174 2299 337 2357 iuvsssstis
363 2328 407 2357 M
500 2327 545 2358 23
572 2311 695 2360 bibjge
714 2330 751 2358 B
832 2329 878 2359 24
904 2292 1093 2371 pcrmitgils
1113 2333 1158 2362 Μ
1246 2330 1292 2362 25
1318 2328 1424 2363 extra
1450 2336 1550 2362 cons.

176 2378 224 2413 βα
319 2370 366 2406 ab
393 2377 463 2406 BV
483 2372 588 2417 (corr.
610 2375 647 2418 1»)
747 2372 832 2408 uius
858 2379 895 2408 B
990 2374 1166 2410 vocabuli
1195 2376 1297 2412 0br.:
1323 2374 1429 2422 vulgi
1454 2389 1484 2409 ω
1534 2395 1541 2400 -
