1638 2560
82 0 189 20 ‘Vt-'²'
203 0 259 17 1251*
273 16 275 19 ,

0 82 15 93 ,Γ

523 108 845 146 1111011111Ήο
869 109 905 146 x
925 112 1078 146 1'1—19.
1404 109 1495 153 205

111 227 213 266 tuae
242 225 458 275 succurrit,
488 224 663 276 ideoque
693 226 817 275 putas
846 236 929 264 non
958 224 1097 264 venire
1127 225 1263 273 illum,
1295 225 1391 275 quia
1422 238 1495 264 nec

112 287 212 326 anto
240 285 447 335 veniebat,
478 286 576 336 quia
605 298 679 324 nec
714 285 870 324 factum
904 286 966 324 est
1002 285 1176 336 aliquid,
1213 285 1256 323 in
1288 298 1368 336 quo
1401 298 1495 325 avo·

115 342 291 387 caretis?
353 346 431 385 hoc
459 346 549 396 ipso
580 345 727 397 incipit
756 347 888 384 mater
918 345 995 385 sibi
1032 346 1245 397 gratulari
1308 342 1384 385 ‘ita
1414 359 1496 385 non

114 403 476 457 101101111’,111(]1111
511 406 600 456 ille,
633 403 730 446 ‘non
765 406 974 456 premitur,
1005 407 1118 446 nullo
1149 406 1345 455 carmine,
1381 407 1495 446 nullo

56 482 98 510 ,ε
115 467 293 507 inclusus
324 469 387 507 est
415 464 551 506 ferro.'
608 469 811 506 removete
843 480 939 519 ergo
971 467 1118 517 omnia,
1151 469 1193 506 et
1222 467 1495 519 interrogabo.

116 540 192 579 ego
223 529 360 567 autem
391 527 588 567 scelerata
618 530 705 566 tam
736 528 816 566 cito
848 527 1012 577 credidi,
1043 528 1104 566 ita
1135 540 1216 566 non
1247 528 1316 566 ille
1349 528 1401 566 ad
1431 541 1495 567 me

115 589 273 628 veniret
308 588 464 628 solutus
496 590 536 627 01
572 587 704 627 liber?
739 601 821 627 non
853 588 904 626 ad
934 588 1007 627 hos
1040 588 1197 637 0011103,
1227 602 1308 627 non
1339 588 1391 627 ad
1422 588 1496 628 1103

114 650 351 699 properaret
381 647 618 699 amplexus?
669 649 831 699 quando
864 649 971 687 enim
1001 662 1065 687 me
1103 649 1259 688 iuvenis
1298 651 1384 700 ipse
1415 649 1496 688 nisi

115 709 297 758 flentem,
327 709 488 760 quando
520 723 601 749 non
632 709 802 748 lividum
832 711 973 760 pectus
1005 711 1046 748 et
1077 711 1367 761 sanguinantes
1391 709 1497 749 vidit

59 785 99 812 ιο
115 768 315 809 lacertos?
347 770 508 820 quando
534 783 616 810 non
641 770 803 809 erubuit
827 771 950 809 matri
976 769 1116 810 fecisse
1141 769 1366 809 terrorem?
1408 772 1495 809 arte

115 829 295 870 cluditur
324 831 457 879 miser,
495 832 582 869 arte
613 830 821 869 retinetur.
885 830 983 881 quid
1015 830 1076 870 vis
1109 830 1288 870 carmina
1320 831 1496 881 amplius

114 890 194 930 tibi
215 889 451 941 praestent?
482 891 698 930 effecerunt
723 891 833 942 quod
856 892 1181 941 repromiserant.
1231 891 1381 931 desinis
1407 905 1495 931 eru-

115 951 275 991 bescere
304 951 388 991 iam
419 951 527 1002 quod
556 951 686 990 filium
715 964 796 991 non
827 950 970 991 vides?

206 1010 265 1050 At
293 1012 360 1062 tu,
391 1012 506 1051 cuius
538 1011 581 1051 in
611 1012 722 1064 leges
753 1012 795 1050 di
826 1012 961 1063 superi
991 1024 1210 1063 manesque
1243 1014 1496 1063 torquentur,

62 1071 97 1114 ‘1⁵
117 1073 189 1123 qui
224 1074 420 1112 nocturno
456 1072 650 1112 terribilis
687 1073 848 1112 ululatu
884 1073 1132 1124 profundum
1169 1085 1310 1123 specus
1343 1075 1384 1112 et
1413 1074 1497 1112 ima

115 1134 314 1172 terrarum
354 1146 511 1183 moves,
547 1133 666 1172 modo
704 1134 965 1173 servientium
1004 1135 1214 1173 revocator
1255 1134 1498 1184 animarum,

116 1207 223 1234 nunc
245 1193 355 1232 idem
379 1193 551 1233 crudelis
578 1196 619 1234 01
643 1193 901 1234 inexorabilis
928 1196 1075 1244 custos,
1108 1194 1326 1244 aliquando
1357 1207 1496 1245 preces

116 1255 158 1293 et
193 1255 336 1294 matris
374 1254 555 1293 admitte.
617 1256 818 1306 paciscere
860 1255 1123 1305 quantilibet,
1166 1257 1276 1294 totos
1320 1255 1497 1307 lugentis

115 1327 235 1366 posce
278 1327 439 1365 census,
482 1329 563 1355 non
600 1317 647 1354 ut
690 1315 848 1354 labores
892 1328 965 1354 nec
1001 1317 1048 1354 ut
1084 1315 1292 1354 horridum
1337 1328 1497 1355 carmen

55 1373 98 1417 '2⁰
116 1387 316 1425 exerceas,
354 1375 425 1415 sed
461 1378 508 1414 ut
545 1376 696 1415 ferrum
732 1379 847 1415 tuum
884 1375 1048 1427 refigas,
1086 1378 1132 1414 ut
1169 1376 1292 1414 verba
1328 1377 1403 1415 tua
1435 1389 1497 1415 re-

117 1435 261 1486 solvae,
291 1439 341 1475 111
371 1436 474 1475 nihil
505 1437 659 1486 feceris,
691 1436 851 1475 dimitte
876 1438 1049 1486 tantum,
1081 1438 1122 1475 et
1148 1437 1336 1475 evocasti.
1393 1437 1498 1475 nihil

115 1498 202 1547 ipse
239 1496 471 1536 crudeliter:
510 1497 637 1547 patri,
675 1497 777 1546 scio,
814 1497 1006 1547 paruisti,
1043 1496 1114 1536 sed
1144 1499 1185 1536 et
1221 1497 1340 1536 huius
1373 1499 1498 1536 etiam

115 1557 310 1606 lacrimis,
353 1557 586 1607 planctibus
629 1557 749 1596 huius
791 1557 976 1609 indulge,
1018 1557 1180 1596 consule
1218 1557 1351 1596 famae
1388 1559 1495 1596 tuae.

117 1617 381 1657 execrabilem
417 1620 476 1667 te,
519 1631 655 1669 mage,
699 1618 823 1657 facies
861 1620 902 1657 et
937 1618 1131 1667 invisum,
1175 1619 1210 1657 si
1247 1618 1410 1658 facilius
1448 1618 1497 1658 de

63 1693 99 1720 25
117 1677 201 1717 filio
227 1679 417 1728 exoraris,
441 1681 488 1718 ut
512 1678 706 1718 includas.
763 1691 837 1717 nec
860 1680 918 1728 tu,
949 1680 1107 1728 marite,
1131 1691 1205 1718 nec
1230 1681 1277 1718 tu
1300 1679 1497 1730 timueris,

118 1751 168 1777 ne
205 1738 364 1778 ultricis
401 1739 567 1778 umbrae
603 1741 719 1778 vanis
758 1739 961 1790 exagitere
995 1739 1235 1789 terroribus,
1271 1739 1366 1778 ullis
1398 1740 1497 1778 ima.-

117 1798 296 1851 gim'bus:
333 1799 429 1838 huic
461 1812 601 1839 secura
632 1799 796 1839 dabitur
826 1801 959 1850 quies,
997 1801 1073 1839 scit
1108 1800 1161 1838 ad
1193 1813 1314 1850 quam
1353 1800 1498 1839 debeat

116 1860 254 1899 venire
280 1859 481 1899 dimissus.
531 1856 704 1899 ‘iuvenis
730 1861 921 1910 piissime,
952 1861 1109 1900 iuvenis
1134 1860 1498 1912 indulgentissime,

117 1933 326 1971 nunquam
350 1921 472 1959 matri
502 1922 599 1960 tuae
624 1921 767 1960 umbra
790 1933 864 1960 nec
889 1934 1039 1971 manes,
1070 1922 1106 1960 si
1133 1921 1252 1960 modo
1276 1921 1499 1961 veneficum

216 2075 236 2107 9
264 2059 511 2119 sanguinantes
536 2077 575 2107 Β
697 2077 742 2108 10
766 2074 889 2109 mater
915 2082 934 2116 β
1053 2077 1095 2109 15
1123 2083 1277 2119 specus:
1304 2074 1438 2118 pectus
1463 2079 1501 2107 Β

122 2123 167 2155 18
197 2120 481 2165 quantumlibet
510 2127 543 2155 .1
662 2123 849 2167 poscentis
883 2121 1051 2168 lugentis
1082 2128 1137 2166 Μς
1172 2121 1347 2167 lugentes
1372 2128 1406 2156 J

121 2172 166 2204 19
191 2179 321 2214 posce:
347 2179 458 2215 posse
485 2178 504 2211 β
584 2173 630 2204 20
655 2170 817 2216 r'efiggas
844 2176 886 2204 Μ
963 2174 1006 2205 -21
1035 2170 1169 2205 dimite
1201 2176 1229 2204 V
1298 2173 1343 2204 22
1371 2169 1496 2204 sed—

120 2217 273 2252 consule
299 2218 322 2252 l.
342 2220 393 2253 23
417 2229 485 2254 om.
504 2224 549 2261 P,
575 2217 662 2254 add.
682 2219 725 2254 in
750 2230 865 2266 mary.
884 2233 912 2259 p
986 2222 1032 2254 25
1058 2229 1127 2254 nec
1147 2220 1229 2253 tum
1248 2218 1410 2254 maritae
1429 2229 1499 2253 nec

118 2289 291 2325 timueris
316 2295 368 2324 B1
475 2293 521 2325 26
546 2290 730 2337 umbrae}
759 2297 788 2325 V
899 2268 1070 2336 exagitAsf
1100 2297 1128 2325 v
1238 2290 1355 2325 nullis
1386 2297 1425 2334 η
1452 2300 1499 2325 00

119 2361 210 2397 ullis
236 2371 272 2406 633
296 2361 462 2408 ullisque
483 2369 526 2398 Μ
590 2339 803 2410 imagini}>u
823 2370 861 2399 Β
939 2366 983 2398 27
1012 2374 1143 2409 quam:
1171 2377 1195 2410 q
1216 2363 1254 2409 (d
1274 2363 1502 2408 suprave->11

121 2413 167 2445 28
193 2410 377 2446 demissus
408 2417 437 2445 V
530 2415 574 2446 29
601 2411 828 2447 beneficium
856 2418 891 2447 Β

1516 1012 1568 1049 19
