1638 2560
202 139 289 183 342
596 137 798 174 INFAMIS
823 137 877 172 IN
902 136 1116 173 MATREM
1141 136 1176 172 Π

202 268 288 294 sam
319 256 455 293 tuetur
485 254 752 293 taciturnitas.
803 252 907 302 vide,
940 265 1010 291 cur
1041 264 1195 302 manus,
1228 264 1299 290 cur
1329 251 1452 291 verba
1482 264 1574 304 pec-

202 328 290 355 care
316 315 538 354 videantur.
588 314 671 352 illis
696 314 951 362 infamamus,
980 313 1043 352 his
1068 314 1317 363 torquemus,
1342 312 1573 352 occidimus.

198 377 258 415 vis
291 376 388 414 scire
422 388 543 424 quam
568 388 649 413 non
680 375 808 424 possis
839 373 952 424 queri
983 373 1030 412 de
1064 374 1226 412 silentio
1258 372 1390 413 meo?
1425 373 1573 413 felicis-

198 438 298 475 sima
323 436 466 483 fueras,
493 435 527 473 si
551 435 658 473 idem
684 435 913 474 fecissemus
934 447 1082 473 omnes.
1133 433 1251 486 finge,
1277 447 1340 473 me
1366 433 1574 486 paulisper

198 497 380 546 sepositis
413 495 564 534 silentii
590 496 719 534 causis
751 496 825 534 hoc
855 496 1017 534 tantum
1045 494 1305 545 respondere:
1336 507 1419 534 non
1444 495 1570 546 prodo
1610 509 1628 536 5

198 558 402 595 secretum.

287 617 348 655 Ex
392 616 591 666 omnibus,
642 616 791 655 iudices
838 616 984 666 quibus
1027 616 1205 654 humana
1247 617 1413 667 pectora
1458 615 1572 656 seriis
1599 621 1609 629 '

197 678 464 728 gravibusque
497 677 803 727 conplectuntur
835 676 1078 727 adfectibus,
1117 676 1272 715 nullam
1304 675 1572 716 difficiliorem

198 751 318 787 quam
356 737 508 776 silentii
547 737 661 776 credo
693 737 904 787 virtutem,
945 737 1124 787 adeoque
1155 738 1458 788 promptissimo
1490 750 1570 777 ser-

155 807 170 819 ²
194 811 309 837 mone
341 798 458 837 facile
485 798 766 848 delinquimus,
799 799 846 836 ut
877 798 1149 837 constantiam
1179 797 1343 836 tacendi
1366 810 1496 848 neque
1526 799 1571 836 in
1591 814 1627 840 ιο

196 859 285 897 aliis
312 859 414 897 ferre
446 859 654 909 possimus.
707 860 855 897 crimen
883 859 958 897 hoc
989 858 1032 897 in
1057 871 1121 897 me
1148 858 1294 897 mulier
1318 861 1438 897 vocat
1464 858 1571 909 quod

193 920 237 957 in
267 918 408 970 priscis
447 919 528 958 illis
560 931 718 957 morum
755 919 1031 969 mentiumque
1067 918 1290 959 rectoribus
1329 919 1414 958 fuit
1437 920 1570 970 prima

195 980 404 1029 sapientia,
426 979 532 1029 quod
553 979 746 1030 quosdam
772 980 897 1019 totius
917 979 1026 1019 vitae
1052 980 1266 1031 pertulisse
1285 975 1568 1033 patientia[m]

194 1041 322 1091 magis
363 1040 435 1078 illa
480 1041 581 1079 seria
620 1041 792 1079 miratur
827 1041 1069 1091 antiquitas,
1110 1053 1232 1090 quam
1270 1040 1378 1091 quod
1415 1041 1569 1091 tempo-

193 1114 283 1138 rum
308 1101 425 1149 vices,
459 1100 632 1139 siderum
662 1113 800 1139 cursus
833 1102 873 1139 et
903 1101 1105 1151 profunda
1137 1103 1306 1140 naturae
1332 1101 1447 1140 velut
1478 1113 1568 1140 con·
1589 1116 1624 1143 1⁵

194 1161 275 1199 scia
316 1161 472 1199 ratione
517 1163 742 1200 sanxerunt.
807 1174 909 1212 quae
953 1175 1025 1212 per
1068 1161 1188 1200 fidem
1227 1162 1457 1212 inpotentia
1497 1163 1569 1211 est,

193 1220 401 1272 effringere
427 1221 561 1272 rigens
595 1234 707 1260 sacra
733 1222 1057 1261 dissimulatione
1088 1223 1240 1273 pectus,
1273 1222 1456 1262 evolvere
1483 1223 1570 1260 ani-

192 1295 302 1319 mum
348 1294 466 1331 quem
505 1294 625 1331 supra
667 1295 739 1321 sua
777 1284 929 1321 secreta
968 1284 1236 1334 compositum
1276 1295 1358 1322 non
1397 1283 1569 1332 laetitia,

192 1354 271 1380 non
303 1340 427 1391 dolor,
459 1354 539 1380 non
570 1344 798 1392 necessitas,
830 1356 910 1382 non
942 1343 1113 1382 fortuita
1144 1341 1400 1382 laxaverint?
1461 1343 1569 1394 quis-

194 1402 282 1451 quis
321 1401 369 1440 de
406 1403 564 1441 tacente
604 1405 801 1453 queritur,
843 1404 971 1442 multo
1009 1405 1142 1443 minus
1181 1403 1283 1443 ferre
1321 1404 1472 1454 poterit
1508 1404 1568 1443 lo-
1587 1418 1624 1444 20

193 1463 390 1511 quentem.
454 1476 525 1501 nec
564 1463 662 1502 adeo
695 1464 899 1515 coniugali
937 1464 1127 1504 societate
1159 1465 1303 1503 cuncta
1337 1465 1568 1512 miscentur,

192 1523 237 1560 ut
269 1522 370 1560 nihil
397 1522 474 1561 sibi
500 1522 688 1563 adversus
714 1525 818 1563 hanc
843 1525 1097 1564 concordiam
1128 1526 1338 1576 proprium
1362 1525 1568 1576 relinquat

193 1583 359 1622 animus.
423 1584 483 1621 est
521 1584 667 1634 aliquis
710 1586 832 1623 etiam
871 1598 894 1623 a
934 1587 1129 1637 sanguine
1167 1598 1238 1625 suo
1281 1587 1456 1625 secretus
1497 1584 1567 1624 ad-

191 1642 317 1681 fectus
351 1656 552 1694 genusque
577 1645 836 1695 reverentiae,
869 1647 915 1684 ut
946 1646 1117 1685 tacenda
1148 1646 1312 1684 minime
1338 1646 1438 1685 velis
1465 1645 1567 1685 scire

192 1703 428 1752 carissimos,
462 1705 658 1753 quaedam
690 1718 769 1744 non
800 1706 928 1756 possis
960 1707 1204 1756 verberibus,
1237 1706 1383 1745 eculeis
1416 1719 1565 1756 eruere,
1585 1720 1622 1747 25

289 1846 307 1876 1
334 1843 462 1878 tuetur
488 1854 555 1879 om,
583 1858 629 1888 ως
658 1844 742 1880 add.
766 1852 787 1879 ς
896 1845 1201 1882 taciturnitatem
1227 1854 1246 1888 β
1356 1845 1506 1882 videtur
1529 1851 1569 1880 Β

191 1918 211 1949 2
238 1901 442 1950 ἰῃΐειηῗιωυε
468 1922 504 1950 Β
594 1916 634 1950 hi
660 1916 912 1962 istorquemus
939 1924 1008 1952 BV
1096 1922 1116 1953 3
1142 1918 1285 1954 viscere
1316 1925 1346 1952 V
1431 1928 1563 1964 quam:

190 1963 291 2008 quod
318 1969 353 1997 P
436 1967 457 1998 4
483 1963 657 2000 fecissem
682 1971 719 1999 Β
796 1977 879 2001 meo
906 1972 933 2000 V
1015 1970 1035 2001 6
1063 1967 1275 2013 secretum}
1293 1968 1331 2013 (5
1352 1967 1419 2003 litt.
1441 1966 1504 2009 er.)
1525 1971 1570 2001 M

192 2014 210 2045 7
237 2022 377 2046 umana
402 2018 439 2046 Β
463 2060 469 2066 -
518 2016 538 2048 8
566 2024 639 2058 que
665 2024 732 2048 om.
765 2020 793 2047 V
884 2014 1120 2060 complentur
1146 2015 1298 2051 Badius
1384 2018 1404 2050 9
1432 2024 1570 2060 quam:·

190 2083 291 2128 quod
311 2090 348 2118 P
441 2072 608 2120 ulrtutem
633 2092 670 2120 Β
777 2086 1052 2131 promtissimos
1084 2094 1113 2121 V
1207 2087 1322 2123 facile
1349 2097 1519 2122 sermone
1545 2095 1565 2129 β

191 2135 236 2166 12
261 2131 340 2166 illis
366 2143 433 2167 om.
462 2139 511 2175 M,
532 2134 574 2168 in
599 2145 713 2180 mary.
742 2134 827 2169 add.
849 2149 891 2169 m
997 2147 1167 2171 meorum
1186 2141 1256 2170 BV
1350 2139 1393 2171 13
1419 2135 1564 2182 vitgtae

189 2186 226 2214 Β
309 2180 537 2226 patientiam
563 2196 609 2224 ω;
636 2192 726 2218 corr.
752 2182 816 2218 Gr.
918 2187 962 2217 14
989 2183 1058 2219 illa
1083 2184 1206 2230 magis
1227 2192 1247 2226 β
1345 2183 1444 2219 seria
1463 2183 1562 2220 Sch.:

188 2228 327 2264 misera
347 2243 394 2272 ως
421 2240 548 2264 severa
572 2230 655 2274 Gr.;
682 2241 764 2265 sera
788 2231 870 2266 Obr.
955 2231 1157 2267 miseratur
1177 2238 1221 2267 M
1302 2243 1433 2278 quam:
1461 2232 1563 2277 quod

188 2282 225 2311 P
298 2280 342 2312 15
364 2277 596 2312 conscientia
621 2285 649 2312 V
720 2282 762 2313 17
784 2277 942 2324 effringe
964 2286 1000 2314 P
1072 2284 1115 2315 18
1138 2291 1250 2326 super
1270 2286 1312 2315 M
1381 2291 1458 2316 non
1477 2284 1563 2315 ante

187 2348 339 2385 laetitia
364 2360 431 2385 om.
465 2356 493 2383 V
587 2354 630 2384 19
658 2326 730 2386 ddi?
750 2356 787 2385 Β
882 2350 1034 2387 fortuna
1055 2358 1110 2394 Py
1208 2356 1253 2387 23
1280 2352 1397 2388 etiam
1422 2352 1562 2398 aliquis

188 2439 232 2468 M
321 2410 478 2480 sangvine
505 2440 542 2468 B
633 2438 678 2469 24
703 2435 864 2470 tacende
892 2441 927 2470 Ρ
1015 2436 1125 2472 velis:
1153 2437 1208 2471 vis
1236 2443 1286 2480 M,
1313 2435 1349 2471 el
1374 2447 1475 2482 supr.
1520 2451 1564 2471 m
