1638 2560
3 2376 19 2386 ἴ
0 2286 25 2369 ἈἚἊἽ
0 2202 25 2266 Ἢῖ
0 2189 23 2198 ..Ῑ
0 2155 10 2181 ²⁵*

0 2459 27 2560 We&
0 2391 23 2450 7⁶³2*

510 107 830 146 DECLAMATIO
856 108 892 144 V
911 113 1064 146 ie-18.
1387 109 1475 153 105

97 224 289 266 dolorm
346 224 521 265 hominis
553 225 623 276 qui
655 224 764 275 apud
793 225 949 275 piratas
979 224 1160 276 languet,
1190 238 1317 263 unum
1347 238 1474 264 reme-

97 285 210 326 dium
237 287 374 338 putes,
404 287 455 325 ut
483 285 716 325 redimatur.
780 285 850 325 sed
881 297 962 324 non
994 287 1072 335 est,
1105 298 1272 336 quaeso,
1302 286 1474 335 iuvenis,

98 346 207 398 quod
229 346 307 386 hoo
327 346 599 398 patrocinium
618 345 667 385 de
692 348 778 385 tam
798 346 1036 385 calamitosa
1057 345 1211 397 pietate
1238 346 1473 397 concipiam,

96 409 147 447 ut
168 407 318 447 dicam:
347 407 550 447 victurum
573 407 728 458 putavi.
780 419 979 459 exaggero
1005 406 1104 458 quin
1129 407 1253 446 immo
1277 407 1476 446 invidiam

61 481 78 508 5
97 467 275 507 criminis
310 468 403 507 mei.
464 467 634 518 redemi,
676 467 819 518 fateor,
862 468 983 506 illum
1022 467 1092 518 qui
1130 467 1363 518 dilationes,
1404 468 1475 518 qui
1493 466 1545 504 18

98 540 233 568 moras
268 529 374 568 ferre
409 540 491 567 non
527 530 706 579 poterat,
749 529 793 567 in
832 541 910 579 quo
954 529 1055 566 mihi
1097 529 1235 578 pirata
1275 528 1477 568 vendebat

97 588 237 629 brevia
268 589 415 640 oscula,
446 587 597 640 paucos
628 589 723 628 dics.
787 590 823 628 si
852 589 1099 628 mehercules
1130 591 1301 639 uterque
1332 589 1478 629 fuisset

98 661 230 702 aeger,
266 649 384 688 illum
414 649 672 689 redemissem
703 651 774 700 qui
803 650 917 701 prior
947 650 1139 701 languere
1170 651 1377 701 coepisset.
1440 650 1476 689 si

97 709 197 749 duos
233 711 391 761 pariter
423 711 639 762 naufragia
676 712 883 761 raperent,
926 710 991 749 1111
1026 711 1275 762 porrigerem
1310 723 1477 749 manum

43 784 80 811 ιο
98 783 217 821 quem
252 771 336 810 iam
372 771 643 810 membrorum
680 771 936 810 contentione
974 771 1171 810 lassatum
1201 771 1346 810 fluctus
1377 771 1476 810 hau-

97 831 206 870 riret.
269 833 305 871 si
334 831 568 871 vulneribus
607 832 809 872 confectos
839 831 1061 871 remisisset
1098 833 1222 882 acies,
1258 845 1477 882 properan-

98 891 180 931 tius
205 893 243 931 ei
268 892 496 932 clauderem
519 893 675 944 plagas,
705 906 779 943 per
805 905 904 943 quas
931 893 1108 930 animam
1133 893 1287 944 largior
1312 894 1476 944 sanguis

97 955 288 1005 egereret.
337 953 545 1005 ignoscite,
571 953 628 991 dii
653 954 807 1004 pariter
832 955 955 1004 atque
980 953 1174 1003 homines,
1204 965 1286 992 non
1310 966 1477 1004 possum

98 1012 148 1052 de
178 1013 329 1064 liberis,
359 1026 523 1064 possum
554 1014 703 1066 eligere
735 1014 783 1053 de
814 1015 982 1053 miseris.
1037 1015 1191 1066 gratias
1224 1015 1322 1065 quin
1352 1014 1476 1054 immo

44 1086 79 1114 15
99 1074 304 1125 fortunae,
343 1076 497 1126 gratias
529 1087 606 1126 ago
638 1074 746 1125 quod
778 1075 907 1114 adhuc
939 1087 1059 1127 aeger
1090 1075 1231 1124 sentit,
1262 1075 1474 1127 intellegit.

97 1135 278 1185 alioquin
317 1135 489 1174 cadaver
519 1147 751 1186 acceperam
783 1137 824 1174 et
860 1136 994 1186 pretia
1025 1134 1195 1174 duorum
1231 1148 1305 1186 pro
1336 1136 1476 1174 funere

95 1196 259 1235 tantum
289 1196 566 1246 supremisque
596 1197 880 1247 persolveram.
931 1196 1060 1235 nescis
1091 1198 1288 1246 quantum
1318 1197 1476 1247 pudori,

98 1257 296 1306 quantum
314 1256 479 1295 adficiat
498 1256 724 1296 adfectibus
742 1257 842 1295 meis
866 1256 974 1295 inter
998 1258 1085 1295 tam
1103 1258 1280 1307 impares
1300 1259 1477 1307 aequata

97 1316 291 1356 condicio.
341 1329 462 1369 aeger
493 1318 563 1368 qui
591 1317 833 1356 tantundem
865 1316 927 1356 est
958 1317 1115 1368 piratis,
1145 1318 1239 1368 plus
1265 1319 1325 1356 est
1356 1319 1475 1367 patri.

42 1390 79 1416 2⁰
96 1377 197 1416 velis
228 1379 366 1417 tamen
397 1378 515 1428 nolis,
546 1378 686 1417 infelix
718 1380 911 1428 senectus,
943 1377 1155 1416 fatendum
1180 1380 1242 1417 est
1268 1378 1375 1428 quod
1393 1391 1476 1417 me-

97 1437 191 1488 rito,
204 1437 312 1489 quod
326 1451 482 1478 summa
499 1439 654 1489 pietate
673 1439 827 1478 factum
846 1441 918 1488 est,
933 1451 1055 1488 quam
1069 1438 1233 1477 difficile
1253 1439 1475 1478 fecerimus.

188 1497 301 1544 Quae
324 1500 424 1538 tunc
448 1498 549 1537 mihi
568 1501 846 1551 cogitationes,
873 1500 943 1550 qui
966 1501 1161 1550 temporis
1186 1499 1297 1538 iuius
1317 1500 1475 1538 animus

96 1558 187 1607 fuit,
218 1572 309 1598 cum
338 1560 447 1598 inter
477 1559 576 1598 duos
608 1560 755 1599 liberos
781 1560 934 1599 incerta
958 1560 1081 1598 miser
1106 1560 1301 1599 electione
1326 1560 1476 1599 discur-

96 1618 255 1658 rerem?
313 1620 420 1659 hunc
457 1619 610 1659 diutius
649 1621 871 1670 osculabar,
908 1620 1023 1658 illum
1061 1620 1258 1671 putabam
1292 1620 1474 1671 despera·
1518 1624 1523 1652 ἶ

43 1692 78 1718 25
97 1680 207 1718 tione
256 1681 507 1719 moriturum.
574 1681 762 1720 lacrimas
813 1680 865 1720 ad
913 1682 1174 1733 languentem
1223 1681 1475 1732 gemitusque

98 1741 399 1791 transtuleram,
431 1743 472 1780 et
496 1743 542 1780 tu
567 1741 668 1780 mihi
692 1741 894 1780 videbaris
918 1742 1082 1781 futurus
1109 1755 1237 1794 aeger.
1290 1742 1475 1793 quotiens

99 1802 263 1840 catenas
293 1803 387 1840 tuas
420 1802 623 1840 soluturus
654 1801 816 1841 invasi?
846 1802 916 1841 sed
945 1802 1047 1841 mihi
1079 1802 1385 1842 commendabat
1414 1816 1476 1842 re-

98 1861 253 1912 lictum,
282 1862 390 1912 quod
414 1863 455 1900 te
480 1863 773 1913 praetulissem.
825 1875 947 1913 quam
971 1863 1206 1913 frequenter
1228 1864 1313 1902 iam
1337 1864 1476 1902 laxata

97 1922 245 1961 misero
277 1923 442 1961 vincula
478 1935 616 1962 rursus
652 1924 845 1974 imposui,
884 1923 980 1962 dum
1011 1923 1111 1962 mihi
1143 1926 1215 1962 tua
1246 1925 1381 1974 potius
1414 1937 1475 1963 sa-

43 1995 80 2022 ³0
98 1983 207 2021 nitas
243 1981 407 2034 placet?
468 1983 722 2022 dissimulare
760 1997 841 2023 non
877 1997 1043 2035 possum
1079 1984 1324 2024 condicionis
1364 1985 1475 2023 illius

99 2045 271 2083 secretas
290 2042 563 2083 difficultates.
614 2044 759 2083 redimi
777 2044 949 2084 debebat
968 2058 1099 2096 aeger,
1125 2058 1199 2096 ego
1218 2047 1259 2083 te
1278 2045 1474 2084 volebam.

195 2184 217 2217 8
242 2181 352 2217 illum
377 2194 495 2229 supra
519 2194 593 2219 ras.
614 2183 700 2219 add.
720 2198 763 2218 m
862 2187 883 2219 9
910 2184 985 2220 duo
1012 2190 1056 2228 P,
1082 2196 1184 2231 supr.
1202 2199 1231 2225 p
1318 2188 1360 2219 11
1390 2195 1478 2220 con-

98 2228 218 2266 sectos
243 2242 289 2267 ex
314 2242 373 2266 -us
398 2237 436 2266 B
534 2235 577 2266 12
609 2242 678 2278 per
703 2243 815 2277 quem
842 2242 862 2275 β
959 2232 1117 2279 largior:
1150 2233 1236 2279 larg
1267 2233 1309 2268 in
1334 2244 1406 2269 ras.
1435 2236 1477 2267 ut

97 2315 244 2369 videtur
266 2321 319 2359 B3
344 2291 495 2362 lassgior
520 2322 564 2350 Μ
647 2320 691 2351 14
717 2328 793 2352 11011
818 2321 904 2352 ante
929 2328 1084 2363 possum
1109 2317 1196 2353 add.
1219 2324 1264 2361 P,
1290 2317 1357 2353 del.
1377 2331 1404 2357 p

99 2365 145 2398 18
175 2364 276 2398 inter
300 2365 397 2399 tam:
423 2364 608 2400 incertam
633 2371 673 2408 1⁷3
706 2365 806 2401 inter
830 2365 908 2400 iam
941 2367 1034 2411 (tam
1059 2369 1177 2411 supr.)
1198 2372 1243 2400 Μ
1337 2369 1381 2400 27
1416 2375 1477 2400 ca—

98 2411 234 2447 thenas
260 2420 280 2454 β
378 2416 423 2448 28
450 2423 581 2458 quam:
609 2413 711 2459 quod
737 2423 757 2456 β
