1638 2560
413 128 735 166 DECLAMATIO
761 128 813 164 XI
833 131 974 164 10—11
1001 127 1071 163 XII
1092 131 1123 164 1.
1373 127 1458 170 217

81 246 193 286 reris.
244 244 312 286 sed
344 245 379 285 si
409 245 508 285 bene
540 243 637 284 novi
664 257 791 294 capax
817 243 997 283 omnium
1021 243 1224 282 malorum
1250 242 1461 282 scelerum-

84 319 161 358 que
189 308 349 358 pectus,
379 306 559 355 inimice,
591 305 702 345 vives
735 306 776 344 et
806 304 980 344 libenter
1011 305 1052 343 et
1082 304 1244 343 fortiter
1272 304 1313 344 et
1346 303 1462 354 quasi

82 366 320 407 vindicatus.

718 497 825 546 XII.

47 623 63 650 ⁵
426 606 881 657 OADAVERIBVS
918 605 1123 655 PASTI.

85 741 187 783 Cum
219 743 364 783 civitas
401 743 508 782 fame
546 742 767 792 laboraret,
804 742 918 781 misit
955 741 1007 780 ad
1044 741 1250 780 frumenta
1284 740 1466 792 legatum

145 804 392 854 praestituta
423 803 497 853 die,
530 803 639 842 intra
665 815 786 854 quam
817 802 979 842 rediret.
1030 802 1235 853 profectus
1265 801 1335 840 ille
1368 800 1467 839 emit

146 866 188 904 et
211 863 262 903 ad
294 865 418 903 aliam
444 864 652 903 civitatem
682 865 923 914 tempestate
950 863 1107 902 delatus
1133 863 1257 913 duplo
1283 860 1466 901 vendidit

147 926 189 964 et
219 924 389 976 duplum
426 925 622 963 frumenti
651 924 818 963 modum
857 924 1117 974 comparavit.
1180 923 1252 963 illo
1286 923 1466 961 cessante

32 998 67 1025 ιο
147 986 383 1037 corporibus
409 998 571 1025 suorum
602 985 712 1036 pasti
737 986 843 1023 sunt.
894 997 1077 1024 reversus
1104 984 1156 1023 ad
1180 984 1468 1036 praestitutam

148 1046 253 1085 diem
284 1045 530 1097 reipublicae
561 1046 694 1086 laesae
727 1047 948 1085 accusatur.

175 1165 380 1218 Quamvis,
410 1167 574 1217 iudices,
608 1166 920 1206 innumerabiles
952 1179 1015 1205 me
1047 1165 1287 1218 indignandi
1320 1177 1463 1204 causae
1491 1166 1512 1202 1

83 1228 205 1267 initio
232 1229 372 1267 statim
398 1227 569 1267 actionis
596 1228 863 1279 strangulent,
883 1227 979 1278 quia
1004 1239 1077 1266 nec
1103 1226 1233 1265 dicere
1259 1226 1467 1265 universas

86 1288 208 1328 semel
233 1301 396 1339 possum
422 1300 495 1327 nec
521 1289 722 1340 gregatim
748 1290 1003 1338 erumpentes
1029 1287 1188 1326 differre
1214 1286 1388 1338 gemitus
1410 1308 1465 1312 —

33 1361 66 1388 15
85 1349 214 1388 levior
254 1351 315 1388 est
352 1349 459 1388 enim
497 1348 612 1388 dolor
650 1349 720 1399 qui
759 1348 988 1399 disponitur
1018 1370 1077 1374 ——
1109 1348 1286 1398 primum
1329 1349 1467 1385 tamen

85 1409 155 1449 ille
193 1409 270 1449 sibi
301 1409 452 1449 adserit
490 1409 623 1448 locum
655 1409 726 1460 qui
764 1411 825 1448 est
857 1422 904 1448 ex
935 1409 1010 1448 hoc
1040 1408 1180 1447 iudicii
1215 1410 1394 1458 tempore
1427 1409 1468 1446 et

186 1529 206 1560 2
234 1535 308 1570 que
333 1536 401 1562 om.
428 1531 457 1559 V
548 1524 676 1560 vinces
703 1531 747 1560 Μ

183 1574 280 1609 inter
311 1574 408 1610 hane
433 1577 466 1609 et
497 1578 701 1619 sequentem
727 1574 1027 1610 declamationem
1059 1584 1105 1608 ‘ne
1134 1572 1293 1619 spatiolo
1323 1571 1467 1617 quidem

87 1623 296 1672 intermisso
334 1622 507 1669 leyuntur
542 1623 651 1658 verba
689 1621 968 1658 CADAVERIS
999 1621 1141 1657 PASTI
1171 1627 1209 1656 Β
1304 1620 1470 1656 feliciter

88 1682 297 1718 emendavi.
324 1682 374 1718 M.
396 1682 511 1717 FABI
531 1671 805 1725 QINTILIANI
826 1681 971 1739 IRIVES
990 1680 1275 1718 ACCVSATVS
1301 1679 1468 1716 PRODI-

89 1741 254 1778 '1¹10le
291 1741 429 1778 EXPL.
467 1744 699 1798 (atramento)
734 1742 788 1778 IN
791 1742 865 1779 CIP
901 1741 1178 1779 CADAVERIS
1210 1742 1352 1778 PASTI
1387 1743 1468 1788 (mi—

87 1803 227 1848 niator)
253 1808 281 1837 V
397 1802 572 1839 EXPLIC
603 1803 748 1839 DIVES
775 1803 1056 1839 ACCVSATVS
1087 1802 1256 1852 (pditioiS
1287 1801 1468 1838 INCIPIT

87 1852 367 1898 ARGVMEN‘I*
394 1864 599 1910 (mimator)
626 1870 669 1899 Μ
750 1863 925 1899 feliciter.
953 1863 1122 1909 Explicit
1148 1862 1252 1899 dives
1277 1863 1468 1912 apastionis

89 1911 288 1947 accusatus
314 1911 457 1957 Incipit
482 1912 677 1948 cadaveris
703 1912 816 1958 pasti.
867 1912 1056 1958 Arguintii
1083 1913 1212 1958 (minio
1232 1913 1350 1959 picta)
1378 1921 1397 1954 β

186 1964 207 1994 5
241 1959 435 1995 cadaveris
462 1975 503 2005 ω,
529 1972 621 1997 corr.
643 1961 717 1996 Bu.
746 1960 879 2007 (Quint
905 1961 945 1995 in
970 1962 1085 2006 pastu
1112 1961 1337 1996 cadaverum
1363 1961 1468 1996 Lau-

88 2010 231 2044 rentius
256 2008 384 2052 Valla,
411 2009 614 2056 eleyantiae
640 2012 675 2053 3,
696 2012 755 2045 99.
778 2011 813 2054 5,
828 2012 921 2054 340;
954 2009 1002 2045 de
1027 2010 1142 2055 pastu
1168 2009 1396 2045 cadaverum
1421 2008 1467 2044 ib.

92 2060 128 2100 5,
148 2058 223 2093 326
248 2058 294 2101 cf.
318 2060 353 2101 6,
372 2059 458 2103 451)

188 2108 208 2140 6
241 2104 268 2141 C
300 2106 397 2141 vocis
429 2117 514 2141 cum
540 2110 573 2142 et
599 2106 622 2141 l.
643 2109 692 2142 12
723 2105 753 2149 Q
785 2108 884 2142 vocis
909 2106 1082 2152 quamvis
1108 2108 1260 2149 omissa,
1286 2117 1369 2142 eum
1393 2117 1470 2141 'non

84 2153 254 2199 pinxerit
279 2164 322 2189 ea
347 2155 526 2190 miniator
607 2157 626 2189 7
653 2155 949 2200 praestituitque
976 2154 1077 2190 diem
1105 2161 1147 2190 Μ
1227 2158 1247 2189 8
1276 2154 1469 2190 civitatem

91 2202 149 2237 est
179 2202 407 2248 tempestate
432 2209 470 2237 Β
593 2206 636 2238 10
669 2214 836 2238 suorum:
871 2214 995 2238 -orum
1027 2204 1069 2238 in
1100 2215 1172 2239 ras.
1199 2209 1240 2238 M
1341 2202 1469 2237 EXPL

91 2275 277 2322 ARGVM.
299 2275 392 2322 fcu')
414 2286 690 2322 CADAVEms
710 2287 850 2322 PAsr1
873 2288 916 2322 m
935 2299 1050 2334 mary.
1073 2287 1231 2323 CAVSA
1251 2261 1338 2322 xffl
1359 2293 1401 2322 M

91 2333 259 2380 Explicit
284 2337 549 2381 argumentum
576 2344 595 2377 β
620 2337 676 2381 (in
702 2342 739 2370 P
761 2337 877 2371 minio
903 2337 1093 2382 scriptum)

190 2386 233 2418 12
260 2394 375 2428 quam
399 2390 447 2427 M,
474 2384 530 2418 vis
555 2395 656 2430 supr.
678 2398 720 2418 m
821 2388 863 2419 13
891 2384 1132 2430 transgulent
1157 2391 1184 2418 V
1271 2395 1341 2419 nec
1367 2395 1467 2429 supr.

97 2436 125 2464 V
216 2431 412 2480 universass
437 2438 474 2467 Β
