1638 2560
188 101 274 144 218
616 98 959 136 CADAVERIBVS
985 97 1127 134 PASTI

188 218 274 255 tam
304 217 436 255 lentae
467 214 666 254 vindictae
699 214 893 253 dilatione
926 214 1049 263 ortus,
1083 213 1209 252 animi
1238 213 1320 252 mei
1350 225 1475 264 prope
1501 212 1559 252 di-

188 277 313 315 xerim
338 277 460 326 furor,
488 275 594 325 quod
618 275 820 314 hominem
845 276 930 313 tam
956 274 1207 323 sceleratum,
1231 275 1278 313 ut
1301 286 1374 314 nos
1401 286 1560 324 quoque

188 338 328 376 fecerit
353 338 551 385 nocentes,
583 335 738 387 legibus
765 335 1015 384 accersimus,
1049 334 1157 384 quod
1183 334 1345 373 defendi
1369 335 1560 385 patimur,

189 397 311 447 quod,
349 398 394 435 ut
425 397 617 446 puniatur
653 409 876 446 precamur,
914 395 1021 446 quod
1058 395 1272 434 damnatus
1304 407 1463 446 quoque
1494 395 1560 434 vel

186 459 313 496 morte
340 457 579 508 defungetur
605 470 726 506 quam
752 469 823 496 nos
848 457 891 494 in
916 456 989 494 illa
1014 455 1288 494 funestissima
1313 456 1432 505 fame,
1462 455 1560 494 dum
1598 468 1613 495 5

186 517 347 568 sepeliri
377 518 503 567 licuit,
537 518 778 566 optavimus,
810 517 875 555 vel
907 517 1046 555 exsilio
1080 516 1187 566 quod
1218 516 1283 555 hic
1312 517 1578 566 quantopere

186 579 432 627 contemnat,
472 579 641 627 apparet
673 578 742 627 qui
779 579 865 616 tam
899 577 1007 615 lente
1039 577 1082 615 in
1119 577 1298 627 patriam
1327 576 1557 615 revertitur.

187 651 429 688 quamquam
462 637 509 676 de
542 651 620 688 quo
661 638 778 676 exilio
815 636 985 687 loquar?
1049 638 1304 688 quantalibet
1334 636 1558 689 ignominia

183 698 376 738 dimittite
408 699 525 737 domo
551 698 726 748 noxium,
757 699 880 737 habet
913 711 990 748 quo
1025 700 1100 737 eat.
1158 711 1240 737 non
1269 697 1442 748 publicis
1473 710 1558 736 ma—

182 758 299 798 nibus
342 761 550 798 exeuntem
588 759 886 809 discerpsimus,
927 772 1025 809 non,
1069 759 1261 809 quoniam
1301 758 1424 797 semel
1465 770 1557 797 con·
1578 771 1612 798 ιο

183 832 389 858 sueramus
422 821 463 858 et
498 819 603 858 bona
634 819 711 858 fide
749 820 926 858 ferarum
958 832 1042 858 esse
1075 819 1219 859 civitas
1251 820 1455 869 coeperat,
1492 818 1558 858 hic

182 881 334 930 primus
366 879 479 919 nobis
512 893 558 918 ex
589 881 675 918 tam
705 881 821 919 tardo
855 883 1079 919 commeatu
1109 879 1264 930 placuit
1296 877 1438 919 cibus?
1501 878 1556 918 sic

184 941 289 978 enim
319 940 445 979 istum
475 940 639 990 laniari,
673 942 729 980 sic
761 940 920 990 confici,
957 941 1012 980 sic
1045 941 1227 979 consumi
1258 940 1439 991 oportuit
1468 940 1555 979 iure

182 1002 328 1039 nostro.
381 1001 470 1051 quis
503 999 667 1039 credat?
699 1014 772 1053 ego
798 1015 861 1039 me
892 1001 941 1040 ab
973 1002 1048 1040 hoc
1075 1001 1274 1040 abstinere
1306 1001 1434 1052 potui,
1466 1013 1556 1040 cum

183 1063 222 1099 et
254 1062 445 1099 esurirem
477 1063 517 1100 et
546 1060 769 1101 irascerer?
1577 1074 1609 1101 15

134 1120 159 1157 2
276 1120 354 1160 Sed
383 1121 583 1160 frumento
616 1124 801 1173 occupati
832 1135 967 1162 sumus
1000 1135 1072 1161 nec
1104 1123 1323 1172 quicquam
1354 1121 1466 1160 aliud
1496 1121 1555 1161 vi-

183 1181 329 1220 demus.
393 1195 415 1221 o
448 1184 600 1233 quanta
632 1196 671 1221 es
710 1184 836 1222 fames
870 1196 972 1233 quae
1010 1185 1095 1221 tam
1128 1182 1323 1235 grandem
1360 1183 1461 1221 iram
1495 1182 1555 1222 vi-

182 1242 292 1280 cisti!
356 1244 397 1280 at
430 1256 501 1294 ego
535 1244 694 1282 etiamsi
725 1244 819 1282 talis
851 1244 955 1282 ultio
989 1244 1237 1296 contigisset,
1270 1243 1305 1282 si
1335 1255 1399 1281 me
1432 1255 1456 1281 a
1487 1255 1554 1282 ne-

180 1302 283 1340 fario
310 1305 535 1354 grassatore
561 1304 806 1354 reipublicae
831 1317 911 1343 non
943 1304 1084 1355 lingua
1114 1304 1183 1343 sed
1211 1303 1398 1343 dentibus
1423 1303 1553 1342 vindi-

180 1374 341 1412 cassem,
373 1364 475 1401 nihil
500 1366 636 1402 tamen
661 1366 756 1414 irae,
789 1365 892 1403 nihil
918 1365 1120 1404 vindictae
1145 1364 1446 1415 praestiteram3
1477 1364 1554 1414 hoc
1573 1377 1608 1403 20

181 1425 219 1461 et
250 1424 348 1462 meis
380 1424 467 1462 feci.
519 1427 706 1464 aestuant
738 1425 866 1464 adhuc
898 1425 1006 1464 intra
1037 1427 1176 1476 pectus
1213 1426 1372 1476 sepulta
1403 1424 1553 1463 ventri-

179 1483 252 1521 bus
289 1485 436 1522 nostris
475 1487 646 1536 cognata
677 1486 829 1524 viscera
868 1489 908 1525 et
938 1487 1159 1525 tumescere
1197 1486 1307 1525 intus
1341 1487 1462 1535 atque
1493 1485 1552 1523 in-

182 1543 340 1594 dignari
364 1545 552 1584 videntur
583 1548 623 1584 et
656 1559 743 1584 sera
775 1548 1024 1596 paenitentia
1051 1546 1288 1586 redundant.
1337 1545 1421 1584 iam
1447 1545 1553 1584 enim

179 1606 297 1642 vacat
334 1605 447 1643 nobis
485 1606 639 1657 lugere,
680 1606 762 1645 iam
800 1606 907 1646 cibos
945 1610 1103 1646 nostros
1143 1607 1360 1656 efferimus,
1398 1606 1553 1645 viscera

180 1676 416 1715 cremamus,
447 1679 541 1704 nam
573 1668 704 1705 cetera
735 1667 943 1706 nobiscum
972 1668 1226 1718 sepelientur.
1279 1680 1302 1706 o
1333 1667 1460 1706 fames
1491 1667 1551 1705 in·
1572 1679 1606 1706 25

179 1723 331 1774 audita,
361 1726 405 1762 in
430 1739 510 1776 qua
541 1726 668 1765 levius
701 1729 761 1766 est
787 1728 892 1777 quod
926 1728 1139 1767 esurimus!
1190 1727 1385 1780 ignoscite
1415 1729 1552 1766 tamen

178 1785 321 1823 violati
352 1798 487 1825 manes
519 1800 715 1837 meorum,
754 1789 818 1827 hic
848 1801 919 1828 vos
952 1789 1160 1839 adloquor,
1191 1788 1406 1840 ignoscite,
1444 1787 1553 1838 quod

274 1903 293 1934 3
321 1887 523 1936 agersimus
548 1908 599 1946 Β;
626 1914 644 1936 r
669 1914 713 1938 ex
738 1914 828 1939 corr.
851 1909 894 1938 M
965 1907 986 1938 4
1011 1915 1236 1950 praecamur
1261 1903 1347 1940 add.
1369 1904 1411 1939 ifn
1432 1914 1549 1950 marq.

176 1990 210 2027 ι)Ἴ
237 1994 304 2020 om.
319 1990 357 2018 Β
429 1989 448 2019 5
477 1986 566 2021 dum
592 1998 658 2022 om.
682 1993 731 2031 Μ,
756 1999 857 2034 supr.
878 2003 920 2023 m
996 1993 1016 2024 6
1041 1963 1140 2035 Ιίἐιῖῄ
1159 1995 1196 2023 Β
1220 1990 1254 2035 (c
1273 1989 1421 2034 scripsit
1439 1989 1476 2032 o)

176 2033 318 2076 quanto
346 2044 458 2078 opere
483 2040 511 2068 V
606 2039 623 2069 7
656 2036 848 2082 patriam}
878 2038 917 2083 (2
942 2038 996 2073 vel
1022 2040 1045 2073 3
1071 2039 1140 2073 litt.
1161 2039 1224 2083 er.)
1249 2043 1287 2072 Β
1384 2039 1404 2071 9
1438 2035 1550 2071 dimi-

174 2080 255 2114 tate
282 2086 324 2115 M
429 2082 599 2118 noxium:
626 2085 800 2119 notatum
827 2094 846 2127 β
958 2089 1001 2120 10
1028 2085 1288 2121 discerssimus
1315 2091 1358 2120 M
1461 2095 1549 2120 con-

175 2138 414 2164 sueveramus
441 2136 501 2173 Μβ
612 2135 654 2166 12
683 2132 827 2168 civibus
853 2142 906 2168 ασ
1013 2135 1051 2169 et
1077 2134 1131 2169 sic
1158 2140 1201 2169 M
1309 2137 1353 2168 14
1379 2131 1489 2181 tcum
1513 2138 1551 2167 Β

176 2179 219 2211 15
247 2177 492 2223 et{irascerer
518 2181 556 2224 (2
581 2180 648 2215 litt.
669 2182 732 2228 er.)
753 2188 789 2216 Β
911 2186 955 2217 16
987 2181 1157 2218 fumento
1184 2188 1236 2226 Β;
1262 2194 1281 2216 r
1305 2193 1406 2228 supr.
1428 2188 1451 2215 ὃ

174 2228 219 2259 18
247 2227 313 2260 aut
331 2232 411 2260 ΒΜ
474 2227 563 2262 talis
576 2230 600 2274 Ξ
613 2228 709 2264 ultio
730 2231 766 2275 <4
785 2230 840 2265 vel
861 2232 883 2265 5
903 2231 970 2265 litt.
993 2233 1056 2277 er.)
1075 2237 1119 2265 M
1190 2234 1234 2265 23
1262 2232 1299 2274 vi
1317 2230 1495 2265 videntur
1513 2235 1550 2264 Β

173 2300 219 2332 26
250 2297 385 2334 levius:
413 2286 542 2335 18t1u1s
568 2307 619 2344 ιη
646 2301 713 2336 leffi
738 2302 797 2337 uis
824 2309 867 2337 M
889 2302 942 2348 <in
968 2303 1043 2338 aiio
1073 2303 1236 2338 habetur
1261 2302 1300 2336 in
1327 2313 1403 2347 qua
1427 2301 1547 2337 levius

171 2346 327 2430 gisglevgli
352 2346 491 2430 ‘l'eviuis
526 2350 628 2394 quod
662 2350 757 2385 euir’
794 2351 836 2386 in
869 2363 984 2398 mar-q.
1011 2354 1066 2397 m)
1190 2350 1379 2386 exurimus
1412 2356 1455 2385 M
