1638 2560
200 109 290 152 ’108
603 137 605 139 .
644 106 811 143 AEGER
835 104 1132 142 REDEMPTVS

203 224 302 263 mihi
345 222 514 275 grande,
558 221 657 261 velit
693 221 813 270 nolit,
857 221 1021 259 fortuna
1064 221 1108 258 in
1153 218 1326 259 orbitate
1364 218 1573 270 solacium,

203 284 331 323 filium
363 285 432 333 qui
456 282 619 322 relictus
643 295 732 321 mea
764 281 844 320 fuit
874 281 1093 319 moriturus
1125 279 1292 330 invidia,
1323 292 1405 319 non
1434 279 1573 331 occidi,

205 345 272 383 sed
303 343 468 394 perdidi.
532 342 628 393 quid
660 344 737 392 ais,
767 339 955 381 iuvenis?
1013 342 1075 379 ita
1106 341 1141 380 si
1171 340 1414 380 moriturum
1443 339 1575 379 filium

203 405 395 442 redimere
433 417 513 442 non
550 403 684 453 debui,
722 415 802 441 non
839 401 991 441 sufficit
1026 401 1125 440 haec
1155 401 1232 440 tibi
1263 401 1311 440 de
1342 414 1406 440 me
1443 412 1574 451 poena

206 464 310 514 quod
341 465 410 502 ille
442 462 636 502 decessit?
684 463 803 502 irasci
833 463 942 512 patri
972 463 1132 500 tantum
1165 461 1344 501 fortasse.
1368 462 1430 500 fas
1457 462 1573 512 esset,
1598 474 1628 502 25

204 524 238 563 si
281 525 435 564 viveret
482 524 616 563 frater.
684 526 780 562 tunc
831 523 1022 561 alimenta
1074 523 1283 573 quaerenti
1330 521 1573 573 respondere

203 597 356 636 posses:
389 581 520 634 ‘posce
546 580 800 634 praelatum.’
847 585 1042 633 quantum
1067 583 1274 635 intellego,
1294 584 1366 634 qui
1390 582 1439 622 de
1463 595 1574 622 men-

205 645 367 684 dicitate
386 646 513 696 patris
533 644 762 693 vindicaris,
786 644 897 695 aegri
917 656 956 683 es
976 643 1175 694 redempti
1193 643 1350 683 iuvenis
1372 643 1573 683 inimicus.

203 706 329 744 nescis
369 705 466 755 quid
503 706 557 744 sit
599 705 794 744 invidiam
837 705 967 743 facere
1010 703 1129 754 patri.
1191 704 1334 744 melior
1375 705 1462 743 erat
1501 705 1573 743 tua

204 778 335 815 causa,
367 766 401 804 si
430 765 510 803 mei
541 766 751 804 misereris.
920 788 922 792 ν
1587 776 1630 806 10

292 825 349 864 At
386 826 554 875 quanto,
598 826 655 864 dii
699 825 891 875 deaeque,
925 826 1027 864 alius
1072 825 1152 864 fuit
1194 825 1264 863 ille
1307 824 1575 864 infelicissimi

204 886 359 925 iuvenis
391 884 584 925 affectus?
633 886 774 925 nuntio
807 886 912 924 enim
945 887 985 925 et
1017 885 1204 925 audiente
1230 887 1272 925 et
1295 887 1384 925 tota
1409 884 1574 925 civitate

203 948 306 985 teste
343 947 563 996 proclamo:
601 946 677 984 tibi
715 947 866 998 gratias
905 946 1050 998 agebat
1081 946 1168 996 ille,
1208 945 1304 985 dum
1340 947 1573 986 moreretur.

206 1006 322 1046 credo
353 1006 596 1046 mehercules
634 1007 708 1045 hoc
744 1007 934 1045 miserum
972 1006 1108 1046 dolore
1148 1008 1430 1058 consumptum
1466 1005 1575 1058 quod

206 1066 282 1105 sibi
312 1067 526 1106 videbatur
561 1068 736 1118 pretium
768 1079 885 1106 suum
915 1067 1020 1105 mihi*
1049 1067 1279 1118 perdidisse.
1342 1080 1424 1107 non
1455 1067 1576 1107 aliter
1595 1081 1638 1110 15-

204 1127 333 1177 igitur
364 1140 486 1177 quam
518 1128 551 1166 si
582 1130 622 1166 te
653 1129 863 1178 praesente
895 1127 1096 1178 deficeret,
1139 1124 1226 1179 ‘per
1262 1124 1392 1178 illud',
1429 1128 1575 1179 inquit,

207 1182 346 1226 ‘frater
372 1187 532 1237 optime,
563 1188 762 1226 natalium
786 1189 1014 1227 nostrorum
1042 1201 1200 1228 sacrum
1225 1188 1575 1239 venerandumque

207 1248 464 1298 consortium,
502 1261 574 1298 per
605 1250 730 1287 socias
763 1249 1123 1300 peregrinationes,
1160 1263 1233 1300 per
1264 1249 1432 1288 adversa
1470 1261 1575 1289 com-

204 1309 358 1357 munia,
396 1322 467 1358 per
497 1309 572 1347 hoc
604 1309 710 1359 quod
740 1310 788 1347 ¹et
824 1310 870 1347 tu
907 1309 1099 1361 languere
1136 1309 1326 1360 potuisti,
1364 1310 1399 1349 si
1435 1310 1476 1349 te
1509 1309 1576 1349 vel

204 1369 276 1406 tua
305 1368 543 1419 quandoque
570 1369 699 1408 virtus
725 1370 789 1408 vel
822 1371 988 1408 satietas
1021 1383 1159 1409 secura
1189 1370 1438 1421 praedonum
1467 1370 1575 1421 pira·
1595 1384 1630 1412 20

204 1428 285 1467 tico
317 1441 472 1467 carcere
504 1430 692 1479 emiserit,
725 1431 956 1469 commendo
987 1430 1063 1469 tibi
1095 1443 1229 1470 senem
1255 1444 1374 1482 quem
1403 1430 1575 1470 facimus

205 1489 371 1538 uterque
402 1489 638 1528 mendicum.
695 1491 822 1529 testor
852 1491 1099 1530 immortalia
1130 1491 1296 1530 numina
1328 1493 1369 1530 et
1398 1491 1576 1530 inferna-

206 1562 295 1586 rum
326 1548 463 1588 sedum
495 1549 599 1600 deos,
630 1563 834 1600 pascerem
865 1554 1034 1602 patrem,
1067 1553 1101 1591 si
1131 1553 1172 1591 te
1204 1548 1464 1591 redemisset?

297 1609 383 1660 Ego
421 1611 574 1659 tamen,
611 1611 762 1661 inquit,
799 1611 900 1650 mihi
937 1611 1079 1662 debeo,
1118 1612 1226 1663 quod
1261 1625 1443 1653 reversus
1475 1624 1574 1652 sum.

207 1681 286 1707 non
318 1669 478 1719 quidem
510 1670 702 1720 quiddam
733 1671 870 1721 velim,
902 1673 1075 1723 iuvenis,
1108 1673 1156 1712 de
1181 1674 1381 1713 virtutum
1412 1670 1575 1712 tuarum
1594 1686 1638 1714 251

208 1728 473 1768 admiratione
512 1730 751 1779 detractum3
791 1732 930 1771 audias
968 1735 1103 1772 tamen
1141 1746 1299 1773 necesse
1332 1735 1393 1773 est
1426 1734 1469 1772 in
1499 1733 1576 1773 hac

207 1788 359 1839 pietate
390 1802 539 1828 verum.
603 1793 774 1830 evasisse
806 1793 846 1830 te
877 1794 1014 1842 putas,
1051 1793 1240 1846 ingrate?
1302 1794 1489 1834 dimissus
1522 1806 1574 1834 es.

207 1861 296 1887 mea
333 1849 462 1899 pietas
499 1850 625 1900 istud,
665 1864 755 1889 mea
792 1853 889 1891 fecit
927 1853 1078 1892 electio.
1141 1854 1247 1894 unde
1286 1855 1393 1893 enim
1430 1854 1575 1905 evenit,

208 1909 401 1959 quicquid
433 1912 525 1948 ante
558 1911 771 1961 captivitas
803 1914 875 1951 tua
899 1916 1106 1963 praestare
1138 1928 1218 1954 non
1250 1913 1413 1966 potuit?
1454 1914 1575 1965 iacta,

306 2015 326 2046 6
351 2013 442 2047 tunc
469 2020 504 2048 ςε
531 2025 631 2048 nunc
657 2028 686 2048 ω
763 2018 782 2049 7
810 2015 958 2060 quide:
987 2016 1140 2062 quidem
1159 2024 1197 2053 B
1269 2017 1438 2064 epatris
1458 2029 1526 2054 om.
1539 2023 1579 2053 Β

210 2062 252 2094 11
281 2061 334 2095 at:
368 2060 417 2095 ah
441 2067 478 2095 Β
587 2065 631 2096 14
662 2062 734 2097 hoc
758 2074 819 2098 me
844 2064 1022 2099 miserum
1047 2072 1085 2100 Β
1201 2070 1244 2102 19
1275 2078 1345 2112 per
1369 2067 1424 2102 et
1432 2066 1504 2102 hoc
1528 2072 1575 2111 Β,

208 2109 246 2142 et
270 2108 338 2143 del
360 2115 383 2142 b
468 2109 571 2144 velut
594 2116 632 2144 Β
728 2114 772 2145 20
799 2113 1051 2160 quandoque3
1076 2115 1114 2159 <2
1138 2115 1193 2150 vel
1219 2117 1241 2150 3
1268 2115 1335 2150 litt.
1357 2116 1419 2160 er)
1440 2120 1484 2149 Μ

208 2159 251 2190 21
280 2166 466 2191 carcerem
492 2157 637 2192 miserit
662 2164 713 2202 B;
741 2170 887 2194 carcere
913 2161 1101 2196 remiserit
1125 2169 1165 2207 V;
1192 2174 1341 2199 carcere
1366 2162 1514 2198 miserit
1538 2168 1582 2209 Μ

208 2207 253 2239 23
280 2204 411 2256 sedum
438 2205 464 2251 (i
489 2217 588 2250 supr.
610 2206 646 2251 b)
667 2220 706 2241 a:
736 2207 881 2242 sedium
908 2217 977 2251 βγσ
1061 2210 1277 2247 redimisset
1300 2218 1329 2246 V
1371 2216 1373 2218 ’
1422 2215 1467 2247 25
1494 2210 1579 2257 qui-

208 2242 295 2287 dam
321 2258 377 2297 M3
396 2253 607 2298 quicquam
638 2261 753 2297 ῑηιβσ
841 2256 986 2291 iuvenis
1010 2258 1124 2293 velim
1151 2268 1170 2301 β
1261 2262 1415 2296 tuarum
1441 2270 1508 2296 om.
1530 2251 1577 2304 Β,

206 2311 308 2346 supr.
324 2314 354 2341 p
427 2305 472 2336 26
499 2302 761 2338 ammiratione
781 2310 841 2348 ¹433
866 2305 1143 2350 {admiratione
1164 2309 1274 2353 (4—5
1294 2309 1363 2344 litt.
1382 2310 1445 2355 er.)
1466 2313 1510 2344 Μ

209 2349 419 2384 detractum
445 2360 512 2386 om
534 2356 578 2394 Ρ
602 2361 709 2396 supr.
729 2366 757 2391 p
879 2354 925 2387 27
955 2354 1116 2398 pietate:
1144 2358 1253 2401 parte
1284 2356 1366 2393 Obr.
1491 2364 1578 2392 eva.-

207 2396 323 2432 luisse
347 2404 380 2432 J
474 2401 519 2432 29
550 2399 651 2445 3non
677 2400 785 2444 (3-4
812 2401 880 2436 litt.
901 2402 964 2447 er>
985 2408 1027 2436 M
1397 2433 1399 2435 .
1564 2428 1567 2431 Α
