1638 2560
183 116 268 159 154
601 113 777 149 GEMINI
802 111 1131 148 LANGVENTES

178 231 374 271 suasionis
406 229 633 268 hominibus
672 229 786 279 queri
819 223 905 280 [de]
938 227 1064 266 totius
1097 227 1254 279 generis
1285 226 1454 266 humani
1482 240 1554 267 no-

178 293 286 331 mine
318 291 419 329 volo.
483 302 604 340 quam
635 289 784 328 multas
817 290 923 327 artes
955 289 1103 326 misera
1137 287 1373 326 mortalium
1404 287 1553 327 sollici-

178 352 276 391 tudo
302 349 461 390 fecisti?
511 351 597 389 fato
623 351 808 398 vivimus,
835 349 1084 400 languemus,
1111 347 1437 398 convalescimus,
1468 361 1553 387 mo-

177 414 314 461 rimur,
346 411 555 460 medicina,
589 410 682 460 quid
716 411 910 460 praestas,
943 410 1022 448 nisi
1054 409 1101 447 ut
1125 409 1241 447 iuxta
1270 409 1312 447 te
1343 421 1459 448 nemo
1486 409 1552 448 de—

179 470 337 523 speret?
400 471 601 510 dicturum
638 483 701 509 me
738 471 876 520 putas:
923 466 1019 508 ‘non
1057 469 1174 508 credo
1211 469 1552 520 renuntiantibus,
1590 483 1608 510 5

177 546 256 571 non
287 532 443 581 accedo,
476 544 566 570 cum
598 531 785 570 deserunt
814 530 1128 580 relinquuntque
1160 527 1426 582 languentes?
1479 542 1552 582 ego

176 606 270 632 vero
313 592 476 631 medicis
521 605 601 630 non
646 591 762 630 credo
810 591 1074 641 sperantibus.
1145 591 1314 641 aspicite
1357 592 1554 630 maiorem

175 655 334 704 partem
365 653 520 704 generis
552 653 718 690 humani
750 653 807 701 et,
846 652 881 691 si
911 664 974 690 me
1006 653 1248 703 interroges,
1286 651 1403 690 illam
1433 651 1552 691 robu-

176 716 350 762 stiorem,
381 713 496 751 illam
529 713 658 751 adhuc
688 714 731 750 in
761 713 894 762 prima
925 724 1060 750 rerum
1091 713 1261 751 naturae
1287 713 1460 751 veritate
1492 713 1552 751 vi-
1579 728 1583 732 ’

175 776 346 823 ventem,
378 774 508 812 nullos
536 774 634 812 artis
666 773 784 812 huius
817 773 933 811 novit
965 773 1196 812 antestites:
1227 785 1300 812 nee
1331 773 1464 812 minus
1489 774 1551 812 ta·
1572 787 1607 813 10

175 848 266 873 men
291 834 487 873 bellorum
513 833 743 873 vulneribus
769 834 1080 884 morborumque
1105 832 1289 872 medetur
1314 833 1552 883 incursibus,

175 909 254 934 non
287 895 606 945 disputationum
640 896 822 933 vanitate
855 894 1027 943 sollerti,
1069 893 1138 933 sed
1170 895 1472 944 experimentis,
1511 895 1553 933 et

174 957 346 994 invicem
383 968 455 1005 per
493 956 642 994 similes
681 954 973 1004 dissimilesque
1007 967 1121 994 casus
1160 954 1441 994 observatione
1480 953 1551 993 du-

176 1018 300 1065 cente,
331 1016 484 1054 tradita
514 1017 670 1054 ratione
703 1017 910 1054 succurrit.
973 1029 1053 1054 non
1085 1015 1285 1054 medicina
1317 1017 1447 1065 sanat,
1483 1014 1552 1054 sed

105 1080 156 1117 10
177 1076 366 1127 quicquid
397 1076 557 1114 videtur
589 1089 760 1125 sanasse,
792 1076 992 1115 medicina
1023 1077 1094 1115 est.
1146 1089 1225 1127 quo
1257 1076 1383 1115 vultis
1416 1077 1550 1115 animo
1571 1066 1606 1117 {5

175 1138 302 1175 feram
334 1136 440 1186 quod
473 1149 548 1185 ars,
581 1138 777 1186 quantum
809 1137 954 1186 dicitis,
986 1138 1153 1176 inventa
1184 1149 1258 1187 pro
1290 1138 1389 1186 vita,
1422 1138 1457 1176 si
1489 1136 1550 1176 dis

174 1198 318 1248 placet,
350 1198 633 1236 auctoritatem
665 1198 916 1247 formamque
950 1199 1106 1248 captat,
1144 1199 1191 1236 ut
1228 1197 1347 1249 longe
1378 1198 1552 1236 ventura

175 1270 361 1308 suprema
392 1258 624 1308 prospiciat,
655 1259 702 1296 ut
735 1258 873 1297 adesse
905 1258 991 1296 fata
1024 1258 1235 1297 denuntiet
1267 1270 1370 1308 quae
1395 1270 1468 1297 nec
1498 1259 1550 1296 ti-

174 1320 344 1368 mentur,
377 1320 417 1356 et
447 1319 645 1357 maximae
678 1320 867 1357 scientiae
899 1331 993 1368 pars
1027 1332 1110 1358 esse
1137 1319 1269 1369 coepit
1294 1331 1437 1358 sanare
1469 1331 1550 1357 non

173 1377 316 1429 posse?
367 1379 630 1428 quisquamne
658 1379 707 1418 ab
739 1379 900 1417 homine
928 1380 998 1429 qui
1023 1379 1154 1418 adhue
1182 1379 1375 1430 loquitur,
1407 1380 1549 1429 spirat,
1569 1393 1605 1420 20

174 1434 393 1493 intellegitf,
432 1440 488 1478 sic
525 1439 677 1478 recedit
713 1440 1049 1489 quemadmodum
1085 1440 1330 1490 relinquitur
1367 1441 1549 1479 exanime

175 1512 327 1550 eorpus,
361 1501 401 1538 et
425 1499 483 1537 ibi
507 1499 626 1538 finem
652 1501 760 1538 vitae
786 1500 959 1551 putabit,
985 1501 1213 1550 ubicunque
1239 1501 1432 1540 scientiae
1457 1499 1550 1539 sub-

176 1561 325 1599 stiterit
355 1559 594 1599 infirmitas?
646 1562 680 1599 si
710 1561 978 1612 fragilitatem
1007 1562 1270 1600 mortalitatis
1296 1562 1551 1611 incertosque

175 1620 343 1658 velimus
376 1621 587 1659 aestimare
620 1633 751 1670 casus,
789 1622 1030 1660 tantundem
1065 1622 1235 1672 periculi
1265 1621 1388 1661 habet
1419 1623 1550 1661 omnis

177 1692 304 1732 aeger.
375 1681 673 1730 iniquissimum
717 1683 777 1721 est
821 1682 1117 1732 desperationes
1163 1684 1318 1732 vocari,
1363 1683 1548 1733 quotiens
1569 1696 1604 1723 25

174 1740 393 1779 remedium
430 1741 628 1779 medicina
665 1755 745 1780 non
787 1743 960 1792 invenit,
999 1744 1040 1782 et
1078 1744 1287 1795 angustias
1326 1744 1411 1782 sive
1450 1743 1549 1782 arus

176 1813 245 1840 seu
276 1802 420 1840 mentis
458 1801 656 1840 humanae
690 1802 741 1841 ad
778 1802 974 1842 invidiam
1011 1804 1161 1843 referre
1193 1804 1382 1843 fatorum.
1446 1803 1550 1842 nihil

174 1862 302 1913 magis
340 1862 531 1900 interesse
565 1864 742 1901 omnium
774 1865 891 1913 puto,
926 1877 1047 1913 quam
1078 1866 1125 1903 ut
1157 1877 1246 1915 spes
1277 1877 1351 1915 pro
1386 1863 1549 1903 homine

273 2040 291 2071 1
319 2036 418 2082 quiri
445 2044 481 2072 P
559 2041 578 2072 7
605 2041 690 2073 ante
716 2038 956 2084 sperantibus
982 2051 1030 2075 er.
1053 2039 1100 2075 de
1121 2046 1163 2074 Μ
1240 2043 1261 2074 9
1287 2039 1489 2075 veritatem
1513 2045 1551 2074 Β

176 2088 220 2120 10
246 2084 370 2120 nullos
398 2093 433 2120 ¹3:
462 2085 586 2120 nullus
614 2101 643 2120 ω
751 2086 949 2122 antestites
982 2094 1020 2123 V:
1049 2088 1208 2124 antistes
1235 2094 1328 2133 BM3
1355 2087 1548 2124 antistites

174 2142 223 2176 so*
325 2135 470 2169 tamen:
497 2135 579 2169 tum
605 2143 624 2176 β
736 2138 777 2170 11
805 2146 878 2180 que
904 2147 971 2171 om.
994 2144 1021 2170 «r
1130 2140 1173 2172 13
1201 2135 1405 2172 dissimiles
1431 2148 1499 2172 om.
1525 2142 1555 2171 V

175 2222 219 2254 16
245 2182 463 2263 feralnqu‘ifi
487 2224 525 2252 Β
548 2220 661 2266 (supr.
684 2226 707 2253 b
720 2218 752 2265 ,9)
845 2231 913 2265 pro
940 2219 1094 2256 inventa
1118 2220 1182 2257 sed
1207 2224 1347 2267 tran-sp.
1373 2227 1402 2255 V
1489 2220 1548 2256 dis

172 2290 301 2336 placet
325 2296 363 2326 V:
392 2290 570 2336 displicet
594 2292 729 2336 reliqui
845 2296 889 2327 18
917 2304 1120 2339 supprema
1145 2300 1182 2328 Β
1287 2279 1490 2338 ἀθηιιιιίῑίξῒ,
1513 2300 1551 2329 Β

175 2367 219 2398 22
253 2339 440 2398 sulstiterit
469 2369 498 2397 V
600 2368 645 2398 24
671 2364 832 2400 tatunde
857 2371 909 2409 Β;
935 2366 1092 2401 tantade
1121 2373 1157 2401 P
1264 2377 1391 2402 omnes
1419 2373 1455 2402 P

175 2415 220 2446 27
248 2411 326 2447 sive
353 2417 396 2446 Μ
490 2415 535 2447 28
561 2412 683 2457 magis
709 2412 806 2448 nihil
833 2419 882 2457 M,
910 2417 1050 2460 transp.
1071 2429 1114 2449 m
