1638 2560
178 115 267 159 374
553 110 812 149 EXOERPTA
837 109 1168 147 MONACENSIA.

179 243 281 281 quae
314 229 361 267 de
393 228 645 268 innocentiae
676 227 886 278 punitione
920 225 1118 277 provenit.
1180 225 1412 266 innocentia
1443 226 1551 265 enim

177 302 276 341 opus
303 291 374 339 est,
406 290 451 328 ut
476 289 667 328 miserum
691 287 816 326 faciat
841 286 966 326 dolor.
1030 285 1242 337 deceperas
1267 299 1342 336 me,
1374 285 1550 336 fortuna,

175 351 404 401 deceperas,
443 349 476 388 si
507 348 608 387 mihi
637 349 724 387 tam
756 347 907 400 grande
938 347 1098 387 fecisset
1134 346 1290 386 facinus
1327 347 1447 386 homo
1480 347 1551 397 qui

175 412 320 450 liberos
353 423 432 450 non
456 409 632 448 haberet.
694 421 831 447 rumor
856 407 899 446 in
931 407 1097 447 civitate
1127 408 1239 447 ortus
1271 409 1332 447 est
1361 420 1426 446 me
1456 419 1550 458 pro-

177 472 347 510 ditorem
378 483 461 510 esse
501 469 630 508 adhuc
666 468 870 520 incognito
908 468 1081 508 rumoris
1120 469 1294 508 auctore.
1356 469 1404 506 tu
1436 479 1550 507 accu-
1588 480 1605 508 5

176 531 274 572 sasti
297 532 485 581 patenter
511 531 551 569 et
582 531 731 569 crimen
755 529 889 585 fecisti
921 528 969 568 de
994 528 1144 567 fabula.
1208 528 1277 568 sed
1302 528 1415 579 dicis,
1445 529 1551 567 mori

175 592 308 641 debeo,
336 593 431 641 quia
456 592 520 630 lex
547 604 626 641 qua
650 591 691 629 te
718 589 914 639 accusavi,
940 589 1015 628 hoc
1040 589 1290 640 proditorem
1313 590 1403 640 pati
1426 588 1549 628 iubet.

175 654 357 703 poteram
398 651 559 702 quidem
596 651 773 690 breviter
812 649 1052 700 respondere
1093 650 1224 702 legem
1262 662 1364 700 quae
1399 650 1549 689 calum·

174 713 372 752 niatorem
403 712 509 751 idem
539 711 627 762 pati
658 711 787 760 iubet,
818 711 902 749 eius
934 724 1106 761 poenam
1137 712 1314 763 exigere,
1355 709 1464 760 quod
1491 709 1550 758 fe·
1626 742 1628 744 .

175 774 309 822 cisset,
350 785 430 811 non
469 772 576 822 quod
613 772 742 811 facere
779 772 984 811 voluisset.
1053 771 1252 823 fingamus
1291 772 1430 810 tamen
1469 783 1552 810 non
1571 783 1606 811 10

175 834 250 873 hoc
280 846 498 884 pauperem
539 834 720 883 captasse
754 832 861 882 quod
902 832 1066 881 accidit,
1105 832 1170 870 cui
1207 831 1327 871 debet
1355 831 1552 882 imputari

175 894 302 933 exitus
345 895 415 944 qui
455 893 503 932 de
550 893 775 932 calumniae
815 894 910 931 tuae
950 892 1067 932 fluxit
1110 891 1272 932 errore?
1342 893 1552 943 praeterea

176 955 372 993 accusasti
396 967 458 993 me
485 966 530 993 eo
557 955 735 1004 tempore
763 966 840 1003 quo
867 966 948 992 non
966 954 1152 1004 poteram
1171 952 1386 992 damnatus
1412 952 1550 992 occidi„

175 1017 221 1053 tu
253 1027 346 1066 ergo
379 1015 561 1065 effecisti,
603 1016 649 1053 ut
687 1014 961 1053 occiderentur
995 1013 1114 1053 liberi
1151 1015 1251 1063 mei,
1293 1026 1385 1053 cum
1415 1026 1553 1053 coram

173 1075 323 1126 populo
349 1075 628 1126 proclamasti:
653 1074 833 1126 prodidit
857 1087 928 1113 vos
953 1074 1175 1125 imperator
1203 1075 1345 1125 vester,
1372 1074 1413 1113 et
1437 1073 1552 1113 addi-
1572 1085 1606 1113 15

175 1135 288 1175 disti:
329 1137 515 1174 nuncet
554 1135 640 1186 ipse
681 1135 827 1174 liberos
866 1134 999 1174 habet.
1063 1136 1098 1175 si
1138 1136 1231 1185 post
1270 1134 1375 1174 hanc
1413 1147 1554 1174 vocem

174 1197 327 1246 templa
345 1192 678 1247 m0<n>strasses,
696 1196 838 1246 utique
852 1195 1041 1235 turbatus
1054 1196 1228 1247 populus
1247 1195 1290 1234 id
1310 1189 1425 1250 (εἰσί)
1446 1207 1553 1235 com-

173 1255 374 1296 bussisset.
437 1256 560 1295 morti
585 1269 625 1295 se
652 1256 778 1295 offert.
824 1269 847 1296 o
878 1256 1043 1306 iudices,
1075 1258 1181 1308 peto,
1213 1269 1263 1295 ne
1295 1256 1362 1295 cui
1391 1256 1554 1295 nocenti

173 1329 324 1367 poenae
367 1318 595 1367 praestetur
639 1317 862 1356 arbitrium.
934 1317 1137 1356 infinitam
1185 1317 1292 1356 enim
1336 1315 1552 1356 sceleribus

175 1377 340 1427 aperitis
383 1377 609 1427 audaciam,
658 1378 692 1416 si
732 1390 905 1428 poenam
945 1378 1042 1417 licet
1083 1378 1231 1430 eligere
1274 1377 1551 1417 condemnato.
1571 1389 1608 1416 20

174 1437 286 1476 nulla
319 1439 425 1476 enim
455 1451 584 1488 poena
617 1439 677 1477 est
708 1439 787 1477 nisi
818 1438 959 1478 invito.

540 1594 629 1633 XII.
666 1592 1014 1648 CADAVER1<BV>S
1047 1607 1179 1635 PAsTL

265 1677 551 1728 Aryamentum
582 1692 616 1718 v.
637 1692 680 1728 p.
706 1681 807 1726 217,
837 1682 873 1719 6.

267 1739 388 1778 Dicat
414 1752 506 1791 ergo
533 1753 634 1779 unus
662 1753 681 1778 e
709 1740 862 1779 civibus
890 1742 1030 1780 contra
1056 1754 1147 1780 eum
1173 1753 1309 1780 coram
1334 1739 1553 1779 iudicibust

269 1798 574 1849 Conquerimur,
616 1813 638 1839 o
680 1801 849 1851 iudices,
891 1802 938 1840 de
979 1802 1054 1841 hoc
1093 1802 1305 1851 scelerato,
1347 1802 1443 1851 quia
1479 1812 1552 1839 nos
1569 1812 1607 1839 v2⁵

178 1872 312 1898 omnes
345 1861 556 1899 sceleratos
590 1861 731 1910 effecit,
763 1861 859 1900 dum
883 1864 970 1900 tam
1001 1863 1108 1901 lente
1139 1864 1183 1900 in
1213 1862 1394 1913 patriam
1422 1862 1553 1900 rever·
1586 1866 1591 1872 ’

176 1920 287 1959 titur.
338 1920 509 1959 narrabo
530 1921 617 1970 sibi,
644 1922 740 1971 quia
758 1935 839 1960 non
859 1922 1002 1972 adfuit,
1028 1923 1185 1962 cladem
1203 1924 1395 1962 nostram.
1433 1921 1554 1960 iudex

178 1981 285 2019 enim
308 1980 406 2019 haec
432 1981 556 2020 novit.
608 1982 713 2031 audi,
745 1983 883 2033 igitur,
910 1983 1007 2022 audi
1036 1984 1285 2022 frumentum
1309 1981 1420 2022 istud
1446 1981 1555 2032 quod

177 2041 423 2090 lucrifecisti,
455 2043 598 2091 quanti
622 2041 737 2081 nobis
770 2045 936 2082 constet.
992 2045 1109 2082 tanta
1140 2044 1220 2082 fuit
1250 2043 1414 2082 interim
1445 2041 1554 2093 apud

176 2113 249 2140 nos
291 2102 483 2141 sterilitas
526 2115 606 2152 qua
652 2103 760 2141 terra
801 2116 883 2142 non
912 2103 1003 2154 plus
1036 2103 1244 2155 produxit,
1286 2116 1332 2143 ac
1374 2104 1409 2143 si
1446 2103 1553 2142 esset
1571 2115 1608 2142 so

176 2162 318 2200 ferrea.
375 2163 493 2212 prata
534 2158 863 2215 exa[u]ruerunt,
903 2166 1110 2214 perierunt
1150 2163 1330 2214 frondes,
1371 2164 1555 2215 germina

177 2234 258 2261 non
290 2223 482 2260 exierunt.
545 2223 653 2261 nuda
683 2224 792 2262 terra
830 2225 870 2262 et
908 2221 1105 2277 ar[r]idae
1137 2225 1278 2277 glebae
1310 2225 1436 2263 erant.
1492 2224 1555 2262 in-

178 2282 319 2321 audita
350 2283 437 2322 lues
477 2295 579 2332 quae
619 2284 722 2322 nihil
753 2283 907 2323 homini
943 2285 1111 2335 reliquit
1146 2287 1308 2336 praeter
1337 2284 1553 2324 hominem.

177 2344 334 2382 utinam
366 2343 511 2382 saltem
535 2342 650 2383 nobis
675 2343 815 2382 rudem
840 2345 993 2383 victum
1018 2346 1143 2385 silvae
1174 2346 1482 2395 ministrassent,
1513 2346 1555 2383 et

179 2415 340 2455 carpere
368 2403 543 2453 arbusta,
576 2406 784 2443 concutere
811 2417 1012 2456 quercum,
1044 2406 1176 2458 legere
1201 2406 1338 2458 fragra
1363 2404 1553 2444 licuisset.
1573 2416 1609 2444 35
