1638 2560
492 114 815 152 DEGLAMATIO
839 115 875 151 H
895 118 1036 151 10—11
1398 114 1457 157 29

76 245 169 285 quo,
198 245 274 284 per
302 231 436 283 fidem,
467 231 634 271 divitias
658 232 809 281 iuveni,
842 230 951 282 apud
976 243 1098 281 quem
1122 230 1303 270 omnium
1326 243 1462 270 rerum

76 293 290 333 diversitas
320 291 458 345 perit?
505 292 728 332 circumdes
753 292 850 331 licet
873 291 978 331 hanc
1005 290 1260 331 debilitatem
1291 291 1462 343 fulgore,

76 353 246 405 divitiis,
276 366 395 394 caeco
426 355 564 393 tamen
594 355 692 393 tunc
715 353 848 404 magis
882 354 1030 392 cuncta
1058 351 1215 402 desunt,
1247 364 1338 391 cum
1370 364 1463 391 con-

75 414 272 468 tigerunt,
302 428 377 454 nec
407 414 592 454 invenias
623 414 877 454 debilitatem
909 413 974 452 cui
1004 414 1136 465 magis
1168 425 1260 452 cum
1289 425 1463 464 pauper-

39 489 59 516 5
76 477 164 516 tata
195 477 422 516 conveniat.
471 475 592 515 homo
623 475 667 514 in
697 475 848 514 honore
879 476 1096 525 parentum
1125 475 1360 513 excaecatus
1390 486 1463 524 pa-

0 550 5 551 ’
77 537 271 577 trimonio
302 536 377 577 sub
408 537 526 588 patre
556 536 703 575 melius
734 536 885 575 utetur.

169 597 226 637 Et
265 597 376 649 quod
417 610 491 649 per
533 596 654 636 fidem
693 596 905 648 parricidii
941 608 1069 648 genus
1108 595 1270 634 iuvenis
1312 593 1466 647 elegit?
1487 597 1534 634 11

78 671 292 710 venenum,
322 659 471 709 inquit,
485 659 676 709 paravit.
728 670 798 696 cur
828 670 902 708 per
931 656 1063 707 fidem,
1097 657 1132 696 si
1163 656 1314 696 sufficit
1344 657 1465 705 ferro,

78 719 237 759 facinus
274 719 513 772 adgreditur
551 719 616 758 cui
654 718 845 758 adhibere
882 718 1102 768 conscium,
1147 718 1216 757 cui
1258 719 1465 769 praestare

26 793 63 820 10
79 779 225 820 debeat
253 781 499 830 ministrum,
532 792 623 819 cum
651 780 783 818 maius
800 771 956 818 'habere
986 778 1117 829 possit
1140 778 1184 817 in
1209 778 1348 830 gladio
1372 792 1465 830 par-

78 840 209 882 ricida
239 839 466 881 secretum?
515 853 567 880 an
598 842 742 892 postea
771 840 910 879 iuveni
941 840 1141 879 succurrit
1172 839 1271 890 quid
1301 840 1467 890 possent

80 902 213 942 facere
249 914 412 951 manus,
450 903 493 941 et
528 914 571 941 se
609 902 715 941 circa
752 914 952 940 venenum
990 900 1239 951 deprehensa
1276 900 1466 939 debilitas

82 963 249 1015 collegit
278 963 321 1002 in
353 961 490 1002 vires?
537 975 669 1012 nemo,
699 961 865 1013 iudices,
896 974 1015 1001 nemo
1046 962 1176 1000 nescit
1206 961 1467 1012 quemadmo-

82 1023 179 1063 dum
218 1025 351 1075 possit
390 1023 582 1063 occidere.
643 1023 864 1073 intellexit,
907 1022 1080 1072 iudices,
1122 1034 1297 1062 noverca
1341 1034 1468 1073 quam

28 1098 64 1125 ιε
82 1085 318 1125 incredibile
364 1086 487 1134 esset,
530 1086 578 1123 ut
620 1084 826 1123 videretur
869 1096 1010 1123 caecus
1053 1096 1218 1134 parasse
1255 1096 1466 1123 venenum.

82 1147 211 1198 igitur
242 1145 392 1186 adiecit
414 1147 660 1196 temptatam
685 1157 738 1195 se,
770 1147 817 1184 ut
841 1144 946 1183 illud
969 1145 1061 1195 ipsa
1085 1145 1321 1197 porrigeret.
1373 1144 1467 1183 date

81 1220 156 1259 per
190 1206 330 1258 fidem,
372 1206 543 1256 iudices,
580 1207 761 1246 invenite
797 1206 939 1245 verba:
983 1207 1136 1244 secreto
1177 1206 1389 1257 privignus
1427 1207 1468 1244 et

83 1280 256 1307 noverca
287 1267 336 1307 de
366 1267 586 1319 parricidio
617 1268 819 1306 locuntur.
869 1267 930 1305 ita
962 1279 1004 1305 se
1035 1279 1116 1305 non
1147 1268 1269 1317 putat
1296 1268 1467 1317 uterque

85 1327 305 1380 temptari?
366 1328 465 1379 quid
508 1328 664 1378 dicitis,
706 1326 891 1367 iudices?
951 1327 1160 1366 nullumne
1203 1329 1293 1366 tota
1337 1327 1468 1376 domo,

29 1401 66 1428 zo
85 1389 194 1440 quod
225 1391 511 1440 corrumperet,
543 1389 655 1429 aliud
684 1388 888 1441 pan-icida
918 1390 1059 1439 pectus
1090 1387 1276 1428 invenit?
1325 1387 1468 1427 diffici-

83 1451 164 1490 lius
194 1450 272 1490 hoc
303 1450 441 1490 credas
474 1462 689 1499 novercae,
727 1450 762 1488 si
792 1451 833 1488 te
866 1462 891 1488 a
921 1449 1034 1488 nullo
1068 1449 1148 1488 alio
1186 1451 1304 1500 putes
1341 1449 1468 1500 impe-

84 1512 300 1550 traturum.
362 1524 443 1550 non
476 1524 571 1563 ergo
602 1510 762 1550 iuvenis
794 1510 922 1549 credit
951 1510 1027 1549 hoc
1061 1522 1198 1549 omnes
1228 1509 1343 1560 loqui
1376 1522 1468 1548 cum

84 1570 231 1623 patre?
261 1572 441 1611 omnium
466 1571 759 1611 blanditiarum
783 1572 962 1622 primum
988 1583 1073 1610 esse
1099 1569 1356 1610 sermonem?
1398 1583 1468 1610 no-

187 1789 206 1820 1
234 1796 326 1831 quo:
353 1795 430 1830 qua
453 1790 496 1819 M
598 1788 620 1820 3
648 1784 810 1820 divitiis:
838 1784 983 1820 diutius
1008 1790 1037 1819 V
1136 1788 1159 1819 4
1185 1760 1346 1820 (1ιεῖῡίΙίᾗῇ
1371 1790 1398 1819 S

88 1845 175 1870 cum
199 1834 428 1879 paupertate
454 1832 579 1879 magis
611 1842 631 1876 β
728 1838 750 1868 5
776 1828 935 1869 honore:
962 1832 1143 1868 honorem
1171 1833 1404 1870 Colbertinus
1430 1841 1468 1878 «ιτς

87 1883 148 1919 hic
171 1882 374 1919 abscissum
398 1882 533 1926 folium
558 1882 601 1917 in
625 1887 653 1917 S
753 1885 773 1917 7
799 1893 868 1928 per
892 1893 938 1918 ex
962 1881 1020 1918 fer
1044 1887 1082 1916 Β
1179 1886 1200 1918 9
1227 1881 1468 1928 adgreditur:

89 1930 140 1966 ad
164 1931 207 1966 in
231 1942 347 1978 mary.
367 1930 455 1967 add.
477 1937 500 1965 ὀ
593 1941 696 1966 eum:
724 1930 786 1966 cui
810 1937 852 1975 J,
877 1942 970 1967 corr.
990 1938 1005 1965 ι
1106 1934 1151 1966 10
1176 1930 1318 1966 maius:
1345 1930 1470 1977 magis

94 1985 151 2015 VJ
173 1981 278 2026 (corr.
299 1982 347 2026 ι),
378 1978 439 2015 vel
464 1990 600 2014 manus
625 1993 668 2014 m
767 1983 810 2014 11
846 1981 1033 2015 secretum
1065 1991 1111 2015 ex
1139 1979 1334 2015 decretum
1359 1987 1374 2013 c

90 2029 262 2074 possent:
298 2028 420 2074 possit
452 2034 508 2072 ll,
540 2039 632 2064 corr.
653 2042 695 2063 m
795 2031 839 2063 12
874 2027 1128 2074 deprehensa:
1162 2027 1397 2074 deprehendi
1430 2035 1470 2069 J,

88 2123 181 2149 corr.
202 2120 218 2147 6
278 2116 321 2148 15
347 2087 498 2148 νὶᾶθῖῗιι·
510 2119 557 2157 Β,
577 2124 669 2149 corr.
684 2119 708 2147 υ
772 2116 816 2148 16
843 2114 1073 2159 temptatam
1086 2124 1131 2148 ex
1145 2114 1375 2159 semptatam
1401 2118 1429 2147 V

91 2161 199 2197 date:
226 2173 279 2197 an
304 2160 553 2208 excogitate?
651 2165 695 2196 17
724 2171 879 2207 operam
899 2165 988 2208 post
1012 2161 1159 2197 iudices
1186 2162 1272 2197 add.
1295 2170 1317 2196 ς
1414 2161 1469 2196 in-

90 2233 233 2270 venite:
259 2233 406 2270 invenit
432 2243 451 2277 β
477 2235 582 2280 (corr.
603 2235 638 2281 ο)
713 2236 877 2270 secreto:
909 2221 1012 2270 se‘e'to
1039 2241 1082 2269 Μ
1155 2237 1199 2270 18
1226 2233 1403 2270 locuntur
1431 2240 1470 2268 τι

90 2280 297 2328 loquantur
316 2289 372 2326 113
397 2282 606 2328 loquuntur
627 2283 763 2329 reliqui
860 2284 972 2329 putet
995 2297 1053 2318 m:
1081 2284 1238 2329 putetur
1257 2289 1308 2326 Βς
1334 2284 1471 2328 putent

92 2329 294 2367 Parisinus
318 2334 436 2375 1618ς
462 2333 577 2378 putat
607 2337 745 2374 tulero
829 2335 873 2367 19
900 2331 1043 2377 teptari
1070 2340 1115 2374 αβ
1199 2335 1245 2367 20
1272 2331 1375 2377 quod
1402 2343 1469 2367 om.

91 2383 173 2413 ΒΜ
192 2390 293 2425 supr.
315 2386 381 2414 bn·
506 2384 549 2415 21
584 2390 745 2416 noverca
771 2386 807 2415 P
926 2384 971 2415 23
1005 2385 1260 2416 sermonem?:
1297 2379 1356 2415 vel
1391 2379 1471 2414 sinc

93 2426 391 2473 interrogatione
416 2442 459 2463 ιη
