1638 2560
177 105 266 147 400
604 98 863 135 EXOERPTA
888 68 1130 133 PAmsmA.

177 219 342 258 falleris.
399 216 573 255 hominis
606 215 719 253 cuius
756 213 897 252 unicus
930 213 1082 252 occisus
1115 213 1194 262 est,
1231 223 1336 250 unus
1367 210 1555 252 inimicus

178 282 247 319 est.
311 280 361 317 D.
396 291 465 317 cur
504 289 584 316 non
622 278 662 314 te
700 275 834 325 potius
874 286 997 323 quam
1026 270 1188 312 filium?
1251 272 1296 311 P.
1329 272 1378 310 ut
1407 271 1452 310 in
1481 271 1555 310 illo

177 343 390 389 utrumque
421 337 655 388 perimeres,
687 335 857 385 ideoque
889 334 959 373 ille
992 334 1144 373 occisus
1177 334 1250 382 est,
1284 333 1334 371 ut
1364 331 1556 381 viderem,

178 402 247 439 ille
273 399 427 448 fortior,
457 398 526 436 ille
560 397 629 448 qui
654 397 695 434 in
728 408 819 434 mea
850 396 978 434 morte
1009 393 1164 444 aliquid
1191 393 1348 445 egisset.
1406 392 1458 431 D.
1486 404 1556 431 our

177 475 256 499 non
283 458 446 498 ambos?
502 459 545 496 P.
568 459 663 508 quia
689 456 849 495 defendi
873 468 953 494 non
979 456 1152 506 poteras.
1204 454 1256 493 D.
1285 453 1373 504 quis
1398 465 1556 492 mecum

178 522 218 560 in
251 522 344 559 actu
376 518 515 559 stetit?
572 519 614 556 P.
648 518 805 556 facinus
838 517 893 555 sic
926 515 1179 567 disposuisti,
1213 527 1264 554 ne
1297 513 1346 553 ab
1379 514 1460 553 alio
1492 525 1556 552 co-

177 582 314 634 gnosci
345 581 488 631 posset.
547 580 598 618 D.
633 590 731 628 quos
762 579 885 617 testes
924 574 1117 617 adhibes?
1172 576 1216 614 P.
1249 575 1292 614 in
1324 575 1396 614 has
1429 586 1557 626 angu-

179 644 275 693 stias
308 641 462 679 facinus
488 638 705 688 strinxisti,
737 640 783 676 ut
815 639 891 677 soli
917 637 1103 676 adessent
1136 637 1206 686 qui
1237 636 1387 687 ageret,
1420 635 1461 674 et
1492 635 1556 674 cui

177 716 256 741 non
298 702 532 740 crederetur.
595 700 758 738 fortuna
802 700 926 738 etiam
965 697 1067 736 mihi
1106 699 1192 736 tam
1236 696 1364 736 socios
1407 695 1557 735 ademit

179 776 299 814 quam
331 774 474 801 servos.
532 761 600 799 ille
626 760 727 799 mihi
758 773 831 810 pro
858 760 1030 810 utroque
1057 760 1154 797 erat.
1211 770 1285 808 pro
1313 757 1432 796 sociis
1464 768 1554 795 san-

179 825 268 875 guis
298 823 381 872 hic,
419 835 491 872 pro
524 822 648 860 servis
680 822 882 860 tormenta
920 821 1038 859 stent.
1097 819 1148 858 D.
1182 819 1258 857 1100
1298 819 1433 856 autem
1463 829 1556 867 pro-

177 883 352 923 bationis
384 895 508 934 genus
533 884 639 921 inter
663 881 810 920 liberos
836 881 1021 931 iniquum
1048 881 1119 919 est.
1177 879 1221 918 P.
1247 878 1407 917 nullum
1439 877 1557 916 debet

179 945 307 983 videri
330 945 516 994 iniquum
542 942 649 992 quod
681 944 742 981 est
766 943 941 980 unicum.
1000 941 1052 980 D.
1084 953 1158 991 pro
1184 939 1305 978 fidem
1329 938 1556 977 hominum!

179 1005 342 1054 iudices,
379 1003 584 1042 attendite.
643 1016 712 1041 cur
744 1015 824 1041 non
854 1002 896 1040 id
928 1002 1066 1052 potius
1098 1001 1270 1052 egissem
1299 1013 1372 1050 per
1404 997 1557 1038 alium?

179 1066 222 1104 P.
256 1066 438 1115 quisquis
469 1064 653 1113 mandat,
689 1077 877 1115 magnam
916 1063 1074 1102 sceleris
1106 1062 1359 1112 voluptatem
1391 1060 1556 1099 amittit.

180 1125 258 1164 duo
303 1125 575 1164 crudelissima
620 1125 878 1163 coniunxisti:
923 1125 969 1162 ut
1013 1125 1053 1162 et
1096 1124 1142 1161 tu
1185 1122 1354 1171 faceres,
1400 1122 1440 1159 et
1484 1132 1558 1171 ego

179 1186 366 1225 viderem.
425 1186 475 1224 D.
504 1198 575 1224 cur
600 1198 679 1224 non
713 1183 933 1223 adiuvisti?
990 1197 1060 1222 cur
1085 1195 1166 1222 non
1190 1194 1467 1233 percussorem
1498 1181 1557 1218 in-

180 1245 348 1285 vasisti?
404 1247 447 1284 P.
479 1246 554 1285 hoc
585 1246 651 1284 vel
683 1245 781 1285 socii
812 1245 876 1284 vel
902 1245 1007 1283 servi
1038 1245 1217 1294 possunt.
1274 1241 1413 1291 vultis,
1444 1241 1557 1280 inva-

182 1307 291 1356 dam,
331 1305 511 1345 iudices?
574 1307 663 1356 quis
705 1306 867 1344 interim
905 1305 1111 1344 labantem
1150 1301 1347 1354 excipiet?
1404 1303 1456 1341 D.
1489 1314 1559 1340 cur

182 1368 323 1406 saltem
344 1380 425 1406 non
444 1365 655 1406 clamasti?
711 1368 754 1405 P.
777 1368 840 1405 cui
860 1368 1018 1405 animus
1039 1365 1163 1414 abest,
1184 1365 1221 1403 ei
1240 1376 1378 1403 vocem
1398 1363 1557 1414 quaeris

182 1426 347 1467 adesse?
390 1427 518 1466 filium
559 1440 693 1466 eoram
735 1429 849 1477 patre
897 1427 1075 1466 occidere
1116 1427 1313 1465 secretum
1358 1425 1436 1473 est,
1476 1424 1558 1461 tor-

180 1489 326 1527 mentis
368 1490 503 1527 autem
543 1487 747 1538 publicum
788 1487 867 1526 fiet.
925 1487 977 1525 D.
1010 1487 1212 1525 libertatis
1252 1486 1436 1536 respectu
1476 1485 1559 1522 tor-

182 1551 317 1587 menta
342 1562 420 1588 non
449 1549 604 1600 colligo.
662 1549 705 1587 P.
727 1550 849 1586 immo
875 1561 970 1587 vero
997 1547 1265 1586 conscientiae
1289 1544 1560 1595 trepidatione

184 1609 290 1659 quod
314 1611 496 1659 torqueri
514 1610 721 1647 inimic-um
741 1621 821 1647 non
847 1608 919 1647 vis.
969 1621 1070 1658 quae
1096 1609 1168 1646 tua
1190 1607 1288 1646 haee
1315 1606 1376 1645 est
1399 1602 1559 1656 pietas?

183 1670 235 1708 D.
268 1670 374 1708 malo
407 1672 447 1708 te
478 1671 564 1708 vita
596 1670 687 1707 frui.
745 1670 789 1707 P.
817 1671 932 1708 certe.
991 1669 1061 1708 sed
1086 1670 1132 1707 ut
1163 1669 1300 1707 nostro
1326 1667 1456 1717 magis
1489 1665 1558 1704 (1οψ

183 1730 266 1768 lore
307 1730 464 1768 fruaris.
523 1743 612 1768 cum
654 1729 845 1780 effeceris,
887 1731 934 1768 ut
966 1731 1119 1780 optem,
1160 1741 1241 1767 non
1277 1728 1392 1778 potes
1430 1726 1560 1777 magis

184 1792 373 1843 torquere
407 1803 528 1840 quam
565 1792 767 1828 tormenta
804 1803 962 1841 negare.
1024 1791 1076 1829 D.
1109 1788 1291 1828 misereri
1328 1787 1500 1836 debetis,
1538 1798 1560 1825 o

183 1850 348 1899 iudices,
382 1851 558 1900 corporis
585 1853 725 1901 sponte
757 1850 966 1901 perempti.
1024 1851 1068 1889 P.
1096 1850 1254 1888 animae
1282 1849 1418 1899 potius
1443 1848 1561 1885 mise-

183 1913 365 1960 reantur,
405 1910 561 1961 corpori
598 1924 678 1949 non
709 1913 890 1961 parcant.
954 1912 1007 1950 D.
1041 1910 1140 1949 adeo
1180 1909 1423 1959 composuit,
1461 1907 1560 1946 adeo

184 1971 362 2010 firmavit
397 1973 591 2021 animum,
623 1972 835 2010 tormentis
873 1984 954 2010 non
991 1971 1151 2010 diffidit.
1208 1970 1253 2009 P.
1286 1970 1487 2008 neminem
1517 1967 1560 2006 in

184 2033 395 2084 tormentis
422 2032 637 2070 comitatur
663 2033 829 2070 animus.
881 2033 924 2070 in
957 2031 1261 2082 quaestionibus
1290 2031 1451 2069 tantum
1477 2041 1561 2068 cor-

186 2105 286 2142 pora
319 2105 464 2130 sumus.
522 2093 573 2130 D.
603 2092 700 2130 adeo
728 2092 850 2131 durus
876 2094 947 2142 est,
979 2094 1028 2131 ut
1052 2106 1132 2131 non
1157 2091 1353 2130 laedatur.
1410 2090 1454 2129 P.
1482 2102 1562 2127 non

208 2301 211 2305 .
274 2259 305 2291 ,6
333 2254 542 2302 deposuisti
573 2261 634 2289 VB
741 2258 784 2289 19
812 2266 833 2290 0
859 2255 1004 2291 iudices
1032 2261 1137 2291 RVB
1241 2249 1435 2289 labentem
1461 2258 1566 2288 nm

187 2307 232 2339 20
253 2303 334 2341 cui:
363 2315 448 2338 oum
471 2309 532 2338 VB
622 2303 789 2349 quaeris:
812 2303 933 2339 credis
954 2304 1028 2339 Bu.
1117 2307 1162 2338 23
1184 2302 1340 2348 colligo:
1363 2300 1506 2347 recipio
1527 2306 1565 2336 R

187 2356 232 2387 24
259 2351 377 2396 quod:
406 2362 481 2397 qua
501 2358 606 2387 RVB
709 2353 793 2387 tua:
826 2352 936 2387 tanta
961 2359 1014 2396 ης
1040 2353 1084 2386 tu
1108 2358 1170 2387 VB
1277 2354 1322 2386 26
1348 2350 1476 2396 potest
1506 2354 1567 2383 m

187 2404 233 2436 28
259 2400 447 2446 perempti
474 2406 523 2436 P:
550 2399 744 2446 pereuntis
771 2406 875 2435 RVB
972 2404 1017 2435 30
1044 2400 1178 2435 defidit
1208 2405 1268 2435 VB

1577 770 1611 795 10

1578 1071 1612 1098 15

1578 1374 1612 1400 20

1580 1677 1614 1704 25

1580 1980 1615 2006 30
