1638 2560
175 120 262 164 326
573 117 774 154 INFAMIS
800 117 854 153 IN
878 116 1094 153 MATREM
1117 116 1135 153 I

175 233 326 274 credit?
365 246 485 284 quam
518 234 587 284 qui
618 234 774 282 narrat,
812 232 998 284 adsignat
1030 231 1130 271 alii?
1190 235 1434 272 rumor'res·
1458 232 1546 272 sine

171 296 293 344 teste,
331 296 415 334 sine
452 294 601 343 iudice,
638 306 701 333 res
733 307 779 331 ex
809 294 972 332 incertis
1011 292 1315 343 inprobissima,
1351 292 1545 346 maligna,

131 356 150 392 '7
166 356 302 394 fallax
340 356 379 394 et
416 354 557 393 similis
596 354 756 393 silentio
793 355 875 392 tuo.
939 353 1037 404 quid
1082 354 1122 392 et
1163 355 1251 404 ipse
1294 353 1343 393 de
1385 366 1545 394 rumore

163 415 352 465 -senseris,
383 416 444 454 vis
475 415 650 454 breviter
679 412 872 465 probem?
921 415 1134 454 tormentis
1167 413 1442 465 quaerendum
1469 427 1546 466 pu-

172 475 270 514 tasti
301 488 351 514 an
383 488 524 514 verum
562 475 720 514 diceret.
783 487 877 514 sane
909 475 964 513 sit
995 475 1134 524 aliqua
1165 475 1319 526 publici
1350 475 1544 515 sermonis
1583 488 1599 516 5

174 536 391 575 auctoritas
423 536 464 574 in
495 536 590 585 illis,
623 535 673 573 ad
706 548 806 585 quae
839 535 900 574 fas
933 536 994 574 est
1023 535 1166 586 populi
1198 536 1408 586 pervenire
1439 535 1545 576 noti-

172 597 282 635 tiam.
344 596 478 645 video,
510 608 580 635 cur
611 596 810 635 adulteria
841 596 1099 646 proferantur
1128 597 1173 635 in
1203 595 1381 636 fabulas:
1420 596 1545 648 expli-

163 658 314 696 cantur
355 670 427 706 per
468 658 709 707 ministeria,
760 669 832 706 per
875 657 1071 706 conscios,
1122 656 1274 696 habent
1315 658 1546 697 inconsulta

172 717 329 767 gaudia.
400 729 492 767 pars
538 717 760 767 voluptatis
803 717 964 756 videtur
1008 730 1091 757 esse
1135 718 1316 758 iactatio.
1387 718 1544 758 facinus

172 790 276 827 vero,
309 778 373 816 cui
405 778 439 815 si
464 778 524 817 fas
557 779 629 827 est,
661 779 707 816 ut
731 777 834 816 illud
859 778 1058 817 humanae
1084 779 1231 818 mentis
1258 779 1396 830 capiat
1421 778 1545 818 auda·
1565 791 1600 819 ιο

172 838 245 887 cia,
277 838 545 876 circumdatur
575 838 751 888 undique
781 851 860 877 nox
890 839 1104 889 profunda,
1137 839 1297 879 densior
1322 839 1454 892 caligo
1485 840 1544 879 te-

160 898 382 936 nebrarum
416 898 523 948 quod
554 900 740 938 nocentes
780 900 861 938 suis
896 912 1054 950 quoque
1087 900 1212 939 oculis
1244 901 1314 939 vix
1344 900 1545 951 fatentur3

171 971 250 997 non
281 971 411 1007 servo,
443 972 523 998 non
554 959 731 998 creditur
763 960 943 999 ancillae.
1008 960 1106 1011 quid
1137 961 1411 1011 internuntiis,
1447 960 1546 1012 quid

160 1031 270 1069 ropus
291 1021 350 1058 est
369 1018 630 1059 ministeriis?
659 1019 809 1059 sufficit
833 1020 991 1060 animus
1018 1021 1200 1071 duorum,
1227 1021 1403 1072 explicat
1427 1034 1544 1061 omne

160 1079 275 1118 -filius
306 1081 513 1129 materque
545 1082 751 1119 secretum.
801 1082 999 1120 incestum
1030 1083 1146 1121 tanto
1178 1082 1455 1121 incredibilius
1483 1082 1545 1122 est
1565 1094 1598 1121 15

162 1140 321 1189 ‘quanto
355 1141 394 1178 et
419 1140 465 1179 de
490 1140 562 1179 illo
588 1142 722 1191 plures
748 1142 945 1180 locuntur.
997 1155 1019 1181 ο
1046 1143 1194 1182 misera
1219 1142 1400 1182 condicio
1427 1155 1543 1182 sexus

171 1201 281 1239 cuius
318 1201 429 1250 ipsae
467 1201 702 1251 plerumque
734 1203 904 1241 virtutes
943 1202 1101 1242 fabulas
1141 1205 1299 1255 parant.
1363 1216 1434 1243 cur
1463 1204 1544 1243 ista

167 1260 291 1299 nullis
334 1260 376 1298 in
419 1261 626 1310 publicum
670 1262 819 1313 gaudet
863 1262 1116 1314 egressibus?
1178 1263 1285 1303 unde
1331 1264 1545 1304 adversum

160 1333 303 1359 vomnes
329 1322 414 1360 tam
438 1322 571 1373 rigida
597 1324 860 1372 conversatio,
885 1326 972 1362 tam
997 1337 1158 1364 severus
1185 1323 1406 1364 adfectus?v
1439 1325 1544 1364 nihil

157 1382 430 1431 concupiscit,
472 1382 573 1420 nihil
611 1396 705 1434 ergo
745 1383 972 1423 desiderat?
1034 1384 1142 1425 filius
1179 1385 1359 1436 possidet
1400 1386 1544 1425 cuncta
1562 1397 1599 1424 ao

158 1442 366 1491 tempora,
404 1442 611 1482 universos
651 1446 863 1494 occupavit
902 1445 1102 1496 adfectus,
1140 1445 1248 1486 filius
1279 1445 1423 1485 matris
1454 1447 1544 1485 tota

168 1502 333 1541 iactatio
366 1504 435 1540 est.
486 1516 595 1555 rogo,
627 1505 822 1555 numquid
849 1505 1083 1545 adamavit?
1145 1506 1245 1545 mihi
1271 1507 1432 1556 credite,
1463 1519 1544 1546 non

160 1563 231 1601 ‚est
267 1562 530 1601 nefandorum
573 1565 652 1603 ista
696 1565 944 1615 simplicitas.
1008 1566 1078 1616 da,
1117 1568 1165 1606 ut
1208 1567 1262 1607 sit
1298 1567 1398 1607 haec
1437 1568 1545 1606 inter

169 1624 340 1661 matrem
370 1635 417 1661 ac
448 1623 576 1662 filium
608 1626 870 1676 conscientia,
908 1630 1075 1676 parcent
1107 1628 1254 1667 osculis
1284 1628 1440 1678 palam,
1475 1627 1544 1666 ab-

170 1682 373 1721 stinebunt
399 1696 533 1723 coram
557 1686 672 1734 patre
699 1686 981 1737 complexibus,
1011 1689 1140 1727 omnis
1167 1688 1425 1728 familiaritas
1450 1687 1543 1727 sub·
1563 1699 1598 1727 25

158 1743 388 1794 >stringetur
423 1744 467 1782 in
504 1745 684 1795 publico,
724 1759 941 1797 sermones,
975 1761 1160 1788 occursus
1199 1762 1334 1788 coram
1372 1749 1542 1788 servulis

164 1802 402 1853 libertisque
428 1804 625 1855 vitabunt,
659 1808 698 1845 et
728 1807 893 1846 maximi
926 1809 1084 1848 sceleris
1111 1810 1231 1848 ardor
1260 1809 1442 1860 captabit
1474 1809 1543 1848 ad-

121 1861 145 1898 8
170 1863 320 1902 fectare
352 1865 605 1914 gravitatem.
669 1866 782 1918 elige,
813 1869 1015 1918 parricida
1048 1870 1155 1920 quod
1186 1870 1315 1920 voles,
1345 1870 1543 1909 incestum

168 1922 338 1974 diligens
371 1926 599 1974 suspectum
631 1940 710 1965 non
743 1928 830 1978 erit,
863 1930 1077 1981 neglegens
1110 1930 1432 1981 deprehenditur.

266 2018 284 2049 1
312 2014 377 2060 qui
403 2026 470 2051 om.
493 2022 542 2060 Μ,
567 2028 670 2062 supr.
691 2032 733 2052 m
829 2030 956 2055 rumor
980 2031 1055 2056 res:
1083 2023 1214 2058 rumde
1240 2022 1296 2069 (in
1314 2033 1430 2068 τηαν-9.
1449 2021 1483 2067 r)
1504 2026 1548 2056 Μ

168 2089 189 2121 2
209 2085 335 2122 indice
354 2093 423 2121 BV
498 2092 518 2122 3
539 2088 642 2125 salax
662 2096 704 2124 M
775 2094 796 2125 4
816 2079 968 2138 puniti}
987 2094 1018 2138 (s
1039 2095 1101 2140 er.)
1123 2100 1166 2129 M
1236 2098 1257 2130 ὅ
1277 2093 1434 2140 publica
1456 2093 1541 2130 Obr.

169 2138 188 2169 6
214 2134 359 2170 notiam
386 2142 429 2170 M
509 2140 527 2171 7
554 2137 638 2173 vide
658 2138 737 2174 Seh.
823 2140 1061 2185 proferentur
1089 2149 1117 2176 V
1197 2142 1346 2178 febulas
1372 2147 1423 2187 Μ,
1449 2152 1542 2178 corr.

166 2197 210 2217 m
309 2186 352 2218 10
386 2183 418 2218 si
443 2195 510 2220 om.
538 2191 566 2219 V
675 2186 772 2222 illud
799 2188 848 2222 ad
873 2187 1061 2225 humanae
1086 2197 1116 2225 V
1227 2190 1346 2237 capiti
1372 2190 1421 2226 ad
1452 2196 1482 2225 V

169 2234 211 2272 1.1
239 2243 366 2277 unque
392 2238 441 2277 Μ,
469 2233 508 2267 di
533 2245 633 2279 supr.
653 2249 695 2269 m
804 2238 847 2270 13
882 2237 1002 2272 credit
1026 2245 1054 2272 V
1156 2243 1199 2275 15
1228 2238 1416 2275 incertum
1439 2244 1478 2274 Β

155 2295 213 2340 717
239 2280 396 2328 virtutes
427 2299 464 2327 Β
562 2298 605 2329 18
632 2295 811 2330 adversus
832 2302 875 2330 Μ
946 2301 989 2332 19
1016 2298 1135 2353 nichil
1157 2306 1194 2334 Β
1267 2303 1312 2335 22
1338 2298 1541 2344 numquid:

155 2375 242 2399 *non
268 2364 361 2410 quid
381 2371 418 2400 P
531 2370 576 2401 24
603 2377 664 2403 ac:
692 2368 730 2402 et
755 2375 782 2402 <r
901 2372 945 2404 25
974 2359 1067 2405 omIS
1086 2377 1124 2406 B
1239 2375 1284 2407 27
1311 2371 1483 2417 captavit
1506 2376 1545 2408 Β

168 2415 212 2448 28
239 2412 354 2459 elige:
381 2413 469 2460 flige
495 2422 514 2457 β
613 2418 656 2450 29
684 2417 880 2461 suspectus
906 2423 966 2460 Μβ
1065 2419 1369 2465 deprehendetur
1394 2428 1413 2462 β
