1638 2560
428 115 845 154 DECLAMATIONES
869 116 1070 154 vl—Vm.
1353 117 1443 161 365

58 230 147 271 vidi
174 230 306 271 filium
334 244 471 273 meum
499 232 581 271 mei
612 244 735 272 causa
771 231 962 272 occidere.
1018 233 1144 272 variis
1174 245 1240 272 me
1270 231 1446 285 affligite

56 293 271 340 tormenfis
300 293 344 332 et
371 292 525 342 videte,
561 293 598 332 si
627 293 796 332 verbum
825 294 1048 333 mutavero.
1105 306 1202 332 nam
1231 294 1309 333 hoe
1340 293 1444 333 alias

56 352 230 404 probate
269 365 352 392 non
393 364 570 404 possum
625 353 750 393 donec
789 354 975 405 probem,
1013 355 1203 404 torquete
1245 355 1444 404 tanquam

57 414 331 454 mentientem.
385 413 463 463 lex,
492 413 639 465 inquit,
669 414 843 454 liberum
869 414 1074 454 hominem
1104 416 1288 465 torqueri
1317 415 1442 454 vetat.

21 488 40 515 5
58 487 133 525 per
160 473 293 524 fidem,
324 486 348 514 ο
378 473 544 524 iudiees,
576 475 667 525 quis
697 488 780 514 non
803 475 880 514 hoc
910 488 1003 514 eum
1032 475 1274 527 respondere
1305 475 1445 515 credat

57 536 173 574 cuius
204 535 410 574 tormenta
438 537 671 586 poscuntur.
718 536 871 575 nemini
900 535 1091 575 videlicet
1122 536 1239 575 credo
1271 535 1444 575 dubium

56 595 189 648 legem
208 595 318 646 quod
333 596 518 646 torqueri
535 595 708 635 liberum
726 596 930 635 hominem
945 598 1081 649 negat,
1098 597 1175 636 hoc
1189 597 1442 648 prospexisse

56 657 237 705 tantum,
273 669 324 695 ne
355 657 446 707 quis
476 658 736 707 torqueretur
764 657 937 707 invitus,
973 659 1016 696 et
1054 658 1144 696 iura
1176 670 1280 708 quae
1311 670 1385 697 nos
1418 670 1443 697 a

56 716 267 756 servilium
290 729 505 768 corporum
529 717 763 757 condicione
788 719 1012 768 secernunt,
1042 719 1326 770 impatientiae
1350 720 1442 758 tan-

0 791 39 818 ιο
57 778 147 816 tum
194 778 436 817 succurrisse
486 778 722 817 nolentium.
797 780 979 818 omnium
1026 778 1312 818 beneficiorum
1360 780 1443 819 ista

56 839 206 877 natura
235 838 314 887 est,
351 839 400 877 ut
434 851 517 877 non
546 839 601 877 sit
630 840 847 879 necessitas
884 839 955 879 sed
990 841 1182 891 potestas.
1239 839 1442 879 crudelius

57 899 195 937 autem
225 900 288 938 est
317 899 359 937 et
386 898 594 951 indignius
626 912 748 949 quam
772 900 967 950 torqueri,
998 913 1080 940 non
1110 900 1330 952 impetrare
1358 901 1443 939 tor·

56 960 205 998 menta.
255 960 371 1011 exigo
391 960 679 1010 quaestionem,
697 961 742 999 in
761 973 842 1010 qua
861 961 961 1011 quid
978 960 1160 1001 dicturus
1179 961 1270 1010 sim,
1293 962 1443 1011 nescio,

57 1018 158 1070 quid
195 1019 363 1059 debeam
401 1019 551 1070 dicere,
590 1020 688 1059 vidi.
750 1034 832 1060 non
870 1022 1052 1070 invenio,
1093 1034 1117 1060 o
1156 1021 1328 1071 iudices,
1369 1034 1443 1061 cur

0 1093 38 1120 15
56 1081 203 1119 renuat
230 1079 343 1120 dives
376 1081 670 1131 quaesfionem,
707 1083 925 1132 postquam
964 1083 1181 1133 supersunt
1218 1082 1350 1122 adhuc
1379 1084 1441 1121 in-

56 1141 167 1180 certa
197 1153 246 1180 ac
285 1140 419 1180 dubia.
480 1141 637 1181 facinus
675 1144 736 1181 est
771 1144 909 1182 tamen
945 1156 1010 1182 me
1049 1156 1131 1182 non
1164 1144 1366 1194 torqueri,
1405 1144 1441 1183 si

55 1201 157 1240 mihi
185 1202 295 1241 torto
326 1202 470 1252 utique
501 1202 742 1241 credendum
773 1204 845 1243 est.
901 1204 1104 1255 cogitasti,
1135 1217 1159 1242 ο
1192 1204 1316 1252 dives,
1348 1217 1441 1243 cum

55 1261 204 1311 filium,
240 1274 323 1301 non
357 1263 518 1313 patrem
555 1263 757 1313 occidisti,
789 1264 888 1314 quid
924 1263 1026 1303 mihi
1062 1276 1155 1303 cum
1191 1264 1440 1314 vulneribus,

57 1321 156 1372 quid
179 1335 271 1362 cum
295 1335 435 1362 cruore
454 1326 715 1374 consumptae
741 1325 783 1363 et
805 1325 889 1363 iam
906 1337 1035 1375 paene
1055 1324 1241 1365 abeuntis
1267 1326 1439 1364 animae.

1 1395 39 1422 so
56 1382 265 1422 occidatur
292 1385 429 1434 pofius
468 1384 539 1423 ille
574 1385 659 1423 iam
689 1385 863 1434 iuvenis,
903 1387 987 1424 iam
1017 1386 1224 1435 inimicus,
1266 1385 1314 1424 de
1347 1399 1440 1425 sene

56 1442 315 1483 vindicabitis
346 1457 427 1493 me,
458 1445 566 1483 oculi
602 1445 742 1496 patris.
805 1446 962 1485 seivisfi
997 1447 1040 1485 et
1072 1446 1197 1496 quod,
1235 1447 1271 1486 si
1300 1447 1344 1485 in
1375 1459 1439 1485 me

55 1516 211 1554 rueres,
249 1504 335 1555 ipse
364 1504 553 1544 robustus
593 1518 658 1544 me
687 1507 887 1555 iuvasset‚
925 1519 999 1558 ego
1038 1508 1175 1546 autem
1206 1519 1326 1546 senex
1357 1519 1439 1546 non

55 1563 200 1615 ipsum
236 1565 321 1604 iam
340 1578 460 1617 nunc,
478 1578 502 1604 o
520 1565 685 1615 iudices,
702 1566 983 1606 infirmitatem
1001 1580 1135 1606 meam
1160 1568 1306 1620 allego,
1332 1580 1440 1607 com·

55 1624 218 1674 mendo,
255 1626 292 1665 si
321 1639 385 1664 me
422 1626 527 1665 forte
559 1626 724 1678 flagella
754 1629 1024 1677 mutaverint,
1066 1641 1141 1680 ego
1172 1630 1311 1667 tamen
1341 1628 1439 1678 vidi,

1 1698 37 1724 25
57 1685 92 1725 si
122 1698 262 1725 vocem
285 1687 329 1725 in
360 1687 506 1726 eculeis
534 1687 775 1739 ignibusque
809 1688 1035 1738 perdidero,
1066 1701 1140 1741 ego
1172 1690 1310 1728 tamen
1340 1689 1437 1727 vidi.

436 1830 548 1870 Vm.
581 1830 734 1871 Gmmu
765 1845 1049 1873 LANGvnans.

145 1913 436 1965 Aryume‘ntwm
465 1928 501 1955 v.
519 1929 565 1965 p.
594 1918 692 1962 146,
718 1919 758 1956 3.

146 1975 293 2026 Minus,
318 1989 341 2015 o
361 1975 524 2025 iudices,
548 1978 696 2017 misera
721 1980 956 2028 quereretur
980 1979 1029 2018 de
1053 1981 1215 2029 marito,
1241 1980 1276 2018 si
1301 1981 1438 2019 sanari

57 2048 130 2075 nee
159 2036 231 2076 ille
261 2038 471 2087 potuisset,
502 2050 576 2087 pro
602 2050 683 2088 quo
710 2040 771 2077 est
795 2039 923 2078 frater
947 2039 1111 2080 occisus.
1168 2053 1274 2080 nunc
1301 2042 1438 2079 autem

2 2109 39 2136 so
56 2096 197 2135 infelix
222 2110 303 2136 non
327 2097 484 2136 invenit
509 2098 592 2137 ulla
617 2099 777 2149 solacia,
805 2112 853 2138 ex
878 2113 957 2150 quo
982 2100 1061 2140 sibi
1084 2101 1290 2140 videretur
1307 2101 1439 2140 filium

56 2157 277 2207 perdidisse
308 2158 521 2198 victurum.
577 2172 650 2198 nec
683 2172 754 2198 vos
779 2163 942 2199 moveat
965 2161 1075 2212 quod
1097 2175 1189 2200 reus
1213 2161 1301 2212 pati
1327 2161 1437 2200 vide-

56 2219 126 2256 tur
156 2231 203 2256 ex
228 2218 402 2258 orbitate
426 2219 684 2271 tantundem3
714 2233 792 2259 nou
826 2222 934 2260 enim
958 2222 1137 2272 perdidit
1166 2221 1297 2261 filium
1329 2223 1435 2272 quis-

58 2278 148 2328 quis
173 2279 330 2318 occidit.
380 2281 564 2318 materna
588 2281 719 2330 pietas
743 2282 954 2332 utriusque
977 2279 1211 2334 salute<m>
1236 2283 1438 2333 sperabat,

179 2420 199 2452 7
225 2420 338 2454 necat
364 2424 406 2453 Μ
501 2423 546 2454 22
573 2418 762 2456 invassem
788 2427 831 2456 Μ
