1638 2560
521 108 843 146 DECLAMATIO
867 108 904 145 11
924 113 1067 145 11-13
1427 109 1483 152 31

101 220 228 264 num’.
278 224 469 277 exiguum
495 227 793 277 argumentum,
824 237 1009 275 noverca,
1035 224 1084 264 de
1109 237 1261 277 magna
1284 224 1486 264 facilitate

100 285 246 326 fecisti.
307 298 390 325 11011
426 298 591 326 accusas
629 298 810 336 caecum,
847 286 918 325 sed
955 285 1145 325 ostendis.
1206 286 1331 325 homo*
1366 299 1486 337 expo-

100 345 205 386 situs
241 345 293 385 ad
332 358 492 386 omnem
530 348 798 397 occasionem,
837 347 889 386 ad
926 359 1044 386 omne
1082 346 1321 397 ludibrium,
1364 360 1484 398 quem

99 409 249 457 tactus,
281 420 402 458 quem
430 407 616 459 proxima
642 420 827 459 quaeque
852 407 1073 459 decipiunt,
1106 408 1205 459 quid
1234 407 1361 447 refert
1386 407 1485 458 quid

61 481 82 510 5
98 468 144 507 in
174 467 267 508 sinu
297 468 458 518 habeat,
487 468 560 508 ille
593 482 711 519 quem
738 469 1035 520 deprehendere
1066 469 1198 520 possis
1230 469 1393 519 qualem
1422 483 1483 508 10-

98 527 290 580 linquas?
338 541 365 568 a
383 542 464 580 quo
488 529 609 568 modo
634 542 808 569 noverca
832 530 1016 582 digressa
1041 532 1114 580 est,
1139 530 1253 569 cuius
1278 529 1485 569 ordinavit

97 591 250 638 vestes,
285 590 427 658 tetigit
459 590 590 641 sinus,
626 590 808 630 membra
840 590 1084 642 composuit,
1115 604 1316 630 venenum
1347 593 1484 641 potest

96 650 258 701 habere,
289 650 358 701 sic,
389 652 438 690 ut
466 651 634 701 nesciat,
664 654 801 703 potest
832 653 901 701 sic,
933 654 980 691 ut
1011 652 1124 691 aliud
1155 653 1283 703 putet.
1333 653 1369 691 si
1399 665 1482 691 me-

96 711 259 751 hercule
295 712 492 763 volueris,
535 713 691 751 tenebit
730 714 771 752 te
809 713 965 764 palam,
1010 714 1044 752 si
1080 713 1265 762 iusseris,
1310 713 1483 763 accipiet

43 785 80 812 111
98 784 235 812 coram
265 773 454 823 servulis,
492 786 628 812 coram
662 773 820 824 amicis,
858 776 918 823 et,
950 775 986 813 si
1016 787 1216 813 venenum
1245 787 1328 813 11011
1359 773 1481 823 dices,

95 833 276 883 hauriet,
311 833 436 873 bibet
498 834 612 874 nullo
651 836 801 886 magis,
844 834 1018 885 iudices,
1062 836 1302 887 argumento
1345 836 1481 886 potest

96 894 328 933 innocentia
366 894 574 934 caecitatis
605 895 808 947 intellegi,
847 908 970 946 quam
1001 896 1110 946 quod
1139 896 1303 935 videtur
1340 895 1481 946 depre-

94 954 243 994 hensus
273 954 441 995 iuvenis
492 956 528 994 si
551 956 756 1006 parricida
781 958 843 995 est
868 958 910 995 et
935 956 1172 1007 exquiritur,
1203 957 1308 996 hanc
1334 957 1480 996 saltem

95 1015 175 1055 sibi
204 1015 432 1067 praestabit
462 1016 838 1068 dissimulationem,
870 1030 920 1056 110
952 1019 1090 1056 teneat
1120 1031 1332 1057 venenum

40 1089 76 1116 15
185 1076 412 1127 Neminem,
442 1077 609 1128 iudices,
644 1077 762 1117 credo
793 1079 946 1127 mirari,
979 1078 1088 1129 quod
1118 1079 1276 1118 iuvenis
1306 1080 1479 1118 interro·

94 1139 216 1189 gatus
247 1138 315 1176 cui
345 1140 540 1189 parasset,
571 1138 696 1178 verba
726 1151 807 1178 non
838 1139 993 1178 habuit.
1049 1152 1132 1179 non
1163 1140 1242 1178 fuit
1272 1139 1377 1178 illud
1406 1152 1478 1190 pa·

92 1199 169 1237 tris
199 1197 448 1250 indignaffio,
484 1212 566 1239 non
597 1199 680 1239 fuit
710 1199 836 1250 dolor,
874 1213 1074 1239 venenum
1103 1201 1263 1239 iuvenis
1303 1200 1476 1252 expavit.

93 1259 284 1298 auferunt
320 1259 436 1299 nobis
468 1273 606 1299 vocem
644 1273 748 1311 quae
785 1261 873 1300 fieri
910 1274 1029 1312 posse
1066 1275 1148 1301 11011
1180 1261 1397 1311 credimus,
1437 1263 1478 1300 et

93 1319 301 1359 silentium
339 1322 401 1360 est
438 1321 655 1361 admiratio
693 1321 829 1361 subita
866 1323 1115 1362 miscrorum.
1178 1324 1307 1362 nescit
1343 1324 1477 1362 tacere

38 1393 75 1420 20
93 1379 434 1431 deprehensorum
476 1382 672 1421 scelerum
714 1382 953 1433 trepidatio,
998 1385 1039 1422 et
1082 1383 1224 1423 statim
1266 1383 1478 1434 respondit

90 1441 166 1480 illa
202 1454 296 1481 cum
333 1454 405 1481 suo
443 1443 522 1482 sibi
553 1443 701 1482 scelere
739 1445 885 1494 parata
917 1443 1116 1483 defensio:
1154 1447 1288 1483 tacere
1314 1444 1475 1483 facilius

92 1504 154 1541 est
190 1502 367 1553 deceptis
407 1516 529 1554 quam
565 1504 836 1554 deprehensis.
900 1505 1015 1555 quid,
1052 1518 1126 1556 per
1162 1504 1300 1554 fidem,
1343 1505 1475 1544 facere

91 1563 218 1602 vultis
248 1564 435 1603 iuvenem
467 1577 586 1614 quem
612 1565 661 1603 de
692 1565 912 1615 parricidio
945 1567 1120 1605 consulit
1150 1568 1268 1616 pater
1297 1566 1368 1605 ille
1394 1578 1474 1605 ser·

91 1622 242 1663 vatus?
301 1625 428 1663 miror
457 1625 618 1664 hercule
649 1638 731 1665 non
764 1625 930 1665 dixisse:
970 1623 1147 1676 ‘volui,
1191 1639 1291 1666 sum
1331 1640 1474 1666 vene-

36 1695 72 1724 25
91 1683 240 1734 ficus,
278 1697 379 1724 sum
413 1683 701 1736 parricida'.
764 1689 806 1726 et
835 1687 1033 1726 invidiam
1068 1690 1275 1738 putarem,
1314 1689 1350 1727 si
1381 1700 1474 1727 con-

89 1743 220 1784 fessus
265 1747 380 1785 esset-
443 1746 543 1786 bene
594 1747 702 1797 quod
751 1748 881 1787 nescit
928 1749 1090 1787 iuvenis
1134 1748 1474 1799 quemadmodum

89 1805 355 1857 parricidium
391 1809 513 1859 neget
543 1820 674 1859 neque
704 1808 827 1848 habet
857 1809 932 1848 illa
964 1809 1305 1860 deprehensorum
1341 1809 1473 1848 multa

187 1962 206 1994 1
234 1957 442 1995 facilitate.
468 1958 528 1994 vel
553 1959 739 1996 facultate
764 1976 807 1996 u·
882 1965 902 1996 2
929 1961 1117 1997 ostendis:
1143 1961 1204 1997 vel
1230 1962 1404 1997 defendis
1430 1976 1472 1997 ιη

89 2034 111 2066 5
136 2030 256 2067 habet
279 2037 309 2066 r
377 2035 398 2067 e
424 2007 501 2079 {ab
525 2039 564 2068 B
660 2037 681 2069 8
708 2033 762 2069 sic
786 2035 832 2070 ut
856 2034 981 2070 aliud:
1008 2034 1063 2070 sic
1089 2034 1196 2070 aliud
1222 2041 1266 2070 1ι
1341 2036 1470 2081 putet:

87 2080 203 2125 pavet
226 2086 309 2124 BV;
334 2082 449 2126 putat
474 2087 501 2116 S
600 2084 621 2117 9
646 2082 811 2118 voluerit
835 2089 923 2125 Bt'y
1010 2083 1177 2129 accipiet
1201 2095 1247 2119 ex
1272 2083 1347 2119 -iat
1371 2089 1398 2118 S

90 2131 136 2163 10
161 2139 348 2164 venenum
367 2140 445 2165 non
465 2130 568 2166 dices
587 2139 646 2173 βγε
673 2131 770 2167 110110
793 2143 933 2168 110111οῐ1
952 2131 1099 2168 diceres
1119 2147 1160 2178 ας
1186 2143 1375 2168 venenum
1394 2144 1470 2168 non

1118 2182 1161 2216 ta

88 2203 234 2249 diceres
260 2221 288 2249 <r
390 2218 433 2249 11
460 2214 633 2251 hauriret
657 2215 807 2252 biberet
830 2223 864 2252 J
967 2221 1010 2252 12
1037 2218 1169 2253 cecitis
1201 2224 1230 2251 V
1321 2217 1469 2253 iuvenis

88 2273 346 2320 deprehensus
378 2284 398 2318 β
522 2279 567 2311 16
599 2287 675 2312 11011
707 2276 861 2314 habuit:
897 2267 973 2313 non
1004 2277 1143 2313 habuit
1175 2284 1213 2312 B
1334 2281 1380 2313 20
1411 2288 1469 2313 10-

87 2322 252 2367 spondet
270 2329 368 2358 nsc
438 2327 482 2359 21
511 2324 592 2360 def.
602 2324 717 2360 fessio
742 2332 796 2370 133
822 2325 1014 2374 defensssio
1040 2333 1069 2361 v
1138 2330 1183 2362 23
1209 2325 1326 2361 vultis
1352 2338 1420 2362 om.
1446 2332 1475 2360 V

87 2373 134 2404 25
158 2370 362 2407 invidiam.
392 2372 455 2408 vel
479 2372 788 2420 indignationem
813 2386 915 2420 supr.
935 2389 978 2410 m
1076 2379 1122 2410 26
1150 2375 1269 2421 quod:
1299 2374 1359 2410 vel
1386 2374 1468 2420 qui-

87 2417 175 2454 dem
198 2433 242 2454 u·
340 2423 384 2455 27
412 2420 557 2457 habent
582 2437 618 2466 α,
648 2422 723 2469 (101
746 2422 882 2467 habet,
909 2423 1012 2469 quod
1038 2423 1175 2460 melius
1201 2424 1260 2459 est
1283 2435 1385 2469 supr.
1412 2424 1467 2468 m)
