1638 2560
527 114 845 151 DECLAMATIO
870 114 942 150 m»
962 119 1066 151 2-4.
1435 115 1490 158 61

109 231 280 271 militiae
308 230 517 280 plenitudo
549 233 743 280 quantum
779 233 863 270 tum
893 231 1093 270 dedecoris
1124 231 1346 270 Marianus
1379 231 1493 270 miles

112 292 255 332 castris
289 291 485 337 intulerit,
525 294 718 340 quantum
755 294 839 330 tum
874 292 1071 341 infuderit
1102 291 1313 341 paludatis
1350 302 1491 340 oppro-

114 353 258 392 brium.
300 353 347 391 in
370 352 522 391 tribuni
545 355 668 391 morte
691 353 880 392 militaris
898 354 1024 402 periit
1045 354 1226 403 yravitas
1245 353 1493 401 disciplinae,

114 425 228 463 quem
263 413 376 452 miles
411 413 697 452 insanissimus
727 425 769 452 se
797 415 1014 462 peremisse
1041 414 1251 463 yloriatur,
1281 413 1495 462 praedicat

78 487 96 514 5
115 477 152 514 et
180 473 339 514 enatat.
399 473 512 512 miles
542 476 641 513 certe
677 486 792 523 quem
821 475 991 514 viriliter
1020 475 1207 514 hactenus
1239 474 1335 523 quid
1372 475 1494 524 eyisse

113 545 196 575 mm
219 536 277 574 est
299 535 368 584 qwi
391 534 546 580 viderit,
564 535 689 581 miles,
713 536 891 584 inquam,
914 535 1064 575 civibus
1091 538 1127 574 et
1142 535 1340 584 praelatis
1364 536 1494 584 mayis

112 594 344 635 metuendus·
379 607 500 644 quam
539 596 735 643 hostibus,·
774 608 889 645 quem
924 597 1099 645 profecto
1139 597 1176 635 si
1215 596 1381 635 dimittis
1421 597 1495 634 im-

106 657 311 706 punitwm,
340 656 465 695 simili
496 658 638 695 ceteros
670 658 882 705 emposuisti
905 657 1099 706 periculo.
1154 657 1242 696 ideo
1266 654 1494 706 personalis

113 718 307 766 iniquitas
340 718 459 766 ⁸oravi
496 719 552 756 est
587 717 932 757 animadversione
970 718 1170 767 ferienda,
1210 729 1260 757 ne
1296 717 1495 767 yeneralis

59 790 97 817 10
115 778 250 817 veniat
277 779 323 816 im
354 778 583 826 exemplum.

205 837 252 878 Si
282 839 371 887 quis
406 850 560 878 sumere
592 839 678 878 vult
713 839 931 888 eoeemplum
968 839 1015 878 de
1051 839 1209 885 scelere,
1239 840 1493 888 pertimescat
1517 840 1543 878 4

109 910 284 948 poenam
308 898 356 938 de
379 899 470 948 leqe.
515 899 745 939 luxuriosus
763 900 875 939 miles
894 900 1131 939 tribuniciae
1148 901 1355 949 potestatis
1376 911 1494 948 prae-

114 959 241 999 sulem
279 962 315 999 et
348 961 584 1009 maqistrum
622 963 657 1000 et
696 961 836 1000 occidit
873 962 1100 1006 innoxium,
1142 963 1175 1000 et
1216 961 1495 1000 abominabilis

114 1020 387 1070 impudicitiae
411 1022 648 1060 criminatur
672 1023 864 1069 occisum;
894 1034 1007 1071 quem
1037 1025 1198 1061 senatus
1229 1022 1351 1071 eleqit,
1383 1033 1496 1070 quem

62 1093 98 1120 15
116 1081 180 1120 hic
211 1082 399 1120 exercitus
430 1082 508 1120 sibi
537 1082 663 1121 voluit
693 1085 729 1121 et
756 1084 939 1131 poposcit
968 1083 1151 1122 ordinari
1183 1083 1399 1121 tribunum
1463 1084 1498 1121 et

116 1153 207 1182 eum
236 1153 342 1180 mors
372 1142 496 1181 soleat
524 1143 723 1181 malorum
754 1155 835 1182 esse
865 1145 1100 1189 novissima,
1135 1146 1334 1182 mortuum
1366 1146 1496 1182 tamen

115 1202 221 1242 male
250 1202 379 1242 dicaci
409 1203 521 1242 dente
557 1203 855 1243 crudelissimus
885 1205 997 1244 miles
1031 1204 1297 1244 indesinenter
1326 1204 1433 1243 rodit
1463 1206 1498 1243 et

116 1263 276 1303 lacerat.
324 1263 394 1303 sed
424 1264 614 1313 quomodo
638 1265 887 1314 respondebit
909 1266 976 1304 illc
999 1268 1093 1314 post
1116 1265 1305 1304 mortem?
1354 1265 1496 1314 quibus

116 1324 246 1363 verbis
289 1324 436 1363 obiecta
477 1325 627 1374 refellet
668 1327 846 1365 convicia
889 1326 937 1365 de
979 1326 1211 1375 sepulchro?
1274 1328 1368 1375 ayat
1408 1336 1496 1374 erqo

64 1396 100 1423 zo
118 1384 305 1424 Romana
334 1386 468 1434 pietas
505 1387 541 1424 et
574 1388 769 1435 suscipiat
805 1399 969 1426 causam
1007 1388 1091 1426 eius
1122 1388 1236 1426 cuius
1273 1388 1357 1435 ipse
1395 1387 1497 1425 vices

116 1457 271 1494 semper
295 1447 382 1495 eyit,
407 1445 501 1484 dwm
521 1447 677 1485 viveret.
725 1458 808 1486 non
833 1450 889 1486 est
911 1447 1109 1493 idoneum,
1133 1459 1214 1485 non
1240 1450 1296 1486 est
1320 1446 1497 1496 diqnum,

117 1508 164 1545 ut
192 1507 295 1545 inter
324 1518 470 1545 manus
500 1509 651 1546 vestras
683 1509 767 1546 eius
799 1520 922 1547 causa
954 1520 1090 1547 casum
1122 1510 1193 1546 aut
1223 1508 1498 1547 detrimentum

118 1568 312 1606 sustineat
348 1569 461 1606 cuius
498 1569 622 1606 vitam
658 1569 762 1607 inter
792 1580 860 1607 vos
893 1569 1172 1608 miserabiliter
1209 1568 1394 1608 occidisse
1424 1569 1498 1607 mi-

118 1627 368 1666 sericorditer
391 1627 615 1676 deploratis.
668 1631 703 1668 et
726 1632 857 1668 tamen
881 1631 1010 1679 mayis
1034 1630 1129 1668 haec
1154 1631 1254 1668 actio
1280 1630 1498 1668 communis

66 1699 102 1726 25
120 1689 297 1727 omnium
334 1689 535 1726 hominum
574 1700 655 1728 esse
685 1690 803 1729 debet.
864 1702 946 1729 non
977 1693 1033 1729 est
1061 1692 1228 1729 mortuis
1257 1691 1499 1738 profutura:

119 1749 302 1787 vivorum
331 1748 405 1787 hac
436 1748 660 1798 defensione
690 1752 892 1790 securitati
915 1752 1164 1800 prospicitur
1188 1754 1224 1790 et
1246 1751 1380 1789 saluti.
1431 1750 1499 1789 sed

121 1808 176 1848 ad
209 1810 451 1858 yrassatoris
487 1810 608 1848 huius
644 1812 764 1850 verba
799 1812 1012 1860 specialius
1048 1811 1284 1851 recensenda
1319 1811 1499 1860 linquam

121 1869 169 1908 de
207 1872 327 1908 cetero
370 1873 654 1909 convertamus.
715 1873 760 1911 in
802 1873 947 1918 medio,
990 1874 1136 1921 inquit,
1183 1871 1370 1912 Cimbrici
1409 1872 1499 1910 belli

121 1932 286 1979 strepitu
322 1931 404 1969 vim
439 1932 590 1980 inferre
619 1932 759 1978 voluit,
796 1945 846 1972 ne
877 1933 973 1982 quid
1005 1934 1119 1972 aliud
1150 1933 1298 1978 dicam,
1330 1933 1498 1981 fortiori.

66 2002 104 2030 zo
122 2002 144 2029 o
175 1991 295 2029 verba
325 1993 407 2030 tam
444 1993 613 2041 confusa
649 2005 769 2042 quam
801 1994 985 2033 dissona!
1047 1994 1158 2033 miles
1197 1996 1377 2032 armatus
1416 1995 1501 2032 erat

222 2133 240 2164 1
266 2129 449 2166 mal-ism?
474 2134 520 2165 N
596 2135 616 2166 2
644 2134 845 2178 quantum.
873 2133 975 2179 quod
1001 2139 1045 2168 Μ
1115 2137 1135 2168 6
1162 2133 1301 2179 magis:
1329 2132 1438 2179 niger
1464 2137 1507 2167 Υ

126 2180 147 2213 9
174 2177 348 2213 sarienda
374 2183 419 2214 N
535 2183 579 2215 10
604 2180 661 2216 in:
687 2180 740 2215 im
766 2187 810 2216 Μ
930 2185 973 2216 12
999 2181 1166 2217 tribunis
1193 2187 1236 2216 Μ
1350 2185 1393 2216 15
1415 2185 1501 2227 post

125 2226 295 2262 ordinari
318 2229 344 2263 ,2
370 2227 438 2263 litt.
459 2239 507 2264 er.
530 2234 574 2263 Μ
657 2233 700 2264 16
726 2231 899 2265 motuum
925 2235 970 2265 N
1050 2234 1093 2265 17
1121 2232 1158 2266 et
1185 2242 1252 2266 om.
1275 2236 1325 2274 Μ,
1351 2231 1436 2266 add
1459 2243 1499 2263 m

126 2275 331 2319 quomodo:
359 2286 472 2321 quem
498 2281 542 2311 N
610 2280 654 2312 23
682 2277 895 2313 substineat
921 2283 965 2314 N
1038 2283 1083 2314 24
1108 2278 1249 2325 magis:
1276 2278 1365 2325 uige
1392 2283 1435 2313 N

127 2322 245 2358 actio.
279 2323 472 2360 accusatio
502 2325 586 2361 Obr.
687 2330 731 2361 25
759 2326 927 2362 omnium
952 2339 1019 2363 om
1045 2334 1074 2362 o
1173 2330 1217 2362 26
1245 2328 1283 2362 et
1308 2338 1376 2362 om
1401 2333 1429 2361 υ

126 2374 172 2407 27
205 2373 450 2418 grassatoris:
478 2374 752 2420 aggressatoris
779 2380 824 2409 Ν
913 2375 1215 2411 recensa-udan
1172 2382 1215 2410 Μ
1311 2379 1355 2410 30
1389 2375 1435 2421 οΞ
1460 2374 1496 2420 (Γ
1477 2391 1499 2420 4

126 2419 273 2456 videtur
298 2422 360 2467 er.)
388 2427 431 2456 Μ
525 2433 656 2467 quam:
684 2434 796 2468 quem
825 2430 852 2458 o
