1638 2560
632 125 929 162 PRAEFATIO.
1371 127 1475 164 XXV

86 239 250 281 eaodem
279 240 463 292 syllabae
494 241 560 281 vel
590 254 804 292 perperam
834 242 1008 281 iteratae
1040 242 1106 281 vel
1133 255 1250 282 voces
1282 243 1476 284 litterulis

86 302 161 347 aut
183 301 352 352 syllabis
377 302 523 341 alienis
549 304 692 341 auctae
718 303 759 341 et
784 303 845 341 ita
871 302 1117 353 depravatae
1145 306 1250 342 sunt.
1303 303 1476 354 denique

85 358 219 402 forma
248 362 482 402 litterarum
526 375 648 402 causa
688 363 911 402 multorum
949 376 1130 402 errorum
1164 364 1262 413 fuit,
1303 365 1415 404 velut
1446 366 1477 405 zi

85 421 1476 473 etmlietm'detn,detu,petr,retu,lletn,i

85 484 128 522 et
157 483 185 533 l,
215 495 237 523 e
260 484 303 523 et
324 478 394 538 f.¹)
451 496 572 535 saepe
602 484 867 524 inveniuntur
892 485 1076 535 exempla
1106 485 1253 536 quibus
1278 486 1477 536 probatur

84 543 297 595 archetypi
321 557 348 583 a
371 544 497 584 fuisse
523 540 760 599 apertum.²)
812 545 881 584 sed
905 547 990 585 iam
1014 545 1135 584 finem
1159 546 1281 585 huius
1313 560 1475 587 enume-

83 604 256 644 rationis
285 604 446 644 faciam.

173 665 501 705 Declamationes
531 668 614 706 tres
646 667 730 706 scil.
755 666 825 705 IX.
854 667 901 705 X.
928 667 1031 706 VIII
1066 668 1150 706 iam
1181 668 1335 707 Romae
1368 681 1473 708 anno

86 726 203 765 1475
235 727 348 777 typis
373 727 590 766 mandatae
622 729 717 766 sunt
743 740 824 777 quo
856 728 1027 778 prodiit:
1068 725 1136 767 ‘M.
1163 728 1282 767 Fabii
1314 728 1474 775 Quinti-

82 786 187 826 liani
223 786 539 827 declamationes
580 785 678 827 tres’
713 801 886 839 quarum
924 790 967 827 in
998 789 1078 828 fine
1116 789 1186 828 fol.
1215 791 1271 828 24
1303 790 1473 841 legitur:

81 847 130 886 he
160 849 238 887 tres
269 848 572 888 declamationes
607 848 847 898 Quintiliani
881 849 1082 898 Impresse
1118 853 1213 889 sunt
1248 851 1374 889 Rome
1396 863 1475 900 per

81 907 329 958 Μαρίωνα
354 909 590 948 -Iohannem
626 908 896 949 Schure‘ner
938 911 987 950 de
1023 911 1247 959 Bopardia.
1310 912 1474 951 Domi-

81 969 180 1008 tius
200 968 496 1008 Oalderinus
514 970 703 1010 Veronen.
749 971 980 1010 emendavit.
1024 972 1189 1020 Easque
1209 973 1365 1021 publice
1376 985 1471 1021 pro-

79 1029 212 1078 fessus
230 1032 288 1069 est
302 1028 425 1069 Amao
444 1030 592 1070 lubilei
610 1034 646 1070 et
664 1043 689 1070 a
708 1033 906 1071 natiwiate
926 1032 1078 1071 domini
1095 1032 1422 1072 MOGCOLXX
1429 1034 1471 1072 V.

81 1090 146 1130 die
180 1102 277 1130 uero
313 1090 433 1130 Lwne
462 1092 687 1140 penultima
726 1092 885 1131 Mensis
919 1092 1105 1132 Octobris.
1162 1093 1327 1132 Sedente
1362 1093 1472 1133 Sia-to

80 1150 200 1199 Papa
231 1151 399 1201 Quam,
431 1164 539 1191 aomo
570 1153 655 1192 eius
687 1152 842 1202 Quinto.
906 1153 1032 1193 editio
1069 1154 1258 1204 princeps
1289 1156 1472 1194 omnium

81 1211 422 1251 declamationum
469 1212 640 1252 debetur
684 1212 894 1266 Georgio
937 1214 1152 1254 Merulae
1195 1214 1471 1255 Alexandrino

81 1285 186 1322 quae
226 1285 333 1312 anno
374 1274 489 1312 1481
532 1275 576 1312 in
617 1274 748 1313 lucem
786 1276 886 1314 exiit
925 1275 1122 1314 Venetiae
1164 1276 1275 1325 apud
1317 1275 1472 1315 Lucam

82 1331 284 1372 Venetum
302 1334 567 1384 praecedente
586 1335 766 1385 epistula
784 1335 920 1375 Iacobi
950 1334 1195 1375 Grassolarii
1213 1337 1265 1375 ad
1292 1336 1470 1376 Christo-

82 1393 255 1444 phorum
297 1394 346 1433 de
382 1394 543 1434 Priolis.
608 1395 803 1446 proximo
841 1409 947 1435 anno
993 1397 1094 1435 haec
1132 1397 1256 1436 editio
1296 1399 1472 1448 repetita

82 1455 154 1493 est.
211 1454 352 1494 eodem
384 1468 491 1495 anno
523 1457 653 1495 altera
688 1470 848 1507 quoque
885 1458 1043 1508 prelum
1075 1458 1243 1508 reliquit
1274 1458 1471 1497 Tarvisiis

81 1527 154 1565 per
177 1514 471 1567 Dionysium
490 1517 849 1556 Bononiensem
875 1530 921 1557 ac
947 1517 1268 1571 Peregrinum
1294 1519 1381 1558 eius
1407 1532 1470 1559 so-

80 1576 188 1614 cium
228 1589 310 1615 non
352 1577 529 1615 multum
571 1577 622 1616 ab
662 1578 737 1616 illa
767 1578 938 1618 diversa.
1002 1579 1084 1617 iam
1124 1580 1353 1630 permultae
1387 1580 1470 1619 edi-

80 1636 212 1676 tiones
242 1636 338 1675 illas
370 1640 532 1676 secutae
571 1640 666 1677 sunt
697 1652 819 1689 quae,
859 1642 907 1678 ut
944 1639 1031 1678 fieri
1063 1640 1184 1688 solet,
1226 1653 1305 1690 quo
1338 1641 1469 1693 magis

81 1695 332 1736 discederent
364 1697 414 1736 ab
440 1698 524 1737 illis
555 1699 698 1749 primis
729 1712 775 1738 eo
802 1700 1021 1739 deteriores
1054 1701 1238 1740 socordia
1264 1701 1470 1740 edentium

80 1755 243 1796 fiebant.
301 1770 405 1808 quas
436 1758 512 1798 hoc
536 1759 624 1798 loco
657 1773 893 1799 enumerare
924 1762 1073 1810 taedet,
1105 1762 1346 1812 praesertim
1378 1775 1469 1801 cum

80 1829 148 1856 eas
179 1818 363 1857 invenias
388 1819 489 1858 locis
521 1820 727 1859 commode
759 1821 954 1860 adeundis
963 1816 999 1875 3)
1031 1835 1155 1860 unam
1187 1822 1260 1861 sub
1293 1824 1469 1873 speciem

78 1877 276 1917 redactas.
334 1891 439 1918 anno
469 1881 583 1919 1665
617 1880 783 1920 tandem
815 1885 957 1921 contra
988 1883 1321 1933 depravationem
1352 1883 1468 1922 illam

81 1940 204 1988 atque
249 1941 549 1990 corruptionem
592 1943 724 1993 magis
768 1943 979 1994 magisque
1024 1945 1268 1983 crescentem
1312 1944 1469 1983 medela

81 1998 211 2038 allata
242 2002 303 2039 est
336 2000 511 2040 editione
538 2001 751 2042 Hackiana
777 2003 970 2054 evulgata
995 2003 1184 2056 Lugduni
1216 2004 1468 2043 Batavorum

179 2128 214 2173 1)
239 2137 364 2173 pauca
390 2128 566 2174 exempla
591 2130 737 2175 profert
762 2130 1009 2175 Dessauer,
1036 2144 1072 2177 p.
1095 2135 1151 2167 92.

177 2178 212 2221 2)
240 2175 286 2211 cf.
312 2188 350 2222 p.
371 2180 405 2221 4,
426 2181 447 2211 ὃ
474 2182 584 2214 erunt
608 2190 693 2224 pro:
720 2184 838 2224 erant,
865 2183 923 2223 31,
944 2183 966 2214 8
987 2185 1100 2226 pavet
1126 2182 1210 2216 BV
1234 2192 1320 2226 pro:
1350 2185 1468 2226 putet,

80 2226 163 2268 119,
185 2229 202 2258 1
230 2228 429 2280 epti-emam
453 2226 537 2260 BV
561 2238 630 2282 pro
662 2231 880 2273 ert-tremum,
907 2232 990 2271 214,
1018 2233 1075 2273 21,
1102 2233 1184 2273 310,
1205 2232 1226 2264 9
1253 2233 1295 2265 at
1319 2240 1387 2275 pro
1414 2233 1467 2273 ut,

79 2274 162 2316 Μ’
177 2273 479 2366 ἔξοέᾷξῗὴξξ
488 2275 823 2369 ἔζῗ,’ἕῖἶ’ἁῑ>ηριι
844 2325 911 2360 der
930 2325 1162 2361 classischen
1175 2325 1466 2371 Bibliographie

78 2366 114 2463 ij!
132 2369 298 2452 ΞΧῼἾΒῙΜ)
317 2382 355 2416 p.
376 2374 446 2406 835
462 2383 542 2416 sqq.
581 2371 810 2414 Quintiliani
838 2373 956 2409 editio
976 2374 1185 2420 Bipontina
1213 2374 1282 2409 vol.
1304 2374 1321 2408 I
1341 2376 1464 2419 (1784)
