<?xml version="1.0" encoding="UTF-8"?>
<!DOCTYPE html PUBLIC "-//W3C//DTD XHTML 1.0 Transitional//EN"
    "http://www.w3.org/TR/xhtml1/DTD/xhtml1-transitional.dtd">
<html xmlns="http://www.w3.org/1999/xhtml" xml:lang="en" lang="en">
 <head>
  <title>
</title>
<meta http-equiv="Content-Type" content="text/html;charset=utf-8" />
  <meta name='ocr-system' content='tesseract 3.04.00' />
  <meta name='ocr-capabilities' content='ocr_page ocr_carea ocr_par ocr_line ocrx_word'/>
</head>
<body>
  <div class='ocr_page' id='page_1' title='image "./quintilianiquaef00lehnuoft_0381.png"; bbox 0 0 1638 2560; ppageno 0'>
   <div class='ocr_carea' id='block_1_1' title="bbox 492 109 1480 155">
    <p class='ocr_par' dir='ltr' id='par_1_1' title="bbox 492 109 1480 155">
     <span class='ocr_line' id='line_1_1' title="bbox 492 109 1480 155; baseline 0.01 -10"><span class='ocrx_word' id='word_1_1' title='bbox 492 109 813 146; x_wconf 86' lang='lat' dir='ltr'>DECLAMATIO</span> <span class='ocrx_word' id='word_1_2' title='bbox 839 110 926 146; x_wconf 89' lang='lat' dir='ltr'>XIX</span> <span class='ocrx_word' id='word_1_3' title='bbox 946 113 1076 146; x_wconf 81' lang='lat'>8--10.</span> <span class='ocrx_word' id='word_1_4' title='bbox 1390 111 1480 155; x_wconf 80' lang='lat'>345</span> 
     </span>
    </p>
   </div>
   <div class='ocr_carea' id='block_1_2' title="bbox 41 224 1555 2040">
    <p class='ocr_par' dir='ltr' id='par_1_2' title="bbox 41 224 1555 2040">
     <span class='ocr_line' id='line_1_2' title="bbox 94 224 1480 277; baseline 0.002 -14"><span class='ocrx_word' id='word_1_5' title='bbox 94 225 308 264; x_wconf 75' lang='lat' dir='ltr'>exarserat.</span> <span class='ocrx_word' id='word_1_6' title='bbox 353 224 524 264; x_wconf 88' lang='lat' dir='ltr'>timebat</span> <span class='ocrx_word' id='word_1_7' title='bbox 556 237 754 276; x_wconf 88' lang='lat' dir='ltr'>occursus,</span> <span class='ocrx_word' id='word_1_8' title='bbox 784 238 866 264; x_wconf 89' lang='lat' dir='ltr'>non</span> <span class='ocrx_word' id='word_1_9' title='bbox 899 225 1074 265; x_wconf 79' lang='lat' dir='ltr'>audebat</span> <span class='ocrx_word' id='word_1_10' title='bbox 1107 226 1218 266; x_wconf 87' lang='lat' dir='ltr'>adire</span> <span class='ocrx_word' id='word_1_11' title='bbox 1251 227 1480 277; x_wconf 88' lang='lat' dir='ltr'>conloquia,</span> 
     </span>
     <span class='ocr_line' id='line_1_3' title="bbox 95 284 1481 338; baseline 0.002 -14"><span class='ocrx_word' id='word_1_12' title='bbox 95 284 246 336; x_wconf 83' lang='lat' dir='ltr'>oscula,</span> <span class='ocrx_word' id='word_1_13' title='bbox 265 286 553 336; x_wconf 76' lang='lat' dir='ltr'><strong>convictusque</strong></span> <span class='ocrx_word' id='word_1_14' title='bbox 574 286 771 338; x_wconf 72' lang='lat' dir='ltr'><strong>fugiebat.</strong></span> <span class='ocrx_word' id='word_1_15' title='bbox 815 286 994 326; x_wconf 87' lang='lat' dir='ltr'>breviter</span> <span class='ocrx_word' id='word_1_16' title='bbox 1012 287 1311 338; x_wconf 76' lang='lat' dir='ltr'>perditissimae</span> <span class='ocrx_word' id='word_1_17' title='bbox 1330 289 1481 327; x_wconf 87' lang='lat' dir='ltr'>mentis</span> 
     </span>
     <span class='ocr_line' id='line_1_4' title="bbox 95 344 1479 387; baseline 0.002 -3"><span class='ocrx_word' id='word_1_18' title='bbox 95 344 322 385; x_wconf 86' lang='lat' dir='ltr'>definienda</span> <span class='ocrx_word' id='word_1_19' title='bbox 346 359 534 386; x_wconf 88' lang='lat' dir='ltr'>mensura</span> <span class='ocrx_word' id='word_1_20' title='bbox 560 349 631 386; x_wconf 91' lang='lat' dir='ltr'>est.</span> <span class='ocrx_word' id='word_1_21' title='bbox 678 346 818 386; x_wconf 90' lang='lat' dir='ltr'>oderat</span> <span class='ocrx_word' id='word_1_22' title='bbox 838 361 903 386; x_wconf 90' lang='lat' dir='ltr'>me</span> <span class='ocrx_word' id='word_1_23' title='bbox 928 347 1036 387; x_wconf 89' lang='lat' dir='ltr'>filius</span> <span class='ocrx_word' id='word_1_24' title='bbox 1057 349 1098 387; x_wconf 88' lang='lat' dir='ltr'>et</span> <span class='ocrx_word' id='word_1_25' title='bbox 1122 348 1304 387; x_wconf 86' lang='lat' dir='ltr'>timebat.</span> <span class='ocrx_word' id='word_1_26' title='bbox 1348 348 1479 387; x_wconf 83' lang='lat' dir='ltr'>filium</span> 
     </span>
     <span class='ocr_line' id='line_1_5' title="bbox 94 407 1480 460; baseline 0.001 -14"><span class='ocrx_word' id='word_1_27' title='bbox 94 407 223 459; x_wconf 79' lang='lat' dir='ltr'>igitur</span> <span class='ocrx_word' id='word_1_28' title='bbox 251 407 378 446; x_wconf 90' lang='lat' dir='ltr'>totius</span> <span class='ocrx_word' id='word_1_29' title='bbox 404 407 583 447; x_wconf 86' lang='lat' dir='ltr'>civitatis</span> <span class='ocrx_word' id='word_1_30' title='bbox 609 407 908 447; x_wconf 76' lang='lat' dir='ltr'>existimatione</span> <span class='ocrx_word' id='word_1_31' title='bbox 934 408 1172 448; x_wconf 87' lang='lat' dir='ltr'>damnatum</span> <span class='ocrx_word' id='word_1_32' title='bbox 1198 422 1317 460; x_wconf 91' lang='lat' dir='ltr'>quem</span> <span class='ocrx_word' id='word_1_33' title='bbox 1349 409 1480 448; x_wconf 88' lang='lat' dir='ltr'>adhuc</span> 
     </span>
     <span class='ocr_line' id='line_1_6' title="bbox 59 467 1480 522; baseline 0.001 -14"><span class='ocrx_word' id='word_1_34' title='bbox 59 480 77 508; x_wconf 78' lang='lat'><strong>5</strong></span> <span class='ocrx_word' id='word_1_35' title='bbox 97 467 232 507; x_wconf 82' lang='lat' dir='ltr'>vivere</span> <span class='ocrx_word' id='word_1_36' title='bbox 256 467 513 507; x_wconf 80' lang='lat' dir='ltr'>mirabantur</span> <span class='ocrx_word' id='word_1_37' title='bbox 542 468 738 518; x_wconf 85' lang='lat' dir='ltr'>homines,</span> <span class='ocrx_word' id='word_1_38' title='bbox 768 470 934 509; x_wconf 86' lang='lat' dir='ltr'>torsisse</span> <span class='ocrx_word' id='word_1_39' title='bbox 958 483 1023 508; x_wconf 91' lang='lat' dir='ltr'>me</span> <span class='ocrx_word' id='word_1_40' title='bbox 1048 468 1233 521; x_wconf 79' lang='lat' dir='ltr'>putatis?</span> <span class='ocrx_word' id='word_1_41' title='bbox 1284 483 1357 522; x_wconf 90' lang='lat' dir='ltr'>ego</span> <span class='ocrx_word' id='word_1_42' title='bbox 1383 482 1480 509; x_wconf 86' lang='lat' dir='ltr'>vero</span> 
     </span>
     <span class='ocr_line' id='line_1_7' title="bbox 96 527 1478 582; baseline 0.001 -15"><span class='ocrx_word' id='word_1_43' title='bbox 96 527 236 579; x_wconf 87' lang='lat' dir='ltr'>occidi,</span> <span class='ocrx_word' id='word_1_44' title='bbox 266 528 394 579; x_wconf 86' lang='lat' dir='ltr'>tarde,</span> <span class='ocrx_word' id='word_1_45' title='bbox 426 529 507 568; x_wconf 86' lang='lat' dir='ltr'>diu.</span> <span class='ocrx_word' id='word_1_46' title='bbox 572 530 850 580; x_wconf 88' lang='lat' dir='ltr'>quaestionem</span> <span class='ocrx_word' id='word_1_47' title='bbox 880 530 983 568; x_wconf 82' lang='lat' dir='ltr'>fflud</span> <span class='ocrx_word' id='word_1_48' title='bbox 1014 529 1162 570; x_wconf 78' lang='lat' dir='ltr'>vocas?</span> <span class='ocrx_word' id='word_1_49' title='bbox 1212 543 1353 582; x_wconf 87' lang='lat' dir='ltr'>poena,</span> <span class='ocrx_word' id='word_1_50' title='bbox 1386 544 1478 581; x_wconf 91' lang='lat' dir='ltr'>sup-</span> 
     </span>
     <span class='ocr_line' id='line_1_8' title="bbox 94 589 1480 640; baseline 0.003 -13"><span class='ocrx_word' id='word_1_51' title='bbox 94 589 265 640; x_wconf 90' lang='lat' dir='ltr'>plicium</span> <span class='ocrx_word' id='word_1_52' title='bbox 297 591 338 628; x_wconf 90' lang='lat' dir='ltr'>et</span> <span class='ocrx_word' id='word_1_53' title='bbox 367 590 569 629; x_wconf 91' lang='lat' dir='ltr'>malorum</span> <span class='ocrx_word' id='word_1_54' title='bbox 599 603 781 630; x_wconf 90' lang='lat' dir='ltr'>meorum</span> <span class='ocrx_word' id='word_1_55' title='bbox 819 591 949 631; x_wconf 91' lang='lat' dir='ltr'>exitus</span> <span class='ocrx_word' id='word_1_56' title='bbox 981 591 1071 630; x_wconf 88' lang='lat' dir='ltr'>fuit.</span> <span class='ocrx_word' id='word_1_57' title='bbox 1134 591 1248 630; x_wconf 87' lang='lat' dir='ltr'>nulla</span> <span class='ocrx_word' id='word_1_58' title='bbox 1278 593 1386 631; x_wconf 91' lang='lat' dir='ltr'>ratio</span> <span class='ocrx_word' id='word_1_59' title='bbox 1419 593 1480 631; x_wconf 92' lang='lat' dir='ltr'>est</span> 
     </span>
     <span class='ocr_line' id='line_1_9' title="bbox 94 650 1555 704; baseline 0.002 -16"><span class='ocrx_word' id='word_1_60' title='bbox 94 650 374 702; x_wconf 86' lang='lat' dir='ltr'>interrogandi</span> <span class='ocrx_word' id='word_1_61' title='bbox 403 651 607 690; x_wconf 85' lang='lat' dir='ltr'>hominem</span> <span class='ocrx_word' id='word_1_62' title='bbox 634 651 698 690; x_wconf 92' lang='lat' dir='ltr'>cui</span> <span class='ocrx_word' id='word_1_63' title='bbox 723 664 804 691; x_wconf 91' lang='lat' dir='ltr'>non</span> <span class='ocrx_word' id='word_1_64' title='bbox 830 655 892 691; x_wconf 90' lang='lat' dir='ltr'>est</span> <span class='ocrx_word' id='word_1_65' title='bbox 916 652 978 691; x_wconf 89' lang='lat' dir='ltr'>fas</span> <span class='ocrx_word' id='word_1_66' title='bbox 1004 652 1084 690; x_wconf 90' lang='lat' dir='ltr'>nisi</span> <span class='ocrx_word' id='word_1_67' title='bbox 1108 665 1267 704; x_wconf 90' lang='lat' dir='ltr'>negare.</span> <span class='ocrx_word' id='word_1_68' title='bbox 1326 654 1480 703; x_wconf 89' lang='lat' dir='ltr'>quanta</span> <span class='ocrx_word' id='word_1_69' title='bbox 1500 654 1555 691; x_wconf 81' lang='lat'>1⁰</span> 
     </span>
     <span class='ocr_line' id='line_1_10' title="bbox 94 710 1480 763; baseline 0.002 -14"><span class='ocrx_word' id='word_1_70' title='bbox 94 712 232 750; x_wconf 86' lang='lat' dir='ltr'>tamen</span> <span class='ocrx_word' id='word_1_71' title='bbox 268 710 370 750; x_wconf 87' lang='lat' dir='ltr'>mihi</span> <span class='ocrx_word' id='word_1_72' title='bbox 407 711 488 750; x_wconf 88' lang='lat' dir='ltr'>fuit</span> <span class='ocrx_word' id='word_1_73' title='bbox 519 714 559 751; x_wconf 93' lang='lat' dir='ltr'>et</span> <span class='ocrx_word' id='word_1_74' title='bbox 590 712 633 750; x_wconf 90' lang='lat' dir='ltr'>in</span> <span class='ocrx_word' id='word_1_75' title='bbox 666 713 901 763; x_wconf 83' lang='lat' dir='ltr'>quaestione</span> <span class='ocrx_word' id='word_1_76' title='bbox 939 712 1194 752; x_wconf 79' lang='lat' dir='ltr'>moderatio?</span> <span class='ocrx_word' id='word_1_77' title='bbox 1254 726 1334 752; x_wconf 93' lang='lat' dir='ltr'>non</span> <span class='ocrx_word' id='word_1_78' title='bbox 1374 715 1480 752; x_wconf 91' lang='lat' dir='ltr'>enim</span> 
     </span>
     <span class='ocr_line' id='line_1_11' title="bbox 41 771 1480 825; baseline 0.001 -13"><span class='ocrx_word' id='word_1_79' title='bbox 41 784 77 812; x_wconf 80' lang='lat' dir='ltr'>io</span> <span class='ocrx_word' id='word_1_80' title='bbox 95 771 312 822; x_wconf 83' lang='lat' dir='ltr'>praecipiti</span> <span class='ocrx_word' id='word_1_81' title='bbox 335 775 478 823; x_wconf 85' lang='lat' dir='ltr'>raptus</span> <span class='ocrx_word' id='word_1_82' title='bbox 502 773 668 823; x_wconf 89' lang='lat' dir='ltr'>inpulsu</span> <span class='ocrx_word' id='word_1_83' title='bbox 694 773 838 812; x_wconf 86' lang='lat' dir='ltr'>exsilui</span> <span class='ocrx_word' id='word_1_84' title='bbox 862 774 1039 824; x_wconf 86' lang='lat' dir='ltr'>repente,</span> <span class='ocrx_word' id='word_1_85' title='bbox 1066 774 1212 823; x_wconf 88' lang='lat' dir='ltr'>subito,</span> <span class='ocrx_word' id='word_1_86' title='bbox 1238 787 1310 813; x_wconf 91' lang='lat' dir='ltr'>nec</span> <span class='ocrx_word' id='word_1_87' title='bbox 1337 776 1480 825; x_wconf 87' lang='lat' dir='ltr'>captus</span> 
     </span>
     <span class='ocr_line' id='line_1_12' title="bbox 96 831 1481 884; baseline 0.002 -13"><span class='ocrx_word' id='word_1_88' title='bbox 96 831 233 871; x_wconf 85' lang='lat' dir='ltr'>dolore</span> <span class='ocrx_word' id='word_1_89' title='bbox 272 845 389 872; x_wconf 86' lang='lat' dir='ltr'>caeco</span> <span class='ocrx_word' id='word_1_90' title='bbox 421 833 689 884; x_wconf 86' lang='lat' dir='ltr'>inpatientiae</span> <span class='ocrx_word' id='word_1_91' title='bbox 719 846 832 873; x_wconf 89' lang='lat' dir='ltr'>meae</span> <span class='ocrx_word' id='word_1_92' title='bbox 864 834 983 873; x_wconf 87' lang='lat' dir='ltr'>velox</span> <span class='ocrx_word' id='word_1_93' title='bbox 1017 835 1164 874; x_wconf 84' lang='lat' dir='ltr'>vulnus</span> <span class='ocrx_word' id='word_1_94' title='bbox 1196 835 1335 874; x_wconf 85' lang='lat' dir='ltr'>indixi.</span> <span class='ocrx_word' id='word_1_95' title='bbox 1399 848 1481 874; x_wconf 88' lang='lat' dir='ltr'>non</span> 
     </span>
     <span class='ocr_line' id='line_1_13' title="bbox 94 894 1482 946; baseline 0.001 -14"><span class='ocrx_word' id='word_1_96' title='bbox 94 894 231 943; x_wconf 88' lang='lat' dir='ltr'>potest</span> <span class='ocrx_word' id='word_1_97' title='bbox 261 906 343 933; x_wconf 92' lang='lat' dir='ltr'>non</span> <span class='ocrx_word' id='word_1_98' title='bbox 374 895 532 933; x_wconf 88' lang='lat' dir='ltr'>ratione</span> <span class='ocrx_word' id='word_1_99' title='bbox 564 894 691 934; x_wconf 87' lang='lat' dir='ltr'>occidi</span> <span class='ocrx_word' id='word_1_100' title='bbox 723 894 842 944; x_wconf 90' lang='lat' dir='ltr'>filius,</span> <span class='ocrx_word' id='word_1_101' title='bbox 875 908 966 934; x_wconf 91' lang='lat' dir='ltr'>cum</span> <span class='ocrx_word' id='word_1_102' title='bbox 992 897 1086 935; x_wconf 89' lang='lat' dir='ltr'>ante</span> <span class='ocrx_word' id='word_1_103' title='bbox 1111 897 1335 946; x_wconf 87' lang='lat' dir='ltr'>torquetur.</span> <span class='ocrx_word' id='word_1_104' title='bbox 1387 896 1482 935; x_wconf 88' lang='lat' dir='ltr'>dedi</span> 
     </span>
     <span class='ocr_line' id='line_1_14' title="bbox 95 954 1480 1006; baseline 0.003 -14"><span class='ocrx_word' id='word_1_105' title='bbox 95 966 240 1005; x_wconf 87' lang='lat' dir='ltr'>moras,</span> <span class='ocrx_word' id='word_1_106' title='bbox 273 955 464 1005; x_wconf 88' lang='lat' dir='ltr'>spatium,</span> <span class='ocrx_word' id='word_1_107' title='bbox 496 957 656 1006; x_wconf 90' lang='lat' dir='ltr'>tempus</span> <span class='ocrx_word' id='word_1_108' title='bbox 687 954 849 995; x_wconf 85' lang='lat' dir='ltr'>indulsi.</span> <span class='ocrx_word' id='word_1_109' title='bbox 900 955 1012 995; x_wconf 88' lang='lat' dir='ltr'>vides</span> <span class='ocrx_word' id='word_1_110' title='bbox 1046 958 1242 1006; x_wconf 88' lang='lat' dir='ltr'>quantam</span> <span class='ocrx_word' id='word_1_111' title='bbox 1269 957 1364 996; x_wconf 91' lang='lat' dir='ltr'>hinc</span> <span class='ocrx_word' id='word_1_112' title='bbox 1395 969 1480 995; x_wconf 88' lang='lat' dir='ltr'>ma-</span> 
     </span>
     <span class='ocr_line' id='line_1_15' title="bbox 95 1014 1482 1066; baseline 0.002 -13"><span class='ocrx_word' id='word_1_113' title='bbox 95 1014 353 1066; x_wconf 87' lang='lat' dir='ltr'>lignitatibus</span> <span class='ocrx_word' id='word_1_114' title='bbox 371 1017 574 1066; x_wconf 91' lang='lat' dir='ltr'>potuerim</span> <span class='ocrx_word' id='word_1_115' title='bbox 598 1017 806 1066; x_wconf 86' lang='lat' dir='ltr'>praestare</span> <span class='ocrx_word' id='word_1_116' title='bbox 831 1015 1072 1056; x_wconf 78' lang='lat' dir='ltr'>materiam?</span> <span class='ocrx_word' id='word_1_117' title='bbox 1100 1017 1134 1056; x_wconf 90' lang='lat' dir='ltr'>si</span> <span class='ocrx_word' id='word_1_118' title='bbox 1158 1017 1202 1055; x_wconf 90' lang='lat' dir='ltr'>in</span> <span class='ocrx_word' id='word_1_119' title='bbox 1226 1018 1299 1056; x_wconf 91' lang='lat' dir='ltr'>illo</span> <span class='ocrx_word' id='word_1_120' title='bbox 1326 1019 1482 1057; x_wconf 86' lang='lat' dir='ltr'>secreto</span> 
     </span>
     <span class='ocr_line' id='line_1_16' title="bbox 42 1074 1481 1129; baseline 0.001 -14"><span class='ocrx_word' id='word_1_121' title='bbox 42 1087 77 1115; x_wconf 81' lang='lat'>15</span> <span class='ocrx_word' id='word_1_122' title='bbox 96 1074 234 1126; x_wconf 86' lang='lat' dir='ltr'>gladio</span> <span class='ocrx_word' id='word_1_123' title='bbox 272 1077 451 1126; x_wconf 83' lang='lat' dir='ltr'>tantum,</span> <span class='ocrx_word' id='word_1_124' title='bbox 490 1078 524 1115; x_wconf 87' lang='lat' dir='ltr'>si</span> <span class='ocrx_word' id='word_1_125' title='bbox 554 1076 788 1116; x_wconf 88' lang='lat' dir='ltr'>vulneribus</span> <span class='ocrx_word' id='word_1_126' title='bbox 820 1078 1009 1129; x_wconf 85' lang='lat' dir='ltr'>egissem,</span> <span class='ocrx_word' id='word_1_127' title='bbox 1048 1077 1200 1117; x_wconf 90' lang='lat' dir='ltr'>exitum</span> <span class='ocrx_word' id='word_1_128' title='bbox 1238 1079 1389 1117; x_wconf 82' lang='lat' dir='ltr'>fecerat</span> <span class='ocrx_word' id='word_1_129' title='bbox 1419 1079 1481 1117; x_wconf 90' lang='lat' dir='ltr'>iu-</span> 
     </span>
     <span class='ocr_line' id='line_1_17' title="bbox 95 1135 1482 1190; baseline 0.003 -16"><span class='ocrx_word' id='word_1_130' title='bbox 95 1137 208 1175; x_wconf 89' lang='lat' dir='ltr'>venis</span> <span class='ocrx_word' id='word_1_131' title='bbox 238 1135 486 1187; x_wconf 88' lang='lat' dir='ltr'>deprehensi.</span> <span class='ocrx_word' id='word_1_132' title='bbox 536 1150 618 1176; x_wconf 91' lang='lat' dir='ltr'>non</span> <span class='ocrx_word' id='word_1_133' title='bbox 651 1139 712 1177; x_wconf 91' lang='lat' dir='ltr'>est</span> <span class='ocrx_word' id='word_1_134' title='bbox 741 1139 881 1190; x_wconf 85' lang='lat' dir='ltr'>igitur,</span> <span class='ocrx_word' id='word_1_135' title='bbox 911 1139 1058 1177; x_wconf 85' lang='lat' dir='ltr'>mulier</span> <span class='ocrx_word' id='word_1_136' title='bbox 1084 1139 1191 1189; x_wconf 90' lang='lat' dir='ltr'>quod</span> <span class='ocrx_word' id='word_1_137' title='bbox 1222 1139 1322 1178; x_wconf 89' lang='lat' dir='ltr'>mihi</span> <span class='ocrx_word' id='word_1_138' title='bbox 1353 1139 1482 1178; x_wconf 89' lang='lat' dir='ltr'>facias</span> 
     </span>
     <span class='ocr_line' id='line_1_18' title="bbox 96 1195 1481 1249; baseline 0.003 -14"><span class='ocrx_word' id='word_1_139' title='bbox 96 1195 327 1248; x_wconf 86' lang='lat' dir='ltr'>duplicatae</span> <span class='ocrx_word' id='word_1_140' title='bbox 360 1198 606 1248; x_wconf 87' lang='lat' dir='ltr'>quaestionis</span> <span class='ocrx_word' id='word_1_141' title='bbox 637 1198 855 1248; x_wconf 85' lang='lat' dir='ltr'>invidiam,</span> <span class='ocrx_word' id='word_1_142' title='bbox 887 1199 930 1238; x_wconf 90' lang='lat' dir='ltr'>id</span> <span class='ocrx_word' id='word_1_143' title='bbox 962 1201 1040 1249; x_wconf 91' lang='lat' dir='ltr'>est,</span> <span class='ocrx_word' id='word_1_144' title='bbox 1074 1199 1181 1249; x_wconf 89' lang='lat' dir='ltr'>quod</span> <span class='ocrx_word' id='word_1_145' title='bbox 1212 1200 1314 1239; x_wconf 88' lang='lat' dir='ltr'>torsi</span> <span class='ocrx_word' id='word_1_146' title='bbox 1346 1201 1388 1238; x_wconf 90' lang='lat' dir='ltr'>et</span> <span class='ocrx_word' id='word_1_147' title='bbox 1417 1213 1481 1239; x_wconf 92' lang='lat' dir='ltr'>oc—</span> 
     </span>
     <span class='ocr_line' id='line_1_19' title="bbox 97 1257 1484 1300; baseline 0.004 -5"><span class='ocrx_word' id='word_1_148' title='bbox 97 1257 188 1296; x_wconf 82' lang='lat' dir='ltr'>cidi.</span> <span class='ocrx_word' id='word_1_149' title='bbox 239 1258 326 1297; x_wconf 89' lang='lat' dir='ltr'>sola</span> <span class='ocrx_word' id='word_1_150' title='bbox 357 1259 419 1298; x_wconf 91' lang='lat' dir='ltr'>est</span> <span class='ocrx_word' id='word_1_151' title='bbox 448 1259 568 1298; x_wconf 87' lang='lat' dir='ltr'>huius</span> <span class='ocrx_word' id='word_1_152' title='bbox 600 1259 854 1299; x_wconf 85' lang='lat' dir='ltr'>necessitatis</span> <span class='ocrx_word' id='word_1_153' title='bbox 885 1260 991 1299; x_wconf 86' lang='lat' dir='ltr'>ratio</span> <span class='ocrx_word' id='word_1_154' title='bbox 1025 1260 1073 1299; x_wconf 89' lang='lat' dir='ltr'>de</span> <span class='ocrx_word' id='word_1_155' title='bbox 1099 1262 1239 1299; x_wconf 89' lang='lat' dir='ltr'>morte.</span> <span class='ocrx_word' id='word_1_156' title='bbox 1291 1260 1395 1299; x_wconf 89' lang='lat' dir='ltr'>illud</span> <span class='ocrx_word' id='word_1_157' title='bbox 1421 1262 1484 1300; x_wconf 89' lang='lat' dir='ltr'>est</span> 
     </span>
     <span class='ocr_line' id='line_1_20' title="bbox 94 1318 1482 1371; baseline 0.002 -15"><span class='ocrx_word' id='word_1_158' title='bbox 94 1318 371 1369; x_wconf 84' lang='lat' dir='ltr'>parricidium,</span> <span class='ocrx_word' id='word_1_159' title='bbox 402 1319 535 1358; x_wconf 88' lang='lat' dir='ltr'>filium</span> <span class='ocrx_word' id='word_1_160' title='bbox 566 1321 754 1371; x_wconf 91' lang='lat' dir='ltr'>torquere</span> <span class='ocrx_word' id='word_1_161' title='bbox 786 1321 999 1360; x_wconf 87' lang='lat' dir='ltr'>victurum.</span> <span class='ocrx_word' id='word_1_162' title='bbox 1050 1323 1171 1371; x_wconf 86' lang='lat' dir='ltr'>putas</span> <span class='ocrx_word' id='word_1_163' title='bbox 1203 1322 1389 1360; x_wconf 85' lang='lat' dir='ltr'>iuvenem</span> <span class='ocrx_word' id='word_1_164' title='bbox 1421 1321 1482 1360; x_wconf 83' lang='lat' dir='ltr'>vi-</span> 
     </span>
     <span class='ocr_line' id='line_1_21' title="bbox 41 1379 1483 1432; baseline 0.002 -14"><span class='ocrx_word' id='word_1_165' title='bbox 41 1391 77 1418; x_wconf 80' lang='lat'>20</span> <span class='ocrx_word' id='word_1_166' title='bbox 96 1391 190 1418; x_wconf 88' lang='lat' dir='ltr'>vere</span> <span class='ocrx_word' id='word_1_167' title='bbox 226 1379 405 1430; x_wconf 86' lang='lat' dir='ltr'>potuisse</span> <span class='ocrx_word' id='word_1_168' title='bbox 444 1380 509 1419; x_wconf 91' lang='lat' dir='ltr'>cui</span> <span class='ocrx_word' id='word_1_169' title='bbox 546 1381 630 1419; x_wconf 88' lang='lat' dir='ltr'>iam</span> <span class='ocrx_word' id='word_1_170' title='bbox 667 1393 747 1419; x_wconf 91' lang='lat' dir='ltr'>non</span> <span class='ocrx_word' id='word_1_171' title='bbox 786 1383 949 1432; x_wconf 87' lang='lat' dir='ltr'>poterat</span> <span class='ocrx_word' id='word_1_172' title='bbox 986 1381 1064 1420; x_wconf 90' lang='lat' dir='ltr'>nisi</span> <span class='ocrx_word' id='word_1_173' title='bbox 1102 1384 1231 1420; x_wconf 89' lang='lat' dir='ltr'>morte</span> <span class='ocrx_word' id='word_1_174' title='bbox 1276 1380 1483 1421; x_wconf 81' lang='lat' dir='ltr'>succurri?</span> 
     </span>
     <span class='ocr_line' id='line_1_22' title="bbox 99 1440 1483 1492; baseline 0.003 -14"><span class='ocrx_word' id='word_1_175' title='bbox 99 1452 221 1490; x_wconf 88' lang='lat' dir='ltr'>quem</span> <span class='ocrx_word' id='word_1_176' title='bbox 253 1442 394 1479; x_wconf 88' lang='lat' dir='ltr'>contra</span> <span class='ocrx_word' id='word_1_177' title='bbox 424 1440 625 1492; x_wconf 87' lang='lat' dir='ltr'>malignos</span> <span class='ocrx_word' id='word_1_178' title='bbox 664 1454 866 1481; x_wconf 88' lang='lat' dir='ltr'>sermones</span> <span class='ocrx_word' id='word_1_179' title='bbox 904 1442 1089 1482; x_wconf 87' lang='lat' dir='ltr'>adserere</span> <span class='ocrx_word' id='word_1_180' title='bbox 1131 1455 1360 1492; x_wconf 87' lang='lat' dir='ltr'>coeperam,</span> <span class='ocrx_word' id='word_1_181' title='bbox 1399 1455 1483 1482; x_wconf 93' lang='lat' dir='ltr'>non</span> 
     </span>
     <span class='ocr_line' id='line_1_23' title="bbox 97 1499 1483 1554; baseline 0.003 -16"><span class='ocrx_word' id='word_1_182' title='bbox 97 1499 255 1538; x_wconf 89' lang='lat' dir='ltr'>reddidi</span> <span class='ocrx_word' id='word_1_183' title='bbox 285 1513 426 1540; x_wconf 89' lang='lat' dir='ltr'>rursus</span> <span class='ocrx_word' id='word_1_184' title='bbox 458 1501 651 1541; x_wconf 90' lang='lat' dir='ltr'>infamiae</span> <span class='ocrx_word' id='word_1_185' title='bbox 689 1515 820 1553; x_wconf 90' lang='lat' dir='ltr'>neque</span> <span class='ocrx_word' id='word_1_186' title='bbox 852 1503 894 1541; x_wconf 89' lang='lat' dir='ltr'>in</span> <span class='ocrx_word' id='word_1_187' title='bbox 934 1504 1070 1542; x_wconf 85' lang='lat' dir='ltr'>oculos</span> <span class='ocrx_word' id='word_1_188' title='bbox 1103 1505 1143 1541; x_wconf 90' lang='lat' dir='ltr'>et</span> <span class='ocrx_word' id='word_1_189' title='bbox 1175 1515 1246 1541; x_wconf 89' lang='lat' dir='ltr'>ora</span> <span class='ocrx_word' id='word_1_190' title='bbox 1283 1503 1400 1554; x_wconf 88' lang='lat' dir='ltr'>vulgi</span> <span class='ocrx_word' id='word_1_191' title='bbox 1432 1503 1483 1542; x_wconf 89' lang='lat' dir='ltr'>de</span> 
     </span>
     <span class='ocr_line' id='line_1_24' title="bbox 98 1562 1484 1614; baseline 0.002 -15"><span class='ocrx_word' id='word_1_192' title='bbox 98 1562 251 1600; x_wconf 88' lang='lat' dir='ltr'>secreto</span> <span class='ocrx_word' id='word_1_193' title='bbox 276 1562 406 1611; x_wconf 87' lang='lat' dir='ltr'>patris</span> <span class='ocrx_word' id='word_1_194' title='bbox 433 1562 558 1601; x_wconf 85' lang='lat' dir='ltr'>emisi.</span> <span class='ocrx_word' id='word_1_195' title='bbox 614 1562 872 1612; x_wconf 89' lang='lat' dir='ltr'>providentia</span> <span class='ocrx_word' id='word_1_196' title='bbox 905 1576 997 1602; x_wconf 90' lang='lat' dir='ltr'>mea</span> <span class='ocrx_word' id='word_1_197' title='bbox 1031 1563 1108 1602; x_wconf 86' lang='lat' dir='ltr'>tibi</span> <span class='ocrx_word' id='word_1_198' title='bbox 1135 1577 1306 1614; x_wconf 84' lang='lat' dir='ltr'>quoque,</span> <span class='ocrx_word' id='word_1_199' title='bbox 1338 1565 1484 1614; x_wconf 81' lang='lat' dir='ltr'>mater,</span> 
     </span>
     <span class='ocr_line' id='line_1_25' title="bbox 98 1621 1484 1675; baseline 0.003 -16"><span class='ocrx_word' id='word_1_200' title='bbox 98 1633 148 1660; x_wconf 88' lang='lat' dir='ltr'>ne</span> <span class='ocrx_word' id='word_1_201' title='bbox 179 1622 223 1660; x_wconf 95' lang='lat' dir='ltr'>in</span> <span class='ocrx_word' id='word_1_202' title='bbox 253 1621 362 1661; x_wconf 87' lang='lat' dir='ltr'>hunc</span> <span class='ocrx_word' id='word_1_203' title='bbox 393 1623 685 1674; x_wconf 88' lang='lat' dir='ltr'>interrogetur,</span> <span class='ocrx_word' id='word_1_204' title='bbox 724 1623 866 1674; x_wconf 90' lang='lat' dir='ltr'>eripui.</span> <span class='ocrx_word' id='word_1_205' title='bbox 923 1624 993 1663; x_wconf 89' lang='lat' dir='ltr'>ille</span> <span class='ocrx_word' id='word_1_206' title='bbox 1031 1637 1125 1663; x_wconf 91' lang='lat' dir='ltr'>vero</span> <span class='ocrx_word' id='word_1_207' title='bbox 1158 1637 1238 1663; x_wconf 94' lang='lat' dir='ltr'>non</span> <span class='ocrx_word' id='word_1_208' title='bbox 1276 1624 1358 1663; x_wconf 89' lang='lat' dir='ltr'>fuit</span> <span class='ocrx_word' id='word_1_209' title='bbox 1387 1626 1484 1675; x_wconf 89' lang='lat' dir='ltr'>post</span> 
     </span>
     <span class='ocr_line' id='line_1_26' title="bbox 43 1683 1482 1736; baseline 0.003 -16"><span class='ocrx_word' id='word_1_210' title='bbox 43 1694 78 1720; x_wconf 83' lang='lat'>2⁵</span> <span class='ocrx_word' id='word_1_211' title='bbox 98 1683 302 1720; x_wconf 89' lang='lat' dir='ltr'>tormenta</span> <span class='ocrx_word' id='word_1_212' title='bbox 334 1683 494 1722; x_wconf 89' lang='lat' dir='ltr'>laturus</span> <span class='ocrx_word' id='word_1_213' title='bbox 526 1683 636 1722; x_wconf 87' lang='lat' dir='ltr'>vitae</span> <span class='ocrx_word' id='word_1_214' title='bbox 666 1683 880 1734; x_wconf 88' lang='lat' dir='ltr'>pudorem,</span> <span class='ocrx_word' id='word_1_215' title='bbox 915 1686 962 1723; x_wconf 91' lang='lat' dir='ltr'>ut</span> <span class='ocrx_word' id='word_1_216' title='bbox 991 1684 1314 1736; x_wconf 88' lang='lat' dir='ltr'>interrogaretur</span> <span class='ocrx_word' id='word_1_217' title='bbox 1345 1698 1370 1724; x_wconf 92' lang='lat' dir='ltr'>a</span> <span class='ocrx_word' id='word_1_218' title='bbox 1401 1685 1482 1724; x_wconf 91' lang='lat' dir='ltr'>sin-</span> 
     </span>
     <span class='ocr_line' id='line_1_27' title="bbox 98 1741 1483 1796; baseline 0.004 -16"><span class='ocrx_word' id='word_1_219' title='bbox 98 1741 215 1793; x_wconf 89' lang='lat' dir='ltr'>gulis,</span> <span class='ocrx_word' id='word_1_220' title='bbox 257 1744 306 1781; x_wconf 89' lang='lat' dir='ltr'>ut</span> <span class='ocrx_word' id='word_1_221' title='bbox 336 1746 516 1794; x_wconf 88' lang='lat' dir='ltr'>negaret.</span> <span class='ocrx_word' id='word_1_222' title='bbox 573 1757 733 1794; x_wconf 86' lang='lat' dir='ltr'>verum,</span> <span class='ocrx_word' id='word_1_223' title='bbox 764 1745 929 1796; x_wconf 84' lang='lat' dir='ltr'>mulier,</span> <span class='ocrx_word' id='word_1_224' title='bbox 963 1745 1190 1785; x_wconf 87' lang='lat' dir='ltr'>adfectibus</span> <span class='ocrx_word' id='word_1_225' title='bbox 1222 1745 1304 1785; x_wconf 90' lang='lat' dir='ltr'>tuis</span> <span class='ocrx_word' id='word_1_226' title='bbox 1335 1759 1483 1785; x_wconf 91' lang='lat' dir='ltr'>renun-</span> 
     </span>
     <span class='ocr_line' id='line_1_28' title="bbox 97 1802 1483 1856; baseline 0.004 -15"><span class='ocrx_word' id='word_1_227' title='bbox 97 1802 283 1842; x_wconf 83' lang='lat' dir='ltr'>tiandum</span> <span class='ocrx_word' id='word_1_228' title='bbox 316 1807 395 1853; x_wconf 85' lang='lat' dir='ltr'>est,</span> <span class='ocrx_word' id='word_1_229' title='bbox 433 1804 485 1842; x_wconf 86' lang='lat' dir='ltr'>ad</span> <span class='ocrx_word' id='word_1_230' title='bbox 516 1804 643 1844; x_wconf 91' lang='lat' dir='ltr'>totius</span> <span class='ocrx_word' id='word_1_231' title='bbox 676 1804 817 1844; x_wconf 88' lang='lat' dir='ltr'>domus</span> <span class='ocrx_word' id='word_1_232' title='bbox 856 1808 1018 1845; x_wconf 87' lang='lat' dir='ltr'>nostrae</span> <span class='ocrx_word' id='word_1_233' title='bbox 1056 1807 1257 1856; x_wconf 86' lang='lat' dir='ltr'>pertinere</span> <span class='ocrx_word' id='word_1_234' title='bbox 1293 1807 1483 1846; x_wconf 89' lang='lat' dir='ltr'>innocen-</span> 
     </span>
     <span class='ocr_line' id='line_1_29' title="bbox 97 1863 1081 1916; baseline 0.005 -15"><span class='ocrx_word' id='word_1_235' title='bbox 97 1864 199 1902; x_wconf 89' lang='lat' dir='ltr'>tiam</span> <span class='ocrx_word' id='word_1_236' title='bbox 232 1863 395 1914; x_wconf 81' lang='lat' dir='ltr'>credidi,</span> <span class='ocrx_word' id='word_1_237' title='bbox 428 1878 477 1902; x_wconf 90' lang='lat' dir='ltr'>ne</span> <span class='ocrx_word' id='word_1_238' title='bbox 510 1877 551 1903; x_wconf 90' lang='lat' dir='ltr'>se</span> <span class='ocrx_word' id='word_1_239' title='bbox 583 1865 669 1916; x_wconf 93' lang='lat' dir='ltr'>ipse</span> <span class='ocrx_word' id='word_1_240' title='bbox 701 1867 839 1915; x_wconf 89' lang='lat' dir='ltr'>potius</span> <span class='ocrx_word' id='word_1_241' title='bbox 872 1867 1081 1906; x_wconf 87' lang='lat' dir='ltr'>occideret.</span> 
     </span>
     <span class='ocr_line' id='line_1_30' title="bbox 190 1922 1482 1979; baseline 0.003 -17"><span class='ocrx_word' id='word_1_242' title='bbox 190 1922 335 1974; x_wconf 86' lang='lat' dir='ltr'>Sentit,</span> <span class='ocrx_word' id='word_1_243' title='bbox 367 1924 533 1974; x_wconf 86' lang='lat' dir='ltr'>iudices,</span> <span class='ocrx_word' id='word_1_244' title='bbox 564 1926 712 1964; x_wconf 72' lang='lat' dir='ltr'>mulier</span> <span class='ocrx_word' id='word_1_245' title='bbox 738 1926 789 1966; x_wconf 85' lang='lat' dir='ltr'>ad</span> <span class='ocrx_word' id='word_1_246' title='bbox 820 1926 882 1966; x_wconf 88' lang='lat' dir='ltr'>ius</span> <span class='ocrx_word' id='word_1_247' title='bbox 910 1928 1234 1978; x_wconf 83' lang='lat' dir='ltr'>querelae-suae,</span> <span class='ocrx_word' id='word_1_248' title='bbox 1265 1940 1338 1967; x_wconf 90' lang='lat' dir='ltr'>nec</span> <span class='ocrx_word' id='word_1_249' title='bbox 1371 1928 1482 1979; x_wconf 89' lang='lat' dir='ltr'>quod</span> 
     </span>
     <span class='ocr_line' id='line_1_31' title="bbox 43 1984 1481 2040; baseline 0.002 -16"><span class='ocrx_word' id='word_1_250' title='bbox 43 1998 78 2024; x_wconf 78' lang='grc' dir='ltr'>3ο</span> <span class='ocrx_word' id='word_1_251' title='bbox 98 1984 297 2034; x_wconf 90' lang='lat' dir='ltr'>torserim,</span> <span class='ocrx_word' id='word_1_252' title='bbox 323 1998 396 2024; x_wconf 91' lang='lat' dir='ltr'>nec</span> <span class='ocrx_word' id='word_1_253' title='bbox 422 1986 529 2036; x_wconf 87' lang='lat' dir='ltr'>quod</span> <span class='ocrx_word' id='word_1_254' title='bbox 557 1986 782 2036; x_wconf 84' lang='lat' dir='ltr'>occiderim,</span> <span class='ocrx_word' id='word_1_255' title='bbox 814 1989 1027 2038; x_wconf 86' lang='lat' dir='ltr'>pertinere.</span> <span class='ocrx_word' id='word_1_256' title='bbox 1090 1989 1150 2028; x_wconf 89' lang='lat' dir='ltr'>ita</span> <span class='ocrx_word' id='word_1_257' title='bbox 1179 1988 1350 2039; x_wconf 84' lang='lat' dir='ltr'>quaerit,</span> <span class='ocrx_word' id='word_1_258' title='bbox 1384 1988 1481 2040; x_wconf 86' lang='lat' dir='ltr'>quid</span> 
     </span>
    </p>
   </div>
   <div class='ocr_carea' id='block_1_3' title="bbox 97 2124 1482 2271">
    <p class='ocr_par' dir='ltr' id='par_1_3' title="bbox 97 2124 1482 2271">
     <span class='ocr_line' id='line_1_32' title="bbox 195 2124 1482 2164; baseline 0.003 -5"><span class='ocrx_word' id='word_1_259' title='bbox 195 2127 213 2159; x_wconf 93' lang='lat'>1</span> <span class='ocrx_word' id='word_1_260' title='bbox 242 2124 297 2160; x_wconf 89' lang='lat' dir='ltr'>ire</span> <span class='ocrx_word' id='word_1_261' title='bbox 328 2131 356 2159; x_wconf 82' lang='lat' dir='ltr'><em>V</em></span> <span class='ocrx_word' id='word_1_262' title='bbox 460 2128 480 2161; x_wconf 87' lang='lat'><strong>3</strong></span> <span class='ocrx_word' id='word_1_263' title='bbox 507 2136 671 2161; x_wconf 85' lang='lat' dir='ltr'>nensura</span> <span class='ocrx_word' id='word_1_264' title='bbox 702 2132 731 2160; x_wconf 77' lang='lat' dir='ltr'><strong><em>V</em></strong></span> <span class='ocrx_word' id='word_1_265' title='bbox 832 2127 952 2162; x_wconf 90' lang='lat' dir='ltr'>filium</span> <span class='ocrx_word' id='word_1_266' title='bbox 983 2134 1012 2162; x_wconf 82' lang='lat' dir='ltr'><em>V</em></span> <span class='ocrx_word' id='word_1_267' title='bbox 1112 2131 1132 2163; x_wconf 84' lang='lat'>5</span> <span class='ocrx_word' id='word_1_268' title='bbox 1159 2128 1315 2164; x_wconf 82' lang='lat' dir='ltr'>torsisse</span> <span class='ocrx_word' id='word_1_269' title='bbox 1341 2140 1386 2164; x_wconf 72' lang='lat' dir='ltr'>em</span> <span class='ocrx_word' id='word_1_270' title='bbox 1411 2128 1482 2164; x_wconf 83' lang='lat' dir='ltr'>-ssi</span> 
     </span>
     <span class='ocr_line' id='line_1_33' title="bbox 97 2172 1417 2227; baseline 0.004 -20"><span class='ocrx_word' id='word_1_271' title='bbox 97 2178 148 2217; x_wconf 80' lang='lat' dir='ltr'>B;</span> <span class='ocrx_word' id='word_1_272' title='bbox 175 2173 385 2209; x_wconf 80' lang='lat' dir='ltr'>torsiesime</span> <span class='ocrx_word' id='word_1_273' title='bbox 416 2180 444 2208; x_wconf 67' lang='lat' dir='ltr'><strong><em>V</em></strong></span> <span class='ocrx_word' id='word_1_274' title='bbox 565 2178 583 2209; x_wconf 85' lang='lat'><strong>7</strong></span> <span class='ocrx_word' id='word_1_275' title='bbox 611 2172 758 2227; x_wconf 67' lang='lat' dir='ltr'>ratiosse</span> <span class='ocrx_word' id='word_1_276' title='bbox 784 2181 822 2210; x_wconf 83' lang='lat' dir='ltr'><em>B</em></span> <span class='ocrx_word' id='word_1_277' title='bbox 944 2180 988 2211; x_wconf 91' lang='lat'>10</span> <span class='ocrx_word' id='word_1_278' title='bbox 1014 2176 1171 2223; x_wconf 87' lang='lat' dir='ltr'>impulsi</span> <span class='ocrx_word' id='word_1_279' title='bbox 1198 2176 1355 2212; x_wconf 87' lang='lat' dir='ltr'>exilium</span> <span class='ocrx_word' id='word_1_280' title='bbox 1380 2183 1417 2212; x_wconf 87' lang='lat' dir='ltr'><em>P</em></span> 
     </span>
     <span class='ocr_line' id='line_1_34' title="bbox 99 2221 1417 2271; baseline 0.004 -15"><span class='ocrx_word' id='word_1_281' title='bbox 99 2224 142 2256; x_wconf 88' lang='lat'>11</span> <span class='ocrx_word' id='word_1_282' title='bbox 170 2221 313 2257; x_wconf 84' lang='lat' dir='ltr'>vultius</span> <span class='ocrx_word' id='word_1_283' title='bbox 346 2228 373 2256; x_wconf 80' lang='lat' dir='ltr'><strong><em>V</em></strong></span> <span class='ocrx_word' id='word_1_284' title='bbox 509 2222 642 2258; x_wconf 83' lang='lat' dir='ltr'>induxi</span> <span class='ocrx_word' id='word_1_285' title='bbox 669 2231 706 2268; x_wconf 72' lang='grc' dir='ltr'>ςς</span> <span class='ocrx_word' id='word_1_286' title='bbox 733 2223 854 2259; x_wconf 87' lang='lat' dir='ltr'>inflixi</span> <span class='ocrx_word' id='word_1_287' title='bbox 884 2224 948 2260; x_wconf 84' lang='lat' dir='ltr'>Gr.</span> <span class='ocrx_word' id='word_1_288' title='bbox 989 2235 993 2239; x_wconf 90' lang='lat'>·</span> <span class='ocrx_word' id='word_1_289' title='bbox 1097 2229 1140 2260; x_wconf 88' lang='lat'>13</span> <span class='ocrx_word' id='word_1_290' title='bbox 1168 2227 1355 2271; x_wconf 88' lang='lat' dir='ltr'>quantum</span> <span class='ocrx_word' id='word_1_291' title='bbox 1379 2231 1417 2260; x_wconf 86' lang='lat' dir='ltr'><em>B</em></span> 
     </span>
    </p>
   </div>
   <div class='ocr_carea' id='block_1_4' title="bbox 98 2269 1480 2464">
    <p class='ocr_par' dir='ltr' id='par_1_4' title="bbox 98 2269 1480 2464">
     <span class='ocr_line' id='line_1_35' title="bbox 100 2269 1480 2320; baseline 0.004 -17"><span class='ocrx_word' id='word_1_292' title='bbox 100 2273 144 2304; x_wconf 82' lang='lat'>14</span> <span class='ocrx_word' id='word_1_293' title='bbox 170 2269 397 2306; x_wconf 86' lang='lat' dir='ltr'>matheriam</span> <span class='ocrx_word' id='word_1_294' title='bbox 423 2277 451 2304; x_wconf 71' lang='lat' dir='ltr'><em>V</em></span> <span class='ocrx_word' id='word_1_295' title='bbox 522 2275 565 2306; x_wconf 86' lang='lat'>15</span> <span class='ocrx_word' id='word_1_296' title='bbox 588 2271 691 2307; x_wconf 88' lang='lat' dir='ltr'>exitu</span> <span class='ocrx_word' id='word_1_297' title='bbox 717 2279 745 2307; x_wconf 77' lang='lat' dir='ltr'><strong><em>V</em></strong></span> <span class='ocrx_word' id='word_1_298' title='bbox 816 2276 859 2307; x_wconf 88' lang='lat'>19</span> <span class='ocrx_word' id='word_1_299' title='bbox 880 2273 1050 2318; x_wconf 88' lang='lat' dir='ltr'>torqueri</span> <span class='ocrx_word' id='word_1_300' title='bbox 1071 2283 1090 2317; x_wconf 78' lang='grc' dir='ltr'><strong><em>β</em></strong></span> <span class='ocrx_word' id='word_1_301' title='bbox 1165 2278 1208 2309; x_wconf 81' lang='grc'>21</span> <span class='ocrx_word' id='word_1_302' title='bbox 1230 2273 1420 2320; x_wconf 84' lang='lat' dir='ltr'>malignos</span> <span class='ocrx_word' id='word_1_303' title='bbox 1442 2281 1480 2308; x_wconf 66' lang='lat'>5:</span> 
     </span>
     <span class='ocr_line' id='line_1_36' title="bbox 98 2319 1480 2368; baseline 0.004 -16"><span class='ocrx_word' id='word_1_304' title='bbox 98 2328 256 2364; x_wconf 85' lang='lat' dir='ltr'>magnos</span> <span class='ocrx_word' id='word_1_305' title='bbox 283 2333 312 2353; x_wconf 90' lang='grc' dir='ltr'>ω</span> <span class='ocrx_word' id='word_1_306' title='bbox 398 2323 442 2354; x_wconf 83' lang='grc'>22</span> <span class='ocrx_word' id='word_1_307' title='bbox 470 2319 509 2354; x_wconf 90' lang='lat' dir='ltr'>in</span> <span class='ocrx_word' id='word_1_308' title='bbox 537 2319 665 2355; x_wconf 81' lang='lat' dir='ltr'>oculos</span> <span class='ocrx_word' id='word_1_309' title='bbox 692 2332 759 2356; x_wconf 84' lang='lat' dir='ltr'>om.</span> <span class='ocrx_word' id='word_1_310' title='bbox 788 2327 838 2365; x_wconf 83' lang='lat' dir='ltr'>M,</span> <span class='ocrx_word' id='word_1_311' title='bbox 865 2332 966 2367; x_wconf 80' lang='lat' dir='ltr'>supr.</span> <span class='ocrx_word' id='word_1_312' title='bbox 992 2336 1035 2357; x_wconf 87' lang='lat' dir='ltr'>m</span> <span class='ocrx_word' id='word_1_313' title='bbox 1128 2326 1173 2357; x_wconf 82' lang='lat'>23</span> <span class='ocrx_word' id='word_1_314' title='bbox 1200 2322 1480 2368; x_wconf 84' lang='lat' dir='ltr'>providentiam</span> 
     </span>
     <span class='ocr_line' id='line_1_37' title="bbox 98 2369 1417 2416; baseline 0.003 -15"><span class='ocrx_word' id='word_1_315' title='bbox 98 2376 222 2401; x_wconf 86' lang='lat' dir='ltr'>meam</span> <span class='ocrx_word' id='word_1_316' title='bbox 248 2382 296 2410; x_wconf 75' lang='grc' dir='ltr'>ως</span> <span class='ocrx_word' id='word_1_317' title='bbox 322 2378 414 2403; x_wconf 80' lang='lat' dir='ltr'>corr.</span> <span class='ocrx_word' id='word_1_318' title='bbox 444 2376 465 2402; x_wconf 79' lang='grc' dir='ltr'><strong>ς</strong></span> <span class='ocrx_word' id='word_1_319' title='bbox 594 2372 638 2403; x_wconf 78' lang='grc'>26</span> <span class='ocrx_word' id='word_1_320' title='bbox 670 2369 930 2405; x_wconf 87' lang='lat' dir='ltr'>renovandum</span> <span class='ocrx_word' id='word_1_321' title='bbox 956 2376 993 2405; x_wconf 84' lang='grc' dir='ltr'><strong><em>Β</em></strong></span> <span class='ocrx_word' id='word_1_322' title='bbox 1123 2374 1168 2405; x_wconf 75' lang='lat'>28</span> <span class='ocrx_word' id='word_1_323' title='bbox 1194 2371 1276 2416; x_wconf 84' lang='lat' dir='ltr'>ipse</span> <span class='ocrx_word' id='word_1_324' title='bbox 1310 2381 1349 2405; x_wconf 87' lang='lat' dir='ltr'>se</span> <span class='ocrx_word' id='word_1_325' title='bbox 1375 2376 1417 2405; x_wconf 87' lang='lat' dir='ltr'><em>M</em></span> 
     </span>
     <span class='ocr_line' id='line_1_38' title="bbox 98 2417 1336 2464; baseline 0.004 -15"><span class='ocrx_word' id='word_1_326' title='bbox 98 2417 143 2449; x_wconf 79' lang='lat'>29</span> <span class='ocrx_word' id='word_1_327' title='bbox 171 2418 217 2450; x_wconf 90' lang='grc'>30</span> <span class='ocrx_word' id='word_1_328' title='bbox 243 2426 289 2450; x_wconf 91' lang='lat' dir='ltr'>ne</span> <span class='ocrx_word' id='word_1_329' title='bbox 311 2436 355 2441; x_wconf 94' lang='lat'>—</span> <span class='ocrx_word' id='word_1_330' title='bbox 376 2427 423 2452; x_wconf 90' lang='lat' dir='ltr'>ne</span> <span class='ocrx_word' id='word_1_331' title='bbox 450 2422 492 2451; x_wconf 82' lang='lat' dir='ltr'><em>M</em></span> <span class='ocrx_word' id='word_1_332' title='bbox 588 2420 634 2452; x_wconf 89' lang='lat'>30</span> <span class='ocrx_word' id='word_1_333' title='bbox 662 2419 726 2453; x_wconf 88' lang='lat' dir='ltr'>ata</span> <span class='ocrx_word' id='word_1_334' title='bbox 751 2424 797 2462; x_wconf 84' lang='lat' dir='ltr'>B,</span> <span class='ocrx_word' id='word_1_335' title='bbox 824 2418 880 2454; x_wconf 87' lang='lat' dir='ltr'>ita</span> <span class='ocrx_word' id='word_1_336' title='bbox 906 2425 946 2464; x_wconf 60' lang='grc' dir='ltr'>ιη</span> <span class='ocrx_word' id='word_1_337' title='bbox 973 2418 1048 2454; x_wconf 84' lang='lat' dir='ltr'>ista</span> <span class='ocrx_word' id='word_1_338' title='bbox 1075 2425 1129 2464; x_wconf 67' lang='lat' dir='ltr'>M?</span> <span class='ocrx_word' id='word_1_339' title='bbox 1156 2419 1288 2463; x_wconf 89' lang='lat' dir='ltr'>itaque</span> <span class='ocrx_word' id='word_1_340' title='bbox 1315 2426 1336 2453; x_wconf 75' lang='grc' dir='ltr'><strong>ς</strong></span> 
     </span>
    </p>
   </div>
  </div>
 </body>
</html>
