1638 2560
489 126 811 164 DEOLAMATIO
835 127 889 164 VI
909 131 1062 164 10—12.
1379 129 1464 171 121

87 236 197 282 saria
226 244 359 294 erant,
397 256 445 283 cx
475 256 517 283 se
554 243 646 294 ipsa
682 244 908 294 prospexit,
945 243 1022 293 ita,
1061 256 1152 283 cum
1188 256 1327 283 rursus
1366 256 1467 295 opus

88 316 205 343 suum
233 303 419 354 resolvit,
456 317 626 354 corpora
657 306 796 343 nostra
828 316 951 355 quam
986 304 1165 355 primum
1195 304 1384 344 reducere
1416 304 1469 344 ad
1494 327 1498 329 Δ

86 363 289 416 principia
324 364 510 414 festinat,
551 367 599 404 ut
635 364 804 404 desertis
845 365 970 404 etiam
1012 365 1112 404 locis
1151 365 1257 405 circa
1297 365 1469 405 cadaver

86 426 222 465 tracta
249 424 448 465 imbribus
478 427 589 464 terra
618 426 851 476 concrescit,
882 426 1082 477 adgerunt
1112 426 1320 477 pulverem
1344 426 1470 476 venti,

49 500 68 529 5
88 488 131 525 et
166 486 389 537 liquefacta.
423 486 556 525 multa
592 486 656 525 die
699 486 886 531 membra
920 486 1122 537 paulatim
1164 486 1311 526 humus
1353 486 1470 538 bibit,

89 546 249 586 efiamsi
286 547 424 586 nullus
462 548 605 598 operit.
668 548 712 586 at
742 548 832 597 ipsa
870 547 992 599 longo
1023 549 1205 598 tempore
1236 548 1280 586 in
1316 551 1471 587 terram

88 619 180 647 ossa
210 607 412 647 desidunt.
474 607 591 647 nobis
621 620 717 647 vero
751 608 942 647 adversus
975 608 1177 647 exanimes
1216 608 1359 660 genuit
1388 621 1471 648 non

87 667 219 708 solum
254 668 556 707 miserationem
593 681 699 719 quae
737 669 977 720 cogitationi
1018 671 1182 708 nostrae
1227 669 1355 719 subit,
1399 669 1471 709 sed

87 729 212 768 efiam
247 729 495 780 religionem.
558 729 652 767 inde
690 729 841 780 ignotis
873 743 1034 780 quoque
1073 729 1307 781 corporibus
1338 732 1471 769 trans-

33 805 70 832 1ο
88 791 274 829 euntium
314 790 519 829 viatorum
563 790 778 829 conlaticia
822 791 1047 841 sepultura,
1090 790 1184 830 inde
1224 790 1375 830 iniecta
1419 790 1470 831 ab

88 850 231 890 alienis
262 850 421 890 humus.
482 851 639 889 facinus
670 850 901 903 indignum,
934 863 1024 890 cum
1055 851 1155 890 haec
1184 852 1246 890 ita
1276 852 1378 891 sint:
1410 864 1470 891 se-

86 911 228 963 pultus
259 912 364 950 esset
394 910 502 950 filius
533 923 659 961 meus,
692 911 773 950 nisi
803 912 1011 951 incidisset
1040 911 1084 950 in
1114 914 1298 951 matrem.

178 971 234 1011 Et
262 972 380 1021 haec,
410 971 580 1022 iudices,
618 984 700 1011 non
730 972 822 1011 ideo
855 985 929 1025 ego
962 972 1069 1022 dico,
1106 975 1154 1011 ut
1185 973 1348 1012 adfectu
1379 973 1471 1012 iura

88 1044 345 1084 corrumpam
363 1044 493 1083 neque
512 1032 627 1072 vobis
652 1032 872 1084 praecipio,
890 1033 960 1072 sed
985 1033 1241 1073 adversariae
1261 1033 1469 1102 exprobro.

34 1108 68 1136 15
87 1094 219 1145 legem
244 1093 407 1144 quidem
438 1095 560 1132 istam
585 1093 730 1144 quidni
760 1094 958 1144 horream,
990 1107 1081 1133 cum
1105 1094 1148 1132 id
1179 1107 1307 1133 unum
1330 1095 1470 1133 miser·

86 1154 191 1194 rimo
227 1154 367 1193 iuveni
404 1154 460 1193 sit
497 1154 700 1193 obiectum
737 1154 847 1206 quod
883 1155 927 1193 in
965 1155 1199 1194 calamitate
1237 1168 1318 1194 non
1360 1155 1471 1194 dese-

86 1215 215 1254 ruerit
243 1213 432 1266 patrem?
494 1215 565 1254 sed
596 1217 796 1266 quatenus
827 1216 963 1255 luctus
994 1216 1123 1255 nostri
1154 1216 1198 1254 in
1227 1217 1292 1255 ius
1323 1229 1470 1255 vocan-

87 1278 167 1325 tur,
199 1277 242 1315 et
270 1275 385 1314 flenti
416 1275 709 1327 disputandum
741 1278 814 1326 est,
846 1279 887 1315 et
918 1275 1087 1316 orbitati
1112 1289 1209 1315 suae
1233 1278 1366 1316 mater
1390 1278 1471 1315 ira-

87 1337 225 1387 scitur,
257 1349 489 1387 superemus
515 1349 638 1387 quam
669 1349 834 1376 exorare
859 1350 940 1375 non
964 1349 1189 1388 possumus.
1241 1340 1282 1376 et
1308 1338 1470 1388 quando

34 1412 71 1439 zo
89 1397 261 1436 duorum
292 1396 503 1436 hominum
533 1397 746 1436 miseriora
770 1399 867 1436 vota
892 1397 1065 1447 vidistis,
1096 1399 1143 1436 ut
1169 1398 1218 1436 de
1246 1398 1309 1437 his
1341 1400 1470 1448 pater,

90 1457 124 1497 si
154 1458 318 1507 vicerit,
349 1457 480 1497 filium
510 1470 631 1497 suum
663 1458 819 1508 efferat,
850 1461 998 1508 mater,
1030 1458 1065 1498 si
1096 1459 1258 1508 vicerit,
1293 1457 1471 1498 abiciat?

89 1531 194 1569 quae
236 1519 375 1557 tamen
417 1519 483 1556 lex
526 1516 616 1557 est?
688 1519 771 1569 qui
812 1520 1043 1569 parentes
1086 1519 1136 1557 in
1181 1519 1470 1559 calamitate

90 1578 384 1628 deseruerit,
434 1579 716 1630 insepultus
762 1579 1019 1618 abiciatur.
1092 1580 1222 1619 omnis
1266 1580 1382 1619 nobis
1426 1581 1471 1619 in

89 1639 166 1678 hac
190 1641 303 1690 prius
329 1652 462 1689 causa,
493 1639 658 1689 iudices,
690 1639 739 1678 de
765 1640 915 1691 scripto
942 1642 983 1679 et
1006 1641 1218 1680 intellectu
1248 1641 1351 1693 legis
1377 1653 1470 1680 con-

35 1715 70 1742 35
89 1700 218 1739 tentio
251 1702 324 1749 est,
355 1701 493 1739 utrum
516 1700 731 1739 verborum
762 1701 1029 1753 ambiguitate
1059 1714 1111 1740 an
1137 1701 1361 1741 voluntatis
1391 1701 1470 1740 fide

90 1760 280 1800 standum
314 1761 379 1800 sit.

179 1820 279 1860 Pars
311 1821 419 1860 enim
450 1821 610 1861 diversa
641 1821 685 1860 id
714 1821 862 1861 nititur
896 1824 1108 1873 parentem
1145 1822 1269 1862 fuisse
1293 1823 1336 1861 in
1362 1823 1470 1862 cala·
1491 1823 1542 1860 12

88 1882 233 1922 mitate
273 1895 363 1921 eam
400 1895 503 1932 quae
541 1882 699 1921 deserta
736 1882 807 1932 sit3
852 1883 967 1922 cuius
1003 1883 1063 1921 rei
1097 1896 1228 1934 poena
1266 1886 1327 1923 est
1366 1883 1470 1923 abici

89 1942 349 1994 insepultum.
412 1942 511 1994 quid
547 1944 638 1982 tum
675 1943 799 1983 fuerit
835 1944 879 1982 in
917 1956 1057 1994 causa,
1098 1944 1198 1995 quid
1235 1945 1290 1983 sit
1329 1946 1472 1995 postea

188 2120 462 2155 4traetatas
531 2123 553 2154 5
579 2107 761 2163 huffusB
833 2124 854 2155 6
881 2121 938 2156 at:
966 2120 1016 2156 ad
1040 2127 1092 2165 133
1120 2121 1223 2156 etM
1294 2123 1426 2156 'lvere
1452 2129 1472 2162 β

91 2171 114 2205 8
140 2179 239 2214 quae
263 2168 304 2204 in
330 2167 558 2215 cogitationi
583 2174 626 2203 Μ
731 2170 862 2204 nostra
887 2175 931 2204 Μ
1045 2173 1091 2204 14
1116 2168 1301 2215 exprobro
1327 2168 1469 2215 legem:

92 2229 259 2288 (ὲκ-910115
284 2241 322 2288 lt)
347 2240 432 2287 lege
458 2247 496 2275 B
593 2243 638 2276 15
664 2241 822 2287 quidam
847 2247 891 2276 Μ
985 2241 1120 2288 quidni
1150 2241 1343 2297 horream:
1377 2241 1471 2287 quid

91 2313 307 2350 inhorream
326 2322 376 2357 eet
438 2313 574 2349 horrea
591 2319 621 2347 V
684 2316 730 2349 20
750 2313 797 2349 de
817 2313 894 2349 his:
915 2313 997 2349 deis
1015 2320 1098 2358 BV3
1119 2303 1227 2350 dehis
1248 2314 1274 2360 (i
1292 2326 1394 2361 supr.
1415 2315 1471 2359 m)

92 2369 137 2398 ι
225 2366 269 2398 21
298 2361 435 2398 afferat
464 2369 493 2397 ι’
574 2365 620 2397 25
646 2361 720 2397 fide
746 2362 926 2398 standum
953 2371 990 2398 5:
1017 2362 1091 2398 fide
1117 2364 1306 2398 statutum
1329 2369 1471 2406 ΒΜβσς

92 2435 186 2471 fides
211 2436 363 2470 tantum
393 2441 421 2469 V
515 2438 559 2470 27
585 2422 656 2480 pars
683 2441 720 2470 P
815 2434 980 2470 diversa:
1008 2446 1032 2471 a
1056 2436 1098 2471 in
1116 2447 1190 2472 ras.
1211 2450 1253 2470 un
