<?xml version="1.0" encoding="UTF-8"?>
<!DOCTYPE html PUBLIC "-//W3C//DTD XHTML 1.0 Transitional//EN"
    "http://www.w3.org/TR/xhtml1/DTD/xhtml1-transitional.dtd">
<html xmlns="http://www.w3.org/1999/xhtml" xml:lang="en" lang="en">
 <head>
  <title>
</title>
<meta http-equiv="Content-Type" content="text/html;charset=utf-8" />
  <meta name='ocr-system' content='tesseract 3.04.00' />
  <meta name='ocr-capabilities' content='ocr_page ocr_carea ocr_par ocr_line ocrx_word'/>
</head>
<body>
  <div class='ocr_page' id='page_1' title='image "./quintilianiquaef00lehnuoft_0110.png"; bbox 0 0 1638 2560; ppageno 0'>
   <div class='ocr_carea' id='block_1_1' title="bbox 173 119 1046 170">
    <p class='ocr_par' dir='ltr' id='par_1_1' title="bbox 173 119 1046 170">
     <span class='ocr_line' id='line_1_1' title="bbox 173 119 1046 170; baseline -0.007 -8"><span class='ocrx_word' id='word_1_1' title='bbox 173 128 229 170; x_wconf 83' lang='grc'><strong>74</strong></span> <span class='ocrx_word' id='word_1_2' title='bbox 658 119 1046 158; x_wconf 79' lang='lat' dir='ltr'>MATHEMATICVS</span> 
     </span>
    </p>
   </div>
   <div class='ocr_carea' id='block_1_2' title="bbox 128 232 1596 1798">
    <p class='ocr_par' dir='ltr' id='par_1_2' title="bbox 171 232 1594 1303">
     <span class='ocr_line' id='line_1_2' title="bbox 260 232 1539 291; baseline -0.007 -11"><span class='ocrx_word' id='word_1_3' title='bbox 260 242 401 291; x_wconf 87' lang='lat' dir='ltr'>Neque</span> <span class='ocrx_word' id='word_1_4' title='bbox 427 241 498 289; x_wconf 87' lang='lat' dir='ltr'><strong>est,</strong></span> <span class='ocrx_word' id='word_1_5' title='bbox 529 238 572 276; x_wconf 92' lang='lat' dir='ltr'><strong>P.</strong></span> <span class='ocrx_word' id='word_1_6' title='bbox 601 236 654 287; x_wconf 80' lang='grc'><strong>0.,</strong></span> <span class='ocrx_word' id='word_1_7' title='bbox 687 235 794 287; x_wconf 89' lang='lat' dir='ltr'><strong>quod</strong></span> <span class='ocrx_word' id='word_1_8' title='bbox 824 235 980 275; x_wconf 82' lang='lat' dir='ltr'><strong>excludi</strong></span> <span class='ocrx_word' id='word_1_9' title='bbox 1010 233 1236 285; x_wconf 81' lang='lat' dir='ltr'><strong>praemium</strong></span> <span class='ocrx_word' id='word_1_10' title='bbox 1266 232 1418 284; x_wconf 87' lang='lat' dir='ltr'><strong>putetis</strong></span> <span class='ocrx_word' id='word_1_11' title='bbox 1443 245 1539 272; x_wconf 89' lang='lat' dir='ltr'><strong>con-</strong></span> 
     </span>
     <span class='ocr_line' id='line_1_3' title="bbox 171 298 1536 350; baseline -0.007 -9"><span class='ocrx_word' id='word_1_12' title='bbox 171 301 409 341; x_wconf 86' lang='lat' dir='ltr'><strong>tradictione</strong></span> <span class='ocrx_word' id='word_1_13' title='bbox 440 299 578 350; x_wconf 88' lang='lat' dir='ltr'><strong>patris.</strong></span> <span class='ocrx_word' id='word_1_14' title='bbox 629 298 779 337; x_wconf 86' lang='lat' dir='ltr'><strong>eximus</strong></span> <span class='ocrx_word' id='word_1_15' title='bbox 804 309 875 347; x_wconf 89' lang='lat' dir='ltr'><strong>per</strong></span> <span class='ocrx_word' id='word_1_16' title='bbox 899 308 1138 347; x_wconf 87' lang='lat' dir='ltr'><strong>magnorum</strong></span> <span class='ocrx_word' id='word_1_17' title='bbox 1164 307 1330 345; x_wconf 90' lang='lat' dir='ltr'><strong>operum</strong></span> <span class='ocrx_word' id='word_1_18' title='bbox 1353 305 1536 333; x_wconf 85' lang='lat' dir='ltr'><strong>reveren-</strong></span> 
     </span>
     <span class='ocr_line' id='line_1_4' title="bbox 171 354 1538 409; baseline -0.007 -8"><span class='ocrx_word' id='word_1_19' title='bbox 171 363 272 402; x_wconf 99' lang='lat' dir='ltr'><strong>tiam</strong></span> <span class='ocrx_word' id='word_1_20' title='bbox 303 361 350 399; x_wconf 88' lang='lat' dir='ltr'><strong>de</strong></span> <span class='ocrx_word' id='word_1_21' title='bbox 382 359 616 399; x_wconf 75' lang='lat' dir='ltr'><strong>necessitate</strong></span> <span class='ocrx_word' id='word_1_22' title='bbox 648 356 832 409; x_wconf 88' lang='lat' dir='ltr'><strong>parendi,</strong></span> <span class='ocrx_word' id='word_1_23' title='bbox 870 358 911 396; x_wconf 87' lang='lat' dir='ltr'><strong>et</strong></span> <span class='ocrx_word' id='word_1_24' title='bbox 941 357 1013 395; x_wconf 78' lang='lat' dir='ltr'><strong>aut</strong></span> <span class='ocrx_word' id='word_1_25' title='bbox 1043 355 1207 394; x_wconf 87' lang='lat' dir='ltr'><strong>interim</strong></span> <span class='ocrx_word' id='word_1_26' title='bbox 1243 354 1358 394; x_wconf 86' lang='lat' dir='ltr'><strong>nobis</strong></span> <span class='ocrx_word' id='word_1_27' title='bbox 1389 366 1538 406; x_wconf 81' lang='lat' dir='ltr'><strong>magna</strong></span> 
     </span>
     <span class='ocr_line' id='line_1_5' title="bbox 172 415 1536 468; baseline -0.006 -7"><span class='ocrx_word' id='word_1_28' title='bbox 172 422 284 462; x_wconf 87' lang='lat' dir='ltr'><strong>venit</strong></span> <span class='ocrx_word' id='word_1_29' title='bbox 314 423 451 460; x_wconf 87' lang='lat' dir='ltr'><strong>contra</strong></span> <span class='ocrx_word' id='word_1_30' title='bbox 482 420 653 459; x_wconf 85' lang='lat' dir='ltr'><strong>nominis</strong></span> <span class='ocrx_word' id='word_1_31' title='bbox 684 417 802 456; x_wconf 91' lang='lat' dir='ltr'><strong>huius</strong></span> <span class='ocrx_word' id='word_1_32' title='bbox 833 418 1058 468; x_wconf 87' lang='lat' dir='ltr'><strong>potentiam</strong></span> <span class='ocrx_word' id='word_1_33' title='bbox 1089 415 1138 455; x_wconf 86' lang='lat' dir='ltr'><strong>de</strong></span> <span class='ocrx_word' id='word_1_34' title='bbox 1169 415 1367 455; x_wconf 86' lang='lat' dir='ltr'><strong>virtutum</strong></span> <span class='ocrx_word' id='word_1_35' title='bbox 1398 415 1536 454; x_wconf 82' lang='lat' dir='ltr'><strong>favore</strong></span> 
     </span>
     <span class='ocr_line' id='line_1_6' title="bbox 171 476 1593 531; baseline -0.006 -10"><span class='ocrx_word' id='word_1_36' title='bbox 171 483 353 531; x_wconf 88' lang='lat' dir='ltr'><strong>libertas,</strong></span> <span class='ocrx_word' id='word_1_37' title='bbox 394 482 466 520; x_wconf 89' lang='lat' dir='ltr'><strong>aut</strong></span> <span class='ocrx_word' id='word_1_38' title='bbox 498 478 688 529; x_wconf 89' lang='lat' dir='ltr'><strong>obsequia</strong></span> <span class='ocrx_word' id='word_1_39' title='bbox 717 479 881 529; x_wconf 86' lang='lat' dir='ltr'><strong>peracta</strong></span> <span class='ocrx_word' id='word_1_40' title='bbox 913 477 1075 516; x_wconf 88' lang='lat' dir='ltr'><strong>demum</strong></span> <span class='ocrx_word' id='word_1_41' title='bbox 1106 476 1269 527; x_wconf 89' lang='lat' dir='ltr'><strong>optione</strong></span> <span class='ocrx_word' id='word_1_42' title='bbox 1298 477 1535 527; x_wconf 70' lang='lat' dir='ltr'><strong>repetemus.</strong></span> <span class='ocrx_word' id='word_1_43' title='bbox 1575 486 1593 514; x_wconf 81' lang='lat'><strong>5</strong></span> 
     </span>
     <span class='ocr_line' id='line_1_7' title="bbox 172 536 1539 592; baseline -0.004 -11"><span class='ocrx_word' id='word_1_44' title='bbox 172 555 252 582; x_wconf 91' lang='lat' dir='ltr'><strong>non</strong></span> <span class='ocrx_word' id='word_1_45' title='bbox 283 543 342 581; x_wconf 91' lang='lat' dir='ltr'><strong>est</strong></span> <span class='ocrx_word' id='word_1_46' title='bbox 374 540 481 592; x_wconf 89' lang='lat' dir='ltr'><strong>quod</strong></span> <span class='ocrx_word' id='word_1_47' title='bbox 510 552 580 580; x_wconf 88' lang='lat' dir='ltr'><strong>vos</strong></span> <span class='ocrx_word' id='word_1_48' title='bbox 611 539 833 579; x_wconf 88' lang='lat' dir='ltr'><strong>resistentis</strong></span> <span class='ocrx_word' id='word_1_49' title='bbox 863 539 1025 578; x_wconf 85' lang='lat' dir='ltr'><strong>moveat</strong></span> <span class='ocrx_word' id='word_1_50' title='bbox 1056 537 1286 577; x_wconf 87' lang='lat' dir='ltr'><strong>auctoritas.</strong></span> <span class='ocrx_word' id='word_1_51' title='bbox 1337 536 1539 575; x_wconf 86' lang='lat' dir='ltr'><strong>neminem</strong></span> 
     </span>
     <span class='ocr_line' id='line_1_8' title="bbox 171 596 1536 649; baseline -0.006 -7"><span class='ocrx_word' id='word_1_52' title='bbox 171 603 350 642; x_wconf 78' lang='lat' dir='ltr'>invenias</span> <span class='ocrx_word' id='word_1_53' title='bbox 382 602 484 640; x_wconf 87' lang='lat' dir='ltr'><strong>mori</strong></span> <span class='ocrx_word' id='word_1_54' title='bbox 508 600 709 640; x_wconf 87' lang='lat' dir='ltr'><strong>volentem</strong></span> <span class='ocrx_word' id='word_1_55' title='bbox 741 600 810 649; x_wconf 91' lang='lat' dir='ltr'><strong>qui</strong></span> <span class='ocrx_word' id='word_1_56' title='bbox 834 611 916 638; x_wconf 91' lang='lat' dir='ltr'><strong>non</strong></span> <span class='ocrx_word' id='word_1_57' title='bbox 947 598 1095 637; x_wconf 83' lang='lat' dir='ltr'><strong>habeat</strong></span> <span class='ocrx_word' id='word_1_58' title='bbox 1120 596 1297 648; x_wconf 81' lang='lat' dir='ltr'><strong>aliquem</strong></span> <span class='ocrx_word' id='word_1_59' title='bbox 1320 598 1536 636; x_wconf 84' lang='lat' dir='ltr'><strong>vetantem.</strong></span> 
     </span>
     <span class='ocr_line' id='line_1_9' title="bbox 172 657 1539 713; baseline -0.004 -12"><span class='ocrx_word' id='word_1_60' title='bbox 172 663 241 701; x_wconf 91' lang='lat' dir='ltr'><strong>ille</strong></span> <span class='ocrx_word' id='word_1_61' title='bbox 273 662 336 701; x_wconf 91' lang='lat' dir='ltr'><strong>cui</strong></span> <span class='ocrx_word' id='word_1_62' title='bbox 366 663 525 713; x_wconf 90' lang='lat' dir='ltr'><strong>praesto</strong></span> <span class='ocrx_word' id='word_1_63' title='bbox 556 673 636 700; x_wconf 90' lang='lat' dir='ltr'><strong>non</strong></span> <span class='ocrx_word' id='word_1_64' title='bbox 662 661 756 699; x_wconf 90' lang='lat' dir='ltr'><strong>sunt</strong></span> <span class='ocrx_word' id='word_1_65' title='bbox 780 659 950 711; x_wconf 86' lang='lat' dir='ltr'><strong>pignera</strong></span> <span class='ocrx_word' id='word_1_66' title='bbox 975 657 1169 708; x_wconf 83' lang='lat' dir='ltr'><strong>caritatis,</strong></span> <span class='ocrx_word' id='word_1_67' title='bbox 1199 658 1378 697; x_wconf 80' lang='lat' dir='ltr'><strong>lacrimis</strong></span> <span class='ocrx_word' id='word_1_68' title='bbox 1402 659 1539 696; x_wconf 88' lang='lat' dir='ltr'><strong>tamen</strong></span> 
     </span>
     <span class='ocr_line' id='line_1_10' title="bbox 174 718 1538 770; baseline -0.003 -9"><span class='ocrx_word' id='word_1_69' title='bbox 174 722 421 762; x_wconf 86' lang='lat' dir='ltr'><strong>audientium</strong></span> <span class='ocrx_word' id='word_1_70' title='bbox 446 723 487 761; x_wconf 91' lang='lat' dir='ltr'><strong>et</strong></span> <span class='ocrx_word' id='word_1_71' title='bbox 512 719 849 760; x_wconf 74' lang='lat' dir='ltr'><strong>consolationibus</strong></span> <span class='ocrx_word' id='word_1_72' title='bbox 882 721 923 758; x_wconf 90' lang='lat' dir='ltr'><strong>et</strong></span> <span class='ocrx_word' id='word_1_73' title='bbox 953 718 1256 770; x_wconf 88' lang='lat' dir='ltr'><strong>promptissima</strong></span> <span class='ocrx_word' id='word_1_74' title='bbox 1287 730 1443 769; x_wconf 87' lang='lat' dir='ltr'><strong>semper</strong></span> <span class='ocrx_word' id='word_1_75' title='bbox 1474 730 1538 756; x_wconf 84' lang='lat' dir='ltr'><strong>ex-</strong></span> 
     </span>
     <span class='ocr_line' id='line_1_11' title="bbox 172 779 1594 831; baseline -0.004 -9"><span class='ocrx_word' id='word_1_76' title='bbox 172 784 398 822; x_wconf 84' lang='lat' dir='ltr'><strong>hortatione</strong></span> <span class='ocrx_word' id='word_1_77' title='bbox 436 782 640 821; x_wconf 84' lang='lat' dir='ltr'><strong>retinetur.</strong></span> <span class='ocrx_word' id='word_1_78' title='bbox 702 780 935 831; x_wconf 86' lang='lat' dir='ltr'><strong>parentibus</strong></span> <span class='ocrx_word' id='word_1_79' title='bbox 973 792 1067 819; x_wconf 84' lang='lat' dir='ltr'><strong>vero</strong></span> <span class='ocrx_word' id='word_1_80' title='bbox 1106 779 1212 818; x_wconf 86' lang='lat' dir='ltr'><strong>circa</strong></span> <span class='ocrx_word' id='word_1_81' title='bbox 1248 779 1395 818; x_wconf 89' lang='lat' dir='ltr'><strong>liberos</strong></span> <span class='ocrx_word' id='word_1_82' title='bbox 1435 790 1539 817; x_wconf 84' lang='lat' dir='ltr'><strong>unus</strong></span> <span class='ocrx_word' id='word_1_83' title='bbox 1559 790 1594 818; x_wconf 87' lang='lat'><strong>10</strong></span> 
     </span>
     <span class='ocr_line' id='line_1_12' title="bbox 174 838 1540 892; baseline -0.003 -10"><span class='ocrx_word' id='word_1_84' title='bbox 174 843 352 882; x_wconf 87' lang='lat' dir='ltr'><strong>adfectus</strong></span> <span class='ocrx_word' id='word_1_85' title='bbox 391 844 466 892; x_wconf 90' lang='lat' dir='ltr'><strong>est,</strong></span> <span class='ocrx_word' id='word_1_86' title='bbox 504 843 638 881; x_wconf 86' lang='lat' dir='ltr'><strong>favere</strong></span> <span class='ocrx_word' id='word_1_87' title='bbox 675 841 802 890; x_wconf 81' lang='lat' dir='ltr'><strong>vitae,</strong></span> <span class='ocrx_word' id='word_1_88' title='bbox 842 841 983 879; x_wconf 89' lang='lat' dir='ltr'><strong>timere</strong></span> <span class='ocrx_word' id='word_1_89' title='bbox 1023 841 1206 879; x_wconf 89' lang='lat' dir='ltr'><strong>mortem.</strong></span> <span class='ocrx_word' id='word_1_90' title='bbox 1267 852 1349 878; x_wconf 90' lang='lat' dir='ltr'><strong>non</strong></span> <span class='ocrx_word' id='word_1_91' title='bbox 1388 838 1540 878; x_wconf 84' lang='lat' dir='ltr'><strong>habent</strong></span> 
     </span>
     <span class='ocr_line' id='line_1_13' title="bbox 172 900 1540 954; baseline -0.003 -12"><span class='ocrx_word' id='word_1_92' title='bbox 172 904 411 954; x_wconf 87' lang='lat' dir='ltr'><strong>patientiam</strong></span> <span class='ocrx_word' id='word_1_93' title='bbox 447 915 519 942; x_wconf 90' lang='lat' dir='ltr'><strong>nec</strong></span> <span class='ocrx_word' id='word_1_94' title='bbox 548 903 678 941; x_wconf 88' lang='lat' dir='ltr'><strong>iustae</strong></span> <span class='ocrx_word' id='word_1_95' title='bbox 711 900 915 951; x_wconf 87' lang='lat' dir='ltr'><strong>orbitatis,</strong></span> <span class='ocrx_word' id='word_1_96' title='bbox 953 902 994 940; x_wconf 90' lang='lat' dir='ltr'><strong>et</strong></span> <span class='ocrx_word' id='word_1_97' title='bbox 1024 900 1130 939; x_wconf 87' lang='lat' dir='ltr'><strong>inter</strong></span> <span class='ocrx_word' id='word_1_98' title='bbox 1161 900 1361 951; x_wconf 90' lang='lat' dir='ltr'><strong>supplicia</strong></span> <span class='ocrx_word' id='word_1_99' title='bbox 1394 900 1540 939; x_wconf 85' lang='lat' dir='ltr'><strong>merita</strong></span> 
     </span>
     <span class='ocr_line' id='line_1_14' title="bbox 173 959 1541 1014; baseline -0.002 -12"><span class='ocrx_word' id='word_1_100' title='bbox 173 975 401 1014; x_wconf 88' lang='lat' dir='ltr'><strong>poenasque</strong></span> <span class='ocrx_word' id='word_1_101' title='bbox 441 975 575 1002; x_wconf 90' lang='lat' dir='ltr'><strong>omnes</strong></span> <span class='ocrx_word' id='word_1_102' title='bbox 622 965 758 1001; x_wconf 89' lang='lat' dir='ltr'><strong>tamen</strong></span> <span class='ocrx_word' id='word_1_103' title='bbox 803 961 884 1000; x_wconf 91' lang='lat' dir='ltr'><strong>illis</strong></span> <span class='ocrx_word' id='word_1_104' title='bbox 932 962 1181 1009; x_wconf 87' lang='lat' dir='ltr'><strong>innocentes,</strong></span> <span class='ocrx_word' id='word_1_105' title='bbox 1224 972 1361 1000; x_wconf 87' lang='lat' dir='ltr'><strong>omnes</strong></span> <span class='ocrx_word' id='word_1_106' title='bbox 1404 959 1541 1003; x_wconf 81' lang='lat' dir='ltr'><strong>miseri</strong></span> 
     </span>
     <span class='ocr_line' id='line_1_15' title="bbox 175 1021 1540 1075; baseline -0.001 -13"><span class='ocrx_word' id='word_1_107' title='bbox 175 1036 319 1063; x_wconf 91' lang='lat' dir='ltr'><strong>sumus.</strong></span> <span class='ocrx_word' id='word_1_108' title='bbox 382 1036 473 1075; x_wconf 87' lang='lat' dir='ltr'><strong>ego,</strong></span> <span class='ocrx_word' id='word_1_109' title='bbox 504 1023 549 1061; x_wconf 87' lang='lat' dir='ltr'><strong>P.</strong></span> <span class='ocrx_word' id='word_1_110' title='bbox 577 1022 636 1073; x_wconf 59' lang='lat' dir='ltr'><strong>G„</strong></span> <span class='ocrx_word' id='word_1_111' title='bbox 674 1035 923 1062; x_wconf 88' lang='lat' dir='ltr'><strong>communem</strong></span> <span class='ocrx_word' id='word_1_112' title='bbox 959 1022 1062 1061; x_wconf 88' lang='lat' dir='ltr'><strong>hanc</strong></span> <span class='ocrx_word' id='word_1_113' title='bbox 1099 1021 1399 1072; x_wconf 82' lang='lat' dir='ltr'><strong>impatientiam</strong></span> <span class='ocrx_word' id='word_1_114' title='bbox 1435 1021 1540 1060; x_wconf 71' lang='lat' dir='ltr'><strong>senis</strong></span> 
     </span>
     <span class='ocr_line' id='line_1_16' title="bbox 176 1081 1594 1134; baseline -0.002 -11"><span class='ocrx_word' id='word_1_115' title='bbox 176 1083 345 1123; x_wconf 86' lang='lat' dir='ltr'><strong>accendo</strong></span> <span class='ocrx_word' id='word_1_116' title='bbox 376 1084 544 1134; x_wconf 88' lang='lat' dir='ltr'><strong>pietate,</strong></span> <span class='ocrx_word' id='word_1_117' title='bbox 580 1083 814 1122; x_wconf 86' lang='lat' dir='ltr'><strong>reverentia.</strong></span> <span class='ocrx_word' id='word_1_118' title='bbox 876 1082 963 1121; x_wconf 86' lang='lat' dir='ltr'><strong>fieri</strong></span> <span class='ocrx_word' id='word_1_119' title='bbox 993 1095 1073 1122; x_wconf 90' lang='lat' dir='ltr'><strong>non</strong></span> <span class='ocrx_word' id='word_1_120' title='bbox 1103 1083 1255 1133; x_wconf 88' lang='lat' dir='ltr'><strong>potest,</strong></span> <span class='ocrx_word' id='word_1_121' title='bbox 1285 1083 1333 1120; x_wconf 88' lang='lat' dir='ltr'><strong>ut</strong></span> <span class='ocrx_word' id='word_1_122' title='bbox 1363 1093 1405 1120; x_wconf 89' lang='lat' dir='ltr'><strong>se</strong></span> <span class='ocrx_word' id='word_1_123' title='bbox 1435 1081 1541 1120; x_wconf 89' lang='lat' dir='ltr'><strong>mori</strong></span> <span class='ocrx_word' id='word_1_124' title='bbox 1560 1092 1594 1120; x_wconf 77' lang='lat'><strong>15</strong></span> 
     </span>
     <span class='ocr_line' id='line_1_17' title="bbox 175 1141 1542 1194; baseline -0.001 -12"><span class='ocrx_word' id='word_1_125' title='bbox 175 1143 315 1183; x_wconf 89' lang='lat' dir='ltr'><strong>debere</strong></span> <span class='ocrx_word' id='word_1_126' title='bbox 355 1143 594 1194; x_wconf 86' lang='lat' dir='ltr'><strong>persuadeat</strong></span> <span class='ocrx_word' id='word_1_127' title='bbox 632 1144 741 1194; x_wconf 88' lang='lat' dir='ltr'><strong>patri</strong></span> <span class='ocrx_word' id='word_1_128' title='bbox 774 1142 898 1192; x_wconf 87' lang='lat' dir='ltr'><strong>fflius,</strong></span> <span class='ocrx_word' id='word_1_129' title='bbox 938 1144 1104 1193; x_wconf 87' lang='lat' dir='ltr'><strong>propter</strong></span> <span class='ocrx_word' id='word_1_130' title='bbox 1142 1155 1261 1193; x_wconf 90' lang='lat' dir='ltr'><strong>quem</strong></span> <span class='ocrx_word' id='word_1_131' title='bbox 1302 1154 1343 1181; x_wconf 89' lang='lat' dir='ltr'><strong>se</strong></span> <span class='ocrx_word' id='word_1_132' title='bbox 1380 1141 1542 1182; x_wconf 82' lang='lat' dir='ltr'><strong>videtur</strong></span> 
     </span>
     <span class='ocr_line' id='line_1_18' title="bbox 176 1202 1540 1255; baseline -0.001 -12"><span class='ocrx_word' id='word_1_133' title='bbox 176 1204 361 1243; x_wconf 89' lang='lat' dir='ltr'><strong>occidere.</strong></span> <span class='ocrx_word' id='word_1_134' title='bbox 405 1204 595 1243; x_wconf 87' lang='lat' dir='ltr'><strong>hactenus</strong></span> <span class='ocrx_word' id='word_1_135' title='bbox 621 1203 741 1255; x_wconf 86' lang='lat' dir='ltr'><strong>leges,</strong></span> <span class='ocrx_word' id='word_1_136' title='bbox 765 1203 957 1242; x_wconf 88' lang='lat' dir='ltr'><strong>hactenus</strong></span> <span class='ocrx_word' id='word_1_137' title='bbox 983 1204 1128 1243; x_wconf 87' lang='lat' dir='ltr'><strong>merita</strong></span> <span class='ocrx_word' id='word_1_138' title='bbox 1151 1203 1359 1242; x_wconf 88' lang='lat' dir='ltr'><strong>virtutum.</strong></span> <span class='ocrx_word' id='word_1_139' title='bbox 1405 1202 1540 1242; x_wconf 81' lang='lat' dir='ltr'><strong>venia-</strong></span> 
     </span>
     <span class='ocr_line' id='line_1_19' title="bbox 174 1264 640 1303; baseline -0.002 0"><span class='ocrx_word' id='word_1_140' title='bbox 174 1277 262 1303; x_wconf 90' lang='lat' dir='ltr'><strong>mus</strong></span> <span class='ocrx_word' id='word_1_141' title='bbox 296 1264 346 1302; x_wconf 90' lang='lat' dir='ltr'><strong>ad</strong></span> <span class='ocrx_word' id='word_1_142' title='bbox 375 1264 640 1303; x_wconf 86' lang='lat' dir='ltr'><strong>necessitates.</strong></span> 
     </span>
    </p>

    <p class='ocr_par' dir='ltr' id='par_1_3' title="bbox 128 1323 1595 1677">
     <span class='ocr_line' id='line_1_20' title="bbox 128 1323 1542 1375; baseline 0 -13"><span class='ocrx_word' id='word_1_143' title='bbox 128 1324 152 1361; x_wconf 87' lang='grc'>8</span> <span class='ocrx_word' id='word_1_144' title='bbox 265 1324 368 1363; x_wconf 87' lang='lat' dir='ltr'><strong>Mori</strong></span> <span class='ocrx_word' id='word_1_145' title='bbox 399 1324 508 1374; x_wconf 85' lang='lat' dir='ltr'><strong>volo,</strong></span> <span class='ocrx_word' id='word_1_146' title='bbox 544 1325 620 1375; x_wconf 88' lang='lat' dir='ltr'><strong>ita,</strong></span> <span class='ocrx_word' id='word_1_147' title='bbox 658 1325 705 1363; x_wconf 90' lang='lat' dir='ltr'><strong>ut</strong></span> <span class='ocrx_word' id='word_1_148' title='bbox 735 1324 853 1364; x_wconf 92' lang='lat' dir='ltr'><strong>modo</strong></span> <span class='ocrx_word' id='word_1_149' title='bbox 884 1324 1041 1364; x_wconf 87' lang='lat' dir='ltr'><strong>reddidi</strong></span> <span class='ocrx_word' id='word_1_150' title='bbox 1078 1336 1228 1364; x_wconf 87' lang='lat' dir='ltr'><strong>causas.</strong></span> <span class='ocrx_word' id='word_1_151' title='bbox 1291 1323 1352 1363; x_wconf 85' lang='lat' dir='ltr'><strong>ita</strong></span> <span class='ocrx_word' id='word_1_152' title='bbox 1382 1336 1463 1363; x_wconf 90' lang='lat' dir='ltr'><strong>non</strong></span> <span class='ocrx_word' id='word_1_153' title='bbox 1494 1335 1542 1362; x_wconf 85' lang='lat' dir='ltr'><strong>ex</strong></span> 
     </span>
     <span class='ocr_line' id='line_1_21' title="bbox 174 1383 1595 1435; baseline -0.001 -12"><span class='ocrx_word' id='word_1_154' title='bbox 174 1385 249 1424; x_wconf 88' lang='lat' dir='ltr'><strong>hac</strong></span> <span class='ocrx_word' id='word_1_155' title='bbox 275 1384 539 1423; x_wconf 87' lang='lat' dir='ltr'><strong>destinatione</strong></span> <span class='ocrx_word' id='word_1_156' title='bbox 565 1386 721 1424; x_wconf 90' lang='lat' dir='ltr'><strong>sentitis</strong></span> <span class='ocrx_word' id='word_1_157' title='bbox 749 1385 949 1435; x_wconf 73' lang='lat' dir='ltr'><strong>quicquid.</strong></span> <span class='ocrx_word' id='word_1_158' title='bbox 965 1384 1045 1424; x_wconf 86' lang='lat' dir='ltr'><strong>dici</strong></span> <span class='ocrx_word' id='word_1_159' title='bbox 1070 1386 1214 1435; x_wconf 90' lang='lat' dir='ltr'><strong>potest,</strong></span> <span class='ocrx_word' id='word_1_160' title='bbox 1244 1383 1435 1435; x_wconf 88' lang='lat' dir='ltr'><strong>quicquid</strong></span> <span class='ocrx_word' id='word_1_161' title='bbox 1459 1383 1540 1423; x_wconf 88' lang='lat' dir='ltr'><strong>dici</strong></span> <span class='ocrx_word' id='word_1_162' title='bbox 1559 1396 1595 1422; x_wconf 70' lang='lat'><strong>20</strong></span> 
     </span>
     <span class='ocr_line' id='line_1_22' title="bbox 175 1444 1541 1496; baseline -0.001 -13"><span class='ocrx_word' id='word_1_163' title='bbox 175 1458 255 1484; x_wconf 91' lang='lat' dir='ltr'><strong>non</strong></span> <span class='ocrx_word' id='word_1_164' title='bbox 285 1444 445 1495; x_wconf 76' lang='lat' dir='ltr'><strong>potest?</strong></span> <span class='ocrx_word' id='word_1_165' title='bbox 505 1445 663 1494; x_wconf 85' lang='lat' dir='ltr'><strong>viderit,</strong></span> <span class='ocrx_word' id='word_1_166' title='bbox 696 1445 793 1495; x_wconf 89' lang='lat' dir='ltr'><strong>quid</strong></span> <span class='ocrx_word' id='word_1_167' title='bbox 823 1457 894 1484; x_wconf 90' lang='lat' dir='ltr'><strong>nos</strong></span> <span class='ocrx_word' id='word_1_168' title='bbox 925 1445 1129 1495; x_wconf 90' lang='lat' dir='ltr'><strong>hucusque</strong></span> <span class='ocrx_word' id='word_1_169' title='bbox 1161 1445 1388 1496; x_wconf 87' lang='lat' dir='ltr'><strong>protulerit.</strong></span> <span class='ocrx_word' id='word_1_170' title='bbox 1447 1444 1541 1483; x_wconf 89' lang='lat' dir='ltr'><strong>hinc</strong></span> 
     </span>
     <span class='ocr_line' id='line_1_23' title="bbox 175 1504 1541 1558; baseline 0.001 -15"><span class='ocrx_word' id='word_1_171' title='bbox 175 1505 318 1555; x_wconf 88' lang='lat' dir='ltr'><strong>incipit</strong></span> <span class='ocrx_word' id='word_1_172' title='bbox 342 1506 456 1544; x_wconf 87' lang='lat' dir='ltr'><strong>ratio.</strong></span> <span class='ocrx_word' id='word_1_173' title='bbox 507 1505 613 1556; x_wconf 88' lang='lat' dir='ltr'><strong>quod</strong></span> <span class='ocrx_word' id='word_1_174' title='bbox 638 1506 742 1555; x_wconf 85' lang='lat' dir='ltr'><strong>volo,</strong></span> <span class='ocrx_word' id='word_1_175' title='bbox 762 1505 912 1558; x_wconf 80' lang='lat' dir='ltr'><strong>‘fingite</strong></span> <span class='ocrx_word' id='word_1_176' title='bbox 936 1519 1061 1545; x_wconf 89' lang='lat' dir='ltr'><strong>unum</strong></span> <span class='ocrx_word' id='word_1_177' title='bbox 1087 1519 1134 1545; x_wconf 83' lang='lat' dir='ltr'><strong>ex</strong></span> <span class='ocrx_word' id='word_1_178' title='bbox 1165 1505 1315 1557; x_wconf 89' lang='lat' dir='ltr'><strong>populo</strong></span> <span class='ocrx_word' id='word_1_179' title='bbox 1340 1504 1541 1555; x_wconf 86' lang='lat' dir='ltr'><strong>turbaque</strong></span> 
     </span>
     <span class='ocr_line' id='line_1_24' title="bbox 175 1565 1542 1616; baseline 0.001 -13"><span class='ocrx_word' id='word_1_180' title='bbox 175 1566 310 1615; x_wconf 89' lang='lat' dir='ltr'><strong>petere</strong></span> <span class='ocrx_word' id='word_1_181' title='bbox 341 1565 452 1604; x_wconf 89' lang='lat' dir='ltr'><strong>iussu</strong></span> <span class='ocrx_word' id='word_1_182' title='bbox 485 1566 767 1616; x_wconf 84' lang='lat' dir='ltr'><strong>praemiorum.</strong></span> <span class='ocrx_word' id='word_1_183' title='bbox 828 1579 909 1605; x_wconf 91' lang='lat' dir='ltr'><strong>non</strong></span> <span class='ocrx_word' id='word_1_184' title='bbox 940 1566 1058 1606; x_wconf 86' lang='lat' dir='ltr'><strong>debet</strong></span> <span class='ocrx_word' id='word_1_185' title='bbox 1088 1566 1164 1606; x_wconf 86' lang='lat' dir='ltr'><strong>hoc</strong></span> <span class='ocrx_word' id='word_1_186' title='bbox 1194 1566 1326 1605; x_wconf 88' lang='lat' dir='ltr'><strong>vetari</strong></span> <span class='ocrx_word' id='word_1_187' title='bbox 1355 1566 1542 1616; x_wconf 87' lang='lat' dir='ltr'><strong>quotiens</strong></span> 
     </span>
     <span class='ocr_line' id='line_1_25' title="bbox 176 1625 1250 1677; baseline 0.001 -14"><span class='ocrx_word' id='word_1_188' title='bbox 176 1625 298 1663; x_wconf 87' lang='lat' dir='ltr'><strong>habet</strong></span> <span class='ocrx_word' id='word_1_189' title='bbox 329 1638 485 1675; x_wconf 87' lang='lat' dir='ltr'><strong>causas,</strong></span> <span class='ocrx_word' id='word_1_190' title='bbox 516 1639 597 1664; x_wconf 90' lang='lat' dir='ltr'><strong>non</strong></span> <span class='ocrx_word' id='word_1_191' title='bbox 627 1627 761 1676; x_wconf 90' lang='lat' dir='ltr'><strong>potest</strong></span> <span class='ocrx_word' id='word_1_192' title='bbox 793 1627 975 1677; x_wconf 91' lang='lat' dir='ltr'><strong>quotiens</strong></span> <span class='ocrx_word' id='word_1_193' title='bbox 1007 1639 1087 1666; x_wconf 90' lang='lat' dir='ltr'><strong>non</strong></span> <span class='ocrx_word' id='word_1_194' title='bbox 1118 1626 1250 1665; x_wconf 89' lang='lat' dir='ltr'><strong>habet.</strong></span> 
     </span>
    </p>

    <p class='ocr_par' dir='ltr' id='par_1_4' title="bbox 177 1684 1596 1798">
     <span class='ocr_line' id='line_1_26' title="bbox 268 1684 1596 1736; baseline 0.002 -13"><span class='ocrx_word' id='word_1_195' title='bbox 268 1684 431 1733; x_wconf 83' lang='lat' dir='ltr'><strong>Scilicet</strong></span> <span class='ocrx_word' id='word_1_196' title='bbox 459 1687 565 1724; x_wconf 88' lang='lat' dir='ltr'><strong>enim</strong></span> <span class='ocrx_word' id='word_1_197' title='bbox 595 1686 811 1725; x_wconf 87' lang='lat' dir='ltr'><strong>verendum</strong></span> <span class='ocrx_word' id='word_1_198' title='bbox 843 1688 914 1736; x_wconf 90' lang='lat' dir='ltr'><strong>est,</strong></span> <span class='ocrx_word' id='word_1_199' title='bbox 945 1700 994 1726; x_wconf 89' lang='lat' dir='ltr'><strong>ne</strong></span> <span class='ocrx_word' id='word_1_200' title='bbox 1028 1687 1079 1726; x_wconf 93' lang='lat' dir='ltr'><strong>ad</strong></span> <span class='ocrx_word' id='word_1_201' title='bbox 1109 1687 1185 1726; x_wconf 89' lang='lat' dir='ltr'><strong>hoc</strong></span> <span class='ocrx_word' id='word_1_202' title='bbox 1215 1686 1459 1736; x_wconf 86' lang='lat' dir='ltr'><strong>inconsulte,</strong></span> <span class='ocrx_word' id='word_1_203' title='bbox 1490 1699 1541 1726; x_wconf 88' lang='lat' dir='ltr'><strong>ne</strong></span> <span class='ocrx_word' id='word_1_204' title='bbox 1560 1699 1596 1726; x_wconf 83' lang='lat'><strong>25</strong></span> 
     </span>
     <span class='ocr_line' id='line_1_27' title="bbox 177 1745 1542 1798; baseline 0.001 -15"><span class='ocrx_word' id='word_1_205' title='bbox 177 1746 324 1784; x_wconf 87' lang='lat' dir='ltr'><strong>temere</strong></span> <span class='ocrx_word' id='word_1_206' title='bbox 355 1745 498 1785; x_wconf 86' lang='lat' dir='ltr'><strong>levitas</strong></span> <span class='ocrx_word' id='word_1_207' title='bbox 529 1746 705 1785; x_wconf 85' lang='lat' dir='ltr'><strong>humana</strong></span> <span class='ocrx_word' id='word_1_208' title='bbox 735 1747 931 1797; x_wconf 88' lang='lat' dir='ltr'><strong>prosiliat,</strong></span> <span class='ocrx_word' id='word_1_209' title='bbox 965 1749 1005 1786; x_wconf 90' lang='lat' dir='ltr'><strong>et</strong></span> <span class='ocrx_word' id='word_1_210' title='bbox 1035 1747 1225 1787; x_wconf 88' lang='lat' dir='ltr'><strong>credibile</strong></span> <span class='ocrx_word' id='word_1_211' title='bbox 1257 1748 1330 1797; x_wconf 91' lang='lat' dir='ltr'><strong>est,</strong></span> <span class='ocrx_word' id='word_1_212' title='bbox 1361 1748 1408 1786; x_wconf 89' lang='lat' dir='ltr'><strong>ut</strong></span> <span class='ocrx_word' id='word_1_213' title='bbox 1433 1746 1542 1798; x_wconf 90' lang='lat' dir='ltr'><strong>quic-</strong></span> 
     </span>
    </p>
   </div>
   <div class='ocr_carea' id='block_1_3' title="bbox 177 1838 464 1843">
    <p class='ocr_par' dir='ltr' id='par_1_5' title="bbox 177 1838 464 1843">
     <span class='ocr_line' id='line_1_28' title="bbox 177 1838 464 1843; baseline 0 0"><span class='ocrx_word' id='word_1_214' title='bbox 177 1838 464 1843; x_wconf 95' lang='lat' dir='ltr'><strong> </strong></span> 
     </span>
    </p>
   </div>
   <div class='ocr_carea' id='block_1_4' title="bbox 177 1883 1544 2203">
    <p class='ocr_par' dir='ltr' id='par_1_6' title="bbox 177 1883 1544 2203">
     <span class='ocr_line' id='line_1_29' title="bbox 276 1883 1448 1956; baseline 0.003 -14"><span class='ocrx_word' id='word_1_215' title='bbox 276 1911 294 1942; x_wconf 91' lang='lat'>1</span> <span class='ocrx_word' id='word_1_216' title='bbox 322 1883 596 1943; x_wconf 63' lang='lat' dir='ltr'><strong>contradictione</strong></span> <span class='ocrx_word' id='word_1_217' title='bbox 622 1915 658 1943; x_wconf 93' lang='grc' dir='ltr'><em>Β</em></span> <span class='ocrx_word' id='word_1_218' title='bbox 753 1913 774 1944; x_wconf 84' lang='grc'>5</span> <span class='ocrx_word' id='word_1_219' title='bbox 804 1886 986 1956; x_wconf 74' lang='lat' dir='ltr'><strong>Obsequia</strong></span> <span class='ocrx_word' id='word_1_220' title='bbox 1011 1917 1048 1945; x_wconf 99' lang='grc' dir='ltr'><em>Β</em></span> <span class='ocrx_word' id='word_1_221' title='bbox 1144 1898 1385 1947; x_wconf 64' lang='lat' dir='ltr'><strong>demgbtione</strong></span> <span class='ocrx_word' id='word_1_222' title='bbox 1411 1915 1448 1945; x_wconf 88' lang='grc' dir='ltr'><em>Β</em></span> 
     </span>
     <span class='ocr_line' id='line_1_30' title="bbox 178 1955 1544 2000; baseline 0.001 -8"><span class='ocrx_word' id='word_1_223' title='bbox 178 1960 200 1992; x_wconf 86' lang='grc'><strong>6</strong></span> <span class='ocrx_word' id='word_1_224' title='bbox 225 1955 452 1999; x_wconf 79' lang='lat' dir='ltr'><strong>resistesntis</strong></span> <span class='ocrx_word' id='word_1_225' title='bbox 478 1963 529 2000; x_wconf 78' lang='grc' dir='ltr'><strong>Βς</strong></span> <span class='ocrx_word' id='word_1_226' title='bbox 554 1957 769 1992; x_wconf 87' lang='lat' dir='ltr'><strong>resistentes</strong></span> <span class='ocrx_word' id='word_1_227' title='bbox 790 1965 826 1993; x_wconf 84' lang='lat' dir='ltr'><strong><em>P</em></strong></span> <span class='ocrx_word' id='word_1_228' title='bbox 920 1962 940 1993; x_wconf 84' lang='lat'>9</span> <span class='ocrx_word' id='word_1_229' title='bbox 968 1959 1202 1995; x_wconf 85' lang='lat' dir='ltr'><strong>exortatione</strong></span> <span class='ocrx_word' id='word_1_230' title='bbox 1226 1965 1264 1995; x_wconf 93' lang='grc' dir='ltr'><em>Β</em></span> <span class='ocrx_word' id='word_1_231' title='bbox 1362 1962 1404 1993; x_wconf 91' lang='grc'><strong>11</strong></span> <span class='ocrx_word' id='word_1_232' title='bbox 1432 1957 1544 1994; x_wconf 88' lang='lat' dir='ltr'><strong>effec—</strong></span> 
     </span>
     <span class='ocr_line' id='line_1_31' title="bbox 177 2005 1543 2052; baseline 0.002 -14"><span class='ocrx_word' id='word_1_233' title='bbox 177 2005 239 2039; x_wconf 79' lang='lat' dir='ltr'><strong>tus</strong></span> <span class='ocrx_word' id='word_1_234' title='bbox 265 2013 285 2046; x_wconf 75' lang='grc' dir='ltr'><strong><em>β</em></strong></span> <span class='ocrx_word' id='word_1_235' title='bbox 382 2007 426 2039; x_wconf 84' lang='lat'><strong>12</strong></span> <span class='ocrx_word' id='word_1_236' title='bbox 452 2005 633 2040; x_wconf 85' lang='lat' dir='ltr'><strong>orbitates</strong></span> <span class='ocrx_word' id='word_1_237' title='bbox 664 2012 692 2039; x_wconf 73' lang='lat' dir='ltr'><em>V</em></span> <span class='ocrx_word' id='word_1_238' title='bbox 772 2006 959 2052; x_wconf 83' lang='lat' dir='ltr'><strong>subplicia</strong></span> <span class='ocrx_word' id='word_1_239' title='bbox 984 2013 1021 2042; x_wconf 88' lang='grc' dir='ltr'><em>Β</em></span> <span class='ocrx_word' id='word_1_240' title='bbox 1109 2007 1245 2043; x_wconf 85' lang='lat' dir='ltr'><strong>merita</strong></span> <span class='ocrx_word' id='word_1_241' title='bbox 1271 2007 1405 2043; x_wconf 79' lang='lat' dir='ltr'><strong>Klotz:</strong></span> <span class='ocrx_word' id='word_1_242' title='bbox 1431 2017 1543 2042; x_wconf 85' lang='lat' dir='ltr'><strong>nemo</strong></span> 
     </span>
     <span class='ocr_line' id='line_1_32' title="bbox 178 2051 1543 2102; baseline 0.003 -16"><span class='ocrx_word' id='word_1_243' title='bbox 178 2061 242 2096; x_wconf 80' lang='grc' dir='ltr'><strong>αβ;</strong></span> <span class='ocrx_word' id='word_1_244' title='bbox 276 2051 367 2087; x_wconf 88' lang='lat' dir='ltr'><strong>licet</strong></span> <span class='ocrx_word' id='word_1_245' title='bbox 391 2066 430 2096; x_wconf 66' lang='lat'><strong>2²3</strong></span> <span class='ocrx_word' id='word_1_246' title='bbox 465 2063 532 2088; x_wconf 82' lang='lat' dir='ltr'><strong>om.</strong></span> <span class='ocrx_word' id='word_1_247' title='bbox 555 2061 594 2097; x_wconf 69' lang='grc' dir='ltr'><strong>σς</strong></span> <span class='ocrx_word' id='word_1_248' title='bbox 628 2053 762 2089; x_wconf 87' lang='lat' dir='ltr'><strong>merito</strong></span> <span class='ocrx_word' id='word_1_249' title='bbox 789 2055 893 2091; x_wconf 80' lang='lat' dir='ltr'><strong>Dess.</strong></span> <span class='ocrx_word' id='word_1_250' title='bbox 909 2067 948 2101; x_wconf 77' lang='lat' dir='ltr'><strong>p.</strong></span> <span class='ocrx_word' id='word_1_251' title='bbox 965 2058 1013 2091; x_wconf 89' lang='lat'><strong>95</strong></span> <span class='ocrx_word' id='word_1_252' title='bbox 1113 2059 1157 2091; x_wconf 88' lang='lat'><strong>13</strong></span> <span class='ocrx_word' id='word_1_253' title='bbox 1182 2065 1418 2102; x_wconf 82' lang='lat' dir='ltr'><strong>poenasque:</strong></span> <span class='ocrx_word' id='word_1_254' title='bbox 1450 2065 1543 2100; x_wconf 86' lang='lat' dir='ltr'><strong>pen-</strong></span> 
     </span>
     <span class='ocr_line' id='line_1_33' title="bbox 178 2100 1473 2151; baseline 0.002 -15"><span class='ocrx_word' id='word_1_255' title='bbox 178 2111 315 2145; x_wconf 85' lang='lat' dir='ltr'><strong>sasque</strong></span> <span class='ocrx_word' id='word_1_256' title='bbox 339 2106 376 2135; x_wconf 89' lang='grc' dir='ltr'><em>Β</em></span> <span class='ocrx_word' id='word_1_257' title='bbox 473 2104 516 2135; x_wconf 79' lang='lat'><strong>17</strong></span> <span class='ocrx_word' id='word_1_258' title='bbox 542 2100 737 2137; x_wconf 85' lang='lat' dir='ltr'><strong>hoccidere</strong></span> <span class='ocrx_word' id='word_1_259' title='bbox 764 2102 802 2149; x_wconf 89' lang='lat' dir='ltr'><strong>(h</strong></span> <span class='ocrx_word' id='word_1_260' title='bbox 828 2103 893 2138; x_wconf 85' lang='lat' dir='ltr'><strong>del.</strong></span> <span class='ocrx_word' id='word_1_261' title='bbox 916 2104 952 2149; x_wconf 71' lang='grc' dir='ltr'><strong>ὸ)</strong></span> <span class='ocrx_word' id='word_1_262' title='bbox 977 2110 1015 2138; x_wconf 91' lang='grc' dir='ltr'><em>Β</em></span> <span class='ocrx_word' id='word_1_263' title='bbox 1102 2104 1264 2151; x_wconf 67' lang='grc' dir='ltr'><strong>ωθτὶῒξε.</strong></span> <span class='ocrx_word' id='word_1_264' title='bbox 1289 2104 1328 2150; x_wconf 82' lang='lat' dir='ltr'><strong>(a</strong></span> <span class='ocrx_word' id='word_1_265' title='bbox 1352 2105 1416 2150; x_wconf 83' lang='lat' dir='ltr'><strong>er.)</strong></span> <span class='ocrx_word' id='word_1_266' title='bbox 1435 2109 1473 2138; x_wconf 92' lang='grc' dir='ltr'><em>Β</em></span> 
     </span>
     <span class='ocr_line' id='line_1_34' title="bbox 179 2147 1493 2203; baseline 0.003 -19"><span class='ocrx_word' id='word_1_267' title='bbox 179 2151 224 2184; x_wconf 87' lang='grc'><strong>19</strong></span> <span class='ocrx_word' id='word_1_268' title='bbox 250 2147 362 2203; x_wconf 77' lang='lat' dir='ltr'><strong>modo</strong></span> <span class='ocrx_word' id='word_1_269' title='bbox 382 2149 433 2184; x_wconf 91' lang='lat' dir='ltr'><strong>H.</strong></span> <span class='ocrx_word' id='word_1_270' title='bbox 449 2160 490 2194; x_wconf 74' lang='lat' dir='ltr'><strong>p.</strong></span> <span class='ocrx_word' id='word_1_271' title='bbox 505 2151 571 2184; x_wconf 89' lang='lat'><strong>56:</strong></span> <span class='ocrx_word' id='word_1_272' title='bbox 597 2161 672 2185; x_wconf 89' lang='lat' dir='ltr'><strong>non</strong></span> <span class='ocrx_word' id='word_1_273' title='bbox 691 2156 771 2195; x_wconf 82' lang='lat' dir='ltr'><strong>BV3</strong></span> <span class='ocrx_word' id='word_1_274' title='bbox 796 2163 896 2186; x_wconf 84' lang='lat' dir='ltr'><strong>nunc</strong></span> <span class='ocrx_word' id='word_1_275' title='bbox 916 2158 971 2196; x_wconf 84' lang='lat' dir='ltr'><strong>M3</strong></span> <span class='ocrx_word' id='word_1_276' title='bbox 998 2163 1065 2188; x_wconf 85' lang='lat' dir='ltr'><strong>om.</strong></span> <span class='ocrx_word' id='word_1_277' title='bbox 1087 2160 1171 2197; x_wconf 65' lang='grc' dir='ltr'><strong>βγᾶς</strong></span> <span class='ocrx_word' id='word_1_278' title='bbox 1196 2163 1298 2188; x_wconf 87' lang='lat' dir='ltr'><strong>nunc</strong></span> <span class='ocrx_word' id='word_1_279' title='bbox 1316 2162 1393 2187; x_wconf 90' lang='lat' dir='ltr'><strong>non</strong></span> <span class='ocrx_word' id='word_1_280' title='bbox 1414 2151 1493 2188; x_wconf 78' lang='lat' dir='ltr'><strong>Sch.</strong></span> 
     </span>
    </p>
   </div>
   <div class='ocr_carea' id='block_1_5' title="bbox 176 2196 1544 2449">
    <p class='ocr_par' dir='ltr' id='par_1_7' title="bbox 176 2196 1544 2449">
     <span class='ocr_line' id='line_1_35' title="bbox 176 2196 1544 2304; baseline 0.003 -49"><span class='ocrx_word' id='word_1_281' title='bbox 176 2196 566 2304; x_wconf 38' lang='lat' dir='ltr'><strong>{deididffipssuffr&#39;</strong></span> <span class='ocrx_word' id='word_1_282' title='bbox 581 2223 661 2304; x_wconf 56' lang='grc' dir='ltr'><strong>ἴῳ)</strong></span> <span class='ocrx_word' id='word_1_283' title='bbox 735 2222 791 2258; x_wconf 88' lang='lat' dir='ltr'><strong>ita</strong></span> <span class='ocrx_word' id='word_1_284' title='bbox 816 2235 883 2259; x_wconf 83' lang='lat' dir='ltr'><strong>om.</strong></span> <span class='ocrx_word' id='word_1_285' title='bbox 899 2230 948 2269; x_wconf 83' lang='lat' dir='ltr'><strong>M,</strong></span> <span class='ocrx_word' id='word_1_286' title='bbox 974 2223 1034 2259; x_wconf 90' lang='lat' dir='ltr'><strong>vel</strong></span> <span class='ocrx_word' id='word_1_287' title='bbox 1052 2224 1109 2259; x_wconf 81' lang='lat' dir='ltr'><strong>ita</strong></span> <span class='ocrx_word' id='word_1_288' title='bbox 1127 2235 1204 2260; x_wconf 91' lang='lat' dir='ltr'><strong>non</strong></span> <span class='ocrx_word' id='word_1_289' title='bbox 1223 2235 1269 2260; x_wconf 84' lang='lat' dir='ltr'><strong>ex</strong></span> <span class='ocrx_word' id='word_1_290' title='bbox 1287 2223 1365 2279; x_wconf 73' lang='lat' dir='ltr'><strong>hac</strong></span> <span class='ocrx_word' id='word_1_291' title='bbox 1385 2235 1487 2279; x_wconf 61' lang='lat' dir='ltr'><strong>supr.</strong></span> <span class='ocrx_word' id='word_1_292' title='bbox 1501 2238 1544 2259; x_wconf 82' lang='lat' dir='ltr'><strong>m</strong></span> 
     </span>
     <span class='ocr_line' id='line_1_36' title="bbox 176 2271 1544 2374; baseline 0.003 -22"><span class='ocrx_word' id='word_1_293' title='bbox 176 2279 348 2373; x_wconf 56' lang='lat' dir='ltr'><strong>videi-{232</strong></span> <span class='ocrx_word' id='word_1_294' title='bbox 374 2280 452 2352; x_wconf 57' lang='lat'><strong>«¹⁰¹</strong></span> <span class='ocrx_word' id='word_1_295' title='bbox 477 2280 601 2362; x_wconf 54' lang='lat'><strong>{5532</strong></span> <span class='ocrx_word' id='word_1_296' title='bbox 632 2271 700 2363; x_wconf 59' lang='lat'><strong>{²12²}</strong></span> <span class='ocrx_word' id='word_1_297' title='bbox 725 2274 831 2355; x_wconf 57' lang='lat'><strong>‘5323</strong></span> <span class='ocrx_word' id='word_1_298' title='bbox 847 2271 997 2374; x_wconf 39' lang='lat'><strong>24⁶3&amp;</strong></span> <span class='ocrx_word' id='word_1_299' title='bbox 1030 2283 1106 2355; x_wconf 52' lang='lat'><strong>⁰2²3</strong></span> <span class='ocrx_word' id='word_1_300' title='bbox 1119 2278 1198 2356; x_wconf 57' lang='lat' dir='ltr'><strong>{us</strong></span> <span class='ocrx_word' id='word_1_301' title='bbox 1225 2272 1544 2364; x_wconf 48' lang='grc' dir='ltr'><strong>ἐρξῗᾱθῖξεῒᾴ</strong></span> 
     </span>
     <span class='ocr_line' id='line_1_37' title="bbox 176 2365 1544 2449; baseline 0.004 -49"><span class='ocrx_word' id='word_1_302' title='bbox 176 2375 431 2449; x_wconf 48' lang='grc' dir='ltr'><strong>ξέᾖίωῗωω</strong></span> <span class='ocrx_word' id='word_1_303' title='bbox 457 2365 524 2402; x_wconf 81' lang='lat' dir='ltr'><strong>del.</strong></span> <span class='ocrx_word' id='word_1_304' title='bbox 546 2366 649 2402; x_wconf 80' lang='lat' dir='ltr'><strong>Dess.</strong></span> <span class='ocrx_word' id='word_1_305' title='bbox 666 2378 704 2411; x_wconf 79' lang='lat' dir='ltr'><strong>p.</strong></span> <span class='ocrx_word' id='word_1_306' title='bbox 721 2369 770 2402; x_wconf 79' lang='lat'><strong>84</strong></span> <span class='ocrx_word' id='word_1_307' title='bbox 842 2367 930 2403; x_wconf 83' lang='lat' dir='ltr'><strong>hoc:</strong></span> <span class='ocrx_word' id='word_1_308' title='bbox 956 2367 1019 2404; x_wconf 81' lang='lat' dir='ltr'><strong>hic</strong></span> <span class='ocrx_word' id='word_1_309' title='bbox 1044 2374 1089 2413; x_wconf 82' lang='lat' dir='ltr'><strong>B,</strong></span> <span class='ocrx_word' id='word_1_310' title='bbox 1116 2380 1137 2404; x_wconf 96' lang='lat' dir='ltr'><strong>o</strong></span> <span class='ocrx_word' id='word_1_311' title='bbox 1163 2381 1264 2415; x_wconf 74' lang='lat' dir='ltr'><strong>supr.</strong></span> <span class='ocrx_word' id='word_1_312' title='bbox 1286 2376 1309 2404; x_wconf 70' lang='grc' dir='ltr'><strong>ὃ</strong></span> <span class='ocrx_word' id='word_1_313' title='bbox 1384 2372 1429 2405; x_wconf 81' lang='grc'><strong>25</strong></span> <span class='ocrx_word' id='word_1_314' title='bbox 1457 2380 1544 2406; x_wconf 86' lang='lat' dir='ltr'><strong>con-</strong></span> 
     </span>
    </p>
   </div>
  </div>
 </body>
</html>
