1638 2560
203 110 291 154 382
580 106 839 144 EXCERPTA
863 105 1196 145 MONAOENSIA.

204 224 407 274 animalia,
438 223 507 263 sed
538 224 660 262 etiam
691 223 743 261 ad
774 222 948 267 delicias.
1012 220 1164 260 animal
1196 220 1503 262 subtilissimum
1535 224 1579 263 et

203 284 496 336 quodammodo
526 297 698 335 parvum
728 283 902 322 hominis
934 281 1148 332 exemplar.

285 358 329 394 p.
355 346 456 390 263,
484 346 510 383 4
543 356 645 396 quae
675 344 874 383 maiorum
900 343 995 383 sunt
1019 344 1240 393 pectorum,
1273 355 1348 394 pro
1378 356 1472 396 rege
1502 356 1575 395 per

202 407 376 447 castrum
406 406 658 456 procurrunt.

828 512 935 551 XIV.
1228 546 1232 550 .
1463 505 1465 507 ¹
1609 526 1629 554 5

281 611 326 647 p.
352 598 453 644 265,
482 599 538 636 13
568 597 663 636 licet
686 597 825 649 igitur,
856 597 1142 637 nocentissima
1170 596 1412 636 feminarum
1441 597 1574 637 rideat

200 659 303 709 quod
343 670 502 708 accuso,
540 671 627 707 oro,
668 659 714 696 ut
751 657 859 708 quod
889 657 1056 697 remedii
1086 657 1166 696 mei
1208 658 1344 709 patior
1381 657 1573 709 dolorem,

197 719 398 758 meretrici
427 719 757 770 praevaricatrici
787 732 869 758 non
900 719 1040 769 prosit.

279 792 324 829 p.
350 781 451 825 267,
480 781 536 818 10
568 810 576 818 .
598 810 606 818 .
628 810 635 817 .
663 779 805 818 deinde
837 780 986 829 tenuit,
1025 778 1150 819 donec
1182 790 1344 818 censum
1375 779 1569 819 exhausit.

196 840 371 879 breviter
426 852 519 892 ergo
576 841 745 890 accipite
801 839 1111 880 nocentissimae
1168 836 1347 879 mulieris
1397 839 1571 880 facinus:
1592 854 1627 880 ιο

195 913 413 952 pauperem
443 913 507 939 me
538 900 651 950 fecit,
692 900 835 940 deinde
866 901 970 940 ferre
1007 913 1088 939 non
1118 901 1265 951 potuit.
1327 900 1571 951 experimen·

196 963 283 999 tum
313 962 356 999 in
387 974 450 1000 me
482 960 558 1000 sibi
588 961 759 1011 probare
783 961 950 1012 placuit,
981 974 1054 1012 per
1085 960 1194 1012 quod
1223 961 1354 1011 liquet
1383 962 1516 1012 ipsam
1548 974 1573 1001 a,

197 1022 292 1061 solis
324 1022 453 1060 amari
490 1021 593 1060 velle
630 1020 835 1061 divitibus.
891 1034 1101 1072 nunquam
1137 1021 1213 1060 hoc
1254 1022 1415 1061 tantum
1445 1034 1571 1061 mere-

194 1083 276 1121 trix
302 1081 377 1121 scit
402 1082 737 1131 quemadmodum
762 1095 842 1121 non
869 1084 1036 1122 ametur.
1094 1082 1226 1121 dirum
1251 1083 1375 1133 virus,
1409 1082 1571 1122 homine

195 1141 359 1191 firmius,
389 1144 521 1181 mente
553 1144 801 1182 constantius
829 1143 929 1181 mihi
955 1143 1115 1183 solaciis
1139 1143 1276 1193 potius
1309 1155 1356 1182 ac
1385 1143 1571 1182 mollium
1591 1156 1626 1184 16

193 1203 459 1241 remediorum
498 1203 653 1242 ratione
693 1203 951 1242 tractandum
985 1204 1058 1243 sub
1095 1203 1236 1243 blandi
1274 1203 1413 1243 vultus
1448 1205 1572 1243 simu-

194 1263 344 1302 latione
381 1263 577 1313 porrexit,
618 1265 658 1302 et
697 1265 757 1302 ita
795 1277 860 1303 me
901 1265 1031 1315 perire
1073 1264 1180 1303 fecit.
1242 1263 1366 1303 habet
1402 1264 1571 1314 aliquod

194 1324 388 1362 solacium
420 1327 484 1363 etc.
517 1318 575 1378 (p.
602 1325 703 1370 268,
731 1319 818 1378 17).

276 1397 320 1432 p.
347 1385 447 1430 271,
470 1385 526 1423 15
547 1414 554 1422 .
578 1415 585 1422 .
607 1415 615 1423 .
637 1385 743 1434 quod
763 1385 840 1423 sibi
863 1386 1052 1424 meretrix
1075 1384 1236 1424 videtur
1256 1385 1446 1425 adamata
1465 1397 1568 1435 quae

192 1445 239 1483 ut
253 1446 472 1484 communis
487 1444 670 1484 omnibus
688 1458 712 1483 a
724 1446 836 1484 nullo
849 1447 1026 1484 meretur
1039 1447 1178 1485 amari.
1225 1446 1414 1496 aequiore
1434 1445 1567 1485 animo
1587 1459 1624 1486 ao

192 1505 309 1554 feras,
341 1508 405 1544 etc.
438 1500 495 1560 (p.
522 1507 623 1551 271,
649 1500 738 1559 22).

275 1577 319 1613 ρ.
346 1566 446 1611 272,
476 1568 530 1604 14
562 1566 708 1604 iterum
734 1578 817 1617 nos,
850 1569 896 1605 ut
928 1566 1109 1617 aestimo,
1141 1568 1184 1606 in
1211 1567 1274 1606 sui
1298 1562 1568 1620 caritate<m>

193 1625 274 1663 alia
304 1626 467 1675 potione
497 1628 715 1665 revocaret.

275 1697 318 1733 p.
345 1687 446 1731 273,
473 1688 500 1724 3
536 1687 767 1738 peregriner
811 1701 834 1725 a
878 1689 1031 1738 patria,
1071 1689 1112 1727 te
1149 1689 1286 1727 tamen
1324 1688 1482 1728 animus
1526 1688 1567 1727 et

191 1757 319 1784 sermo
351 1759 461 1785 meus
491 1747 690 1797 respiciet.
1583 1758 1625 1789 25³

274 1818 317 1854 p.
345 1806 445 1852 274,
473 1807 500 1845 8
532 1807 690 1846 ablatus
716 1809 777 1847 est
801 1808 902 1847 mihi
928 1808 1074 1848 amoris
1101 1808 1279 1858 affectus,
1299 1821 1323 1847 a
1349 1821 1428 1859 quo
1453 1809 1567 1848 venit

192 1867 320 1905 omnis
353 1866 528 1917 laetitia,
565 1881 636 1918 per
671 1881 790 1918 quem
824 1870 907 1908 stat
938 1869 1100 1908 conexio
1134 1870 1385 1908 sacculorum
1420 1870 1461 1908 et
1493 1882 1566 1919 per

192 1939 310 1976 quem
328 1927 640 1966 reconciliantur
659 1929 871 1968 contraria.
934 1942 1014 1968 non
1032 1929 1160 1969 habeo
1181 1928 1246 1969 etc.
1267 1929 1325 1979 (p.
1351 1931 1412 1970 27
1415 1932 1454 1976 4,
1475 1923 1563 1983 16).

273 1999 317 2035 p.
344 1988 403 2025 27
407 1989 445 2032 4
473 1990 529 2026 16
560 1989 742 2038 quisquis
775 1990 881 2028 0111111
919 1990 1000 2028 odii
1037 1990 1374 2029 medicamentum
1403 1990 1563 2041 biberit,

190 2060 314 2085 unum
339 2047 522 2086 fortassis
548 2048 689 2098 oderit,
721 2049 789 2088 sed
822 2062 956 2089 amare
982 2052 1183 2090 neminem
1207 2052 1352 2101 potest.
1416 2062 1463 2089 ac
1492 2063 1565 2101 per
1583 2062 1624 2091 302

188 2106 264 2146 hoc
294 2108 426 2146 factus
458 2110 517 2146 est
541 2109 716 2148 incivilis
749 2111 789 2148 et
815 2110 1108 2160 quodammodo
1141 2111 1290 2150 desinit
1315 2123 1400 2151 esse
1431 2111 1563 2186 homo,

189 2167 286 2205 dum
318 2180 401 2207 esse
433 2167 579 2207 desinit
610 2170 780 2209 socialis.

270 2240 316 2277 p.
342 2228 443 2274 275,
473 2229 498 2266 5
528 2230 632 2268 mira
662 2231 807 2268 veneni
844 2230 964 2269 huius
1002 2233 1204 2283 potentia,
1243 2233 1290 2271 ut
1321 2231 1418 2271 data
1447 2232 1561 2282 potio

285 2359 330 2391 14
355 2356 476 2391 virum
503 2362 553 2400 Μ,
578 2367 670 2393 corr.
697 2368 796 2393 man.
818 2359 844 2393 2
953 2361 997 2394 16
1023 2359 1223 2395 tractando
1249 2365 1293 2394 Μ
1394 2371 1455 2404 qu.
1476 2370 1512 2404 p.
1533 2357 1559 2393 f.

186 2405 228 2440 in
253 2415 368 2452 mary.
391 2410 433 2439 Μ
