1638 2560
118 244 167 281 14

125 1203 174 1239 15

188 127 241 171 16
632 120 803 157 PARIES
829 116 1090 155 PALMATVs

276 238 478 286 Quomodo
520 239 673 286 tamen,
715 235 866 285 inquit,
908 232 1067 284 gladius
1104 231 1289 282 pervenit
1332 230 1376 270 in
1411 242 1544 269 meam

186 301 425 352 potestatem
457 298 524 349 qui
553 297 728 348 privigni
758 293 864 335 fuit?
911 293 1129 332 haeremus.
1179 291 1246 331 hic
1277 290 1452 331 difficilis
1479 302 1543 329 ex-

186 359 423 412 pugnandus
462 360 520 398 est
556 359 676 397 locus.
739 355 826 406 quis
858 353 991 393 credet
1020 352 1138 403 mihi,
1177 352 1212 392 si
1243 351 1397 391 dixero:
1443 347 1544 403 ‘gla—

188 421 299 461 dium
354 419 527 471 perdidit
587 428 745 465 caecus,
805 415 899 454 illae
954 415 1148 464 perpetua
1205 414 1323 452 nocte
1384 411 1544 451 clausae

189 494 312 532 genae
354 493 432 519 non
476 472 766 518 custodierunt’
780 474 800 514 Ῥ
858 475 1006 526 fingere
1049 473 1240 514 nimirum
1283 472 1335 513 ad
1382 473 1543 523 tempus
1581 483 1598 511 5

188 541 351 580 videbor
388 542 427 579 et
462 552 546 577 rem
582 539 750 576 nimium
786 535 1039 574 manifestam
1076 533 1317 585 inpudenter
1354 533 1544 573 colorare.

186 600 338 640 scilicet
374 613 527 650 semper
562 599 631 637 isti
669 597 850 648 adposita
881 596 1023 646 capulo
1055 606 1217 644 manus,
1249 606 1296 633 ac
1327 593 1466 633 diebus
1499 602 1545 632 a'c

189 660 369 701 noctibus
409 672 535 699 curae.
597 658 688 697 nolo
719 659 926 707 tamquam
963 655 1110 695 callido
1149 654 1332 706 glorieris
1370 653 1545 706 ingenio,

188 734 267 760 non
303 720 494 770 decepisti
528 721 682 758 trucem
718 716 1001 766 horridumque
1044 716 1260 766 latronem3
1300 714 1429 755 nostri
1468 714 1546 754 tibi

185 780 431 820 occasionem
461 779 676 831 praebuere
706 790 845 817 mores.
899 790 994 816 nam
1024 775 1133 827 quod
1163 789 1243 815 uno
1274 776 1361 815 ictu
1391 774 1544 815 occisus
1563 787 1599 816 10

190 842 249 880 est
280 853 412 890 senez,
442 862 501 867 -—
531 836 682 891 (haec)
713 839 848 878 autem
879 837 930 876 ad
961 851 1080 888 quem
1111 836 1285 888 suspicio
1321 836 1452 888 magis
1483 848 1545 875 re-

190 899 333 951 spicit?
362 922 411 927 ——
440 903 486 939 tu
509 912 746 950 praeparare
778 910 919 949 corpus
943 898 1040 937 illuc
1076 897 1128 937 ad
1157 898 1260 936 ictus
1290 899 1419 948 potes,
1450 895 1547 936 dum

190 960 335 1001 videris
379 961 575 1011 amplecti.
636 961 681 998 tu
716 959 864 998 blanda
900 972 1022 997 manu
1058 959 1352 1009 praetemptare
1392 958 1546 1009 pectus,

191 1020 259 1059 ubi
291 1020 454 1060 adsiduo
485 1020 644 1060 visceris
676 1020 794 1070 pulsu
824 1032 903 1058 non
929 1020 1108 1069 quiescat
1133 1019 1279 1068 anima,
1310 1017 1380 1058 ubi
1403 1018 1546 1057 statim

192 1093 296 1119 mors
328 1081 390 1120 sit.
450 1080 519 1119 ubi
550 1081 596 1120 de
627 1081 771 1131 spiritu
808 1080 1011 1131 sanguinis
1043 1079 1174 1119 locum
1213 1079 1419 1130 explorare
1450 1079 1546 1118 ante
1566 1091 1601 1119 15

193 1143 233 1179 et
264 1153 494 1192 cognoscere
524 1141 633 1190 licet,
664 1141 796 1191 potest
827 1142 867 1179 et
897 1153 975 1179 uno
1006 1141 1090 1179 ictu
1120 1140 1266 1179 mulier
1296 1138 1486 1180 occidere.

281 1200 406 1239 Venio
444 1214 547 1240 nunc
583 1200 635 1239 ad
669 1201 839 1252 vestigia
875 1201 1041 1251 parietis
1085 1200 1285 1240 ementati
1323 1199 1467 1251 quibus
1502 1201 1547 1239 te

192 1261 290 1300 satis
322 1261 551 1311 abundeque
582 1262 808 1311 pressimus,
840 1261 934 1300 dum
965 1261 1260 1300 adulescentem
1283 1260 1545 1300 defendimus.

192 1320 289 1360 haec
332 1323 424 1360 sunt
463 1322 599 1360 tamen
636 1334 738 1371 quae
781 1323 920 1361 contra
961 1323 1002 1360 te
1044 1323 1248 1361 reservata
1287 1323 1394 1361 sunt.
1456 1334 1549 1360 cum

193 1381 359 1420 maritus
394 1383 486 1420 tuus
517 1381 560 1420 in
590 1382 769 1421 cubiculo
801 1382 1056 1431 occideretur,
1093 1382 1243 1422 sciebas
1280 1382 1437 1422 nullum
1471 1381 1548 1421 tibi
1566 1395 1602 1422 πο

194 1440 374 1479 relictum
403 1443 679 1492 patrocinium,
710 1443 788 1481 nisi
814 1442 966 1492 aliquid
991 1443 1195 1482 caecitatis
1221 1442 1350 1482 simile
1375 1443 1548 1492 fecisses,

195 1501 362 1550 ideoque
400 1502 632 1552 sanguinem
667 1504 709 1541 in
748 1502 861 1541 illam
896 1504 1053 1553 partem
1089 1503 1300 1553 induxisti,
1344 1503 1387 1542 in
1425 1516 1549 1554 quam

198 1562 334 1610 quaeri
370 1561 547 1612 volebas,
589 1564 635 1601 ut
673 1563 831 1612 postero
871 1563 934 1601 die
975 1564 1102 1603 omnis
1143 1563 1297 1604 invidia
1340 1564 1548 1616 sanguinis

197 1622 311 1658 notas
343 1622 382 1658 et
411 1622 580 1673 vestigia
610 1625 848 1672 praeparata
880 1626 1119 1673 sequeretur.
1170 1625 1343 1664 infamas
1375 1637 1549 1674 caecum,

197 1680 404 1719 consilium
429 1693 475 1719 ex
499 1682 725 1721 calamitate
750 1684 963 1733 sumpsisti.
1008 1684 1158 1724 sciebas
1181 1685 1299 1723 illum
1318 1698 1398 1725 non
1418 1685 1549 1735 aliter,
1568 1697 1603 1725 25

198 1739 232 1779 si
270 1739 348 1778 dux
385 1740 606 1791 defecisset,
649 1742 803 1793 ingredi
844 1756 958 1794 posse
1003 1758 1122 1796 quam
1163 1746 1337 1798 vestigia
1379 1745 1548 1798 parietis

245 1890 270 1924 d
294 1846 315 1877 4
340 1842 421 1878 ille:
448 1842 536 1879 illae
555 1850 623 1878 BV
691 1848 711 1879 5
737 1821 855 1891 igaessae
873 1848 1038 1894 B(su10r.
1061 1850 1097 1894 ιι)
1172 1848 1221 1884 ad
1241 1860 1307 1885 om.
1322 1855 1360 1884 B
1432 1852 1453 1884 6
1479 1848 1551 1884 im-

272 1900 318 1925 en

197 1928 308 1981 puter
326 1933 368 1961 M
438 1927 602 1963 colorare
620 1935 657 1963 t':
686 1916 874 1966 cgiilorare
892 1937 943 1975 Β;
964 1932 1194 1978 complorare
1222 1934 1357 1979 reliqui
1430 1936 1452 1969 ’ἵ
1465 1933 1552 1969 isti:

197 1975 273 2010 ista
296 1980 333 2009 Β
422 1986 466 2010 ac
491 1976 556 2010 del.
578 1982 604 2010 S
700 1981 720 2012 8
747 1977 868 2014 calido
894 1985 930 2013 Β
1026 1984 1067 2015 11
1094 1981 1188 2017 haec
1211 1982 1347 2018 addidi
1421 1982 1551 2019 autom

199 2022 248 2057 ad
274 2033 400 2067 quem:
428 2023 476 2058 ad
500 2025 538 2058 te
565 2030 672 2066 Μβγσ
763 2026 883 2072 magis
911 2028 1071 2073 suspicio
1098 2036 1141 2065 M
1235 2035 1278 2066 12
1303 2040 1550 2077 praeparare:

197 2079 384 2115 praepara
407 2077 444 2105 B
508 2071 599 2106 illuc
622 2079 673 2116 B;
699 2072 794 2108 illud
819 2075 951 2119 reliqui
1023 2077 1072 2111 ad
1096 2077 1210 2114 ictus:
1238 2078 1414 2115 addictus
1438 2085 1510 2115 BV

196 2119 324 2163 potest
347 2124 384 2153 Β
468 2122 511 2153 14
537 2119 702 2156 visceris:
728 2122 860 2157 visceri
884 2129 975 2158 Βΐσ
1057 2129 1100 2160 15
1125 2126 1208 2161 ubi:
1234 2127 1309 2162 nisi
1334 2134 1372 2162 P
1442 2127 1552 2174 spiri-

197 2167 280 2201 tum
305 2172 349 2201 M
439 2166 563 2203 locum
589 2168 787 2205 Parisinus
812 2173 925 2206 1618:
958 2171 1113 2208 hoccum
1139 2181 1218 2219 BVg
1254 2175 1396 2212 exitum
1422 2176 1551 2212 Audo-

197 2239 393 2283 wmrensi33
422 2238 539 2274 ictum
563 2241 696 2285 reliqui
774 2242 983 2287 exploraret
1006 2251 1043 2279 Β
1105 2293 1111 2298 .
1138 2251 1181 2282 16
1207 2226 1333 2293 potest
1357 2255 1387 2283 V
1452 2226 1493 2284 et
1517 2254 1556 2284 Β

200 2312 244 2346 18
269 2298 412 2356 ῇὲἰωηε
437 2317 474 2345 Β
561 2311 666 2347 dum:
694 2313 805 2348 odum
836 2321 863 2348 Γ
940 2316 1209 2354 aduliscentem
1233 2326 1270 2354 Β
1358 2323 1402 2356 21
1431 2320 1553 2357 caeci-

198 2357 289 2393 tatis
315 2373 355 2393 a:
382 2358 430 2393 -ti
454 2359 588 2405 reliqui
678 2364 722 2396 23
748 2361 900 2398 nolebas
921 2370 955 2398 P
1042 2370 1087 2401 24
1113 2368 1222 2403 notas
1243 2369 1297 2404 et:
1323 2369 1495 2405 notasset
1518 2375 1556 2404 Β

200 2409 244 2441 26
280 2406 371 2442 dux:
398 2405 463 2442 lux
487 2413 515 2441 V
