1638 2560
513 107 835 148 DECLAMATIO
860 110 913 146 m
932 114 1085 147 15—17.
1433 110 1494 155 55

114 238 219 278 mus,
246 238 374 267 mors·
388 227 467 266 erit
496 227 721 279 ignominia
751 227 898 278 potior.
958 226 1151 278 quicquid
1181 227 1225 265 in
1255 239 1393 278 pugna
1424 236 1494 277 pa-

115 289 255 338 1113111,
278 288 461 327 virorum
485 289 558 328 est.
608 289 970 339 imperet·asperas
994 287 1183 327 tribunus
1209 287 1495 339 expeditiones,

117 349 258 400 siquo
288 349 440 388 vertice
464 349 615 388 montis
639 349 768 388 hostis
792 348 1003 400 pellendus
1029 350 1101 397 est,
1134 349 1169 388 si
1192 349 1301 387 inter
1327 349 1496 388 infestos

117 409 295 449 amatis
317 409 447 450 saltus
476 409 779 460 speculandum,
810 410 967 449 saeviat
991 409 1165 459 denique
1196 410 1240 448 111
1264 410 1383 461 terga
1408 422 1495 448 ver-

82 484 100 512 5
117 469 291 520 bovibus,
323 471 461 522 exigat
491 470 678 510 servilem
707 470 924 522 plagarum
955 471 1216 521 patientiam:
1247 470 1339 509 leno
1372 471 1497 509 etiam

118 531 246 572 servis
288 531 500 582 excipitur,
544 531 716 571 fortasse
760 530 836 570 hac
879 531 968 583 lege
1012 532 1196 582 captivos
1240 531 1399 570 vendes.
1462 531 1499 570 si

116 592 348 632 meretricia
376 593 602 643 imperatur
632 593 860 642 necessitas,
892 593 927 631 si
953 591 1143 631 adversus
1174 591 1389 631 obscenam
1414 593 1498 630 vim

118 653 366 704 corruptoris
398 665 512 691 arma
542 654 703 692 tantum
735 652 1003 692 contumeliae
1036 665 1157 692 causa
1188 652 1395 701 habemus,
1426 665 1498 704 po-

117 714 201 754 tius
238 715 374 753 casn-a
410 714 635 764 capiantur,
674 715 716 752 et
746 715 830 752 vim
866 713 1023 752 tribuni
1059 713 1293 764 interpellet
1326 712 1496 752 Cimber.

64 789 101 816 ιο
118 773 223 813 nihil
247 774 331 814 tale
355 786 503 813 novere
523 773 726 824 Germani,
753 776 794 813 et
819 775 997 814 sanctius
1023 775 1178 813 vivitur
1202 773 1254 813 ad
1281 772 1496 813 Oceanum

209 833 316 881 Quid
339 835 523 874 futurum
547 837 620 884 est,
650 836 884 886 imperator,
910 836 946 875 si
976 834 1029 874 ad
1053 835 1295 886 pudicitiam
1319 835 1498 874 militum
1518 835 1567 872 17

118 896 299 947 perfluet
322 894 460 935 vinci?
509 908 562 934 an
586 897 832 948 ignoramus,
857 897 1092 947 imperator,
1114 897 1268 946 quanta
1294 896 1499 946 quondam

117 956 264 1008 populi
289 956 464 996 Romani
496 956 689 996 exarserit
720 956 876 1009 seditio,
909 969 1000 996 cum
1031 969 1079 995 ex
1110 957 1229 996 domo
1260 956 1498 996 feneratoris

121 1016 305 1057 addictus
342 1017 475 1057 lacero
506 1017 738 1057 verberibus
769 1019 885 1070 tergo
915 1019 1168 1068 prorupisset
1204 1018 1248 1056 in
1279 1017 1498 1068 publicum,

65 1093 101 1120 15
120 1079 163 1117 et
190 1077 285 1117 illas
310 1077 600 1130 suppliciorum
625 1080 742 1118 notas
767 1078 910 1118 tulisse
936 1091 977 1118 se
1003 1080 1251 1130 quereretur,
1283 1078 1392 1129 quod
1416 1078 1500 1117 vim

120 1138 367 1189 corruptoris
398 1139 486 1190 pati
516 1137 741 1178 noluisset?
791 1141 833 1178 et
862 1139 934 1178 ille
964 1141 1114 1189 tamen,
1146 1152 1392 1190 quamquam
1424 1140 1499 1178 hoc

118 1199 321 1252 flagitium
345 1201 512 1239 conatus
539 1199 581 1238 in
607 1200 770 1239 addicto
796 1213 842 1239 ac
870 1213 999 1251 paene
1023 1199 1093 1239 vix
1117 1200 1256 1250 libero,
1290 1199 1500 1239 videbatur

121 1259 377 1311 aliquatenus
420 1273 574 1300 memor
616 1261 740 1300 fuisse
783 1261 990 1300 Romanae
1034 1261 1264 1300 sanctitatis
1306 1261 1376 1311 qui
1416 1261 1500 1299 vim

120 1320 448 1361 obscenissimam
472 1333 554 1361 non
578 1323 862 1373 temptaverat,
881 1321 960 1361 nisi
985 1321 1176 1361 adversus
1200 1322 1390 1373 alfigatas
1415 1334 1500 1360 ma-

65 1395 102 1422 so
119 1392 206 1421 nus.
268 1394 315 1421 eo
351 1383 490 1421 tamen
526 1395 653 1433 usque
689 1383 833 1433 populi
869 1383 1044 1422 Romani
1074 1382 1255 1421 vindicta
1293 1382 1500 1433 processit,

119 1445 168 1481 ut
197 1442 431 1482 ardentibus
461 1442 569 1482 bello
600 1442 747 1482 finibus
779 1443 830 1482 ad
856 1443 1048 1482 dilectum
1079 1456 1197 1482 nemo
1228 1442 1499 1493 responderet,

119 1502 199 1542 nisi
230 1505 272 1543 et
301 1515 431 1554 poena
463 1504 709 1555 corruptoris
742 1506 781 1542 et
814 1503 1074 1556 abrogatione
1112 1504 1214 1556 legis
1246 1504 1501 1543 satisfactum

121 1565 236 1603 esset.
287 1564 482 1603 nolebant
504 1564 694 1614 militare,
723 1566 908 1615 quamvis
933 1564 1038 1603 hanc
1061 1565 1253 1603 iniuriam
1278 1577 1360 1603 non
1385 1565 1500 1603 miles

122 1627 342 1675 acceperat.
405 1624 503 1676 quid
535 1625 583 1664 de
615 1625 741 1664 Fabio
773 1625 940 1664 Eburno
977 1625 1123 1676 loquar
1155 1625 1227 1676 qui
1262 1624 1392 1664 filium
1427 1625 1500 1664 im-

67 1699 103 1725 25
121 1684 313 1735 pudicum
343 1687 507 1737 cognita
538 1685 648 1725 domi
679 1698 802 1726 eausa
832 1684 1021 1725 necavit?
1055 1686 1233 1737 iamiam,
1266 1685 1500 1738 commilito,

218 1793 240 1824 4
267 1765 434 1825 3111131118
459 1795 497 1824 Β
593 1790 750 1825 armatis
776 1789 937 1825 infestos
962 1796 1006 1825 Μ
1020 1838 1039 1847 ⁴
1100 1789 1142 1825 in
1166 1790 1292 1836 terga:
1319 1781 1447 1836 intgat
1467 1796 1504 1825 Β

122 1852 144 1885 8
168 1848 259 1885 hac:
286 1860 331 1885 ac
356 1855 439 1884 ΒΜ
541 1852 563 1885 8
587 1851 739 1886 tantum
767 1852 806 1885 et
831 1859 851 1893 β
948 1853 970 1885 9
995 1850 1054 1893 vir
1083 1856 1112 1884 Γ
1213 1849 1437 1896 interpellat
1463 1856 1507 1886 J!

122 1901 169 1934 10
194 1898 345 1934 sancius
371 1902 399 1933 F
493 1902 535 1934 11
571 1899 604 1934 si
630 1899 696 1934 ad:
729 1898 744 1934 i
769 1909 792 1934 a
816 1900 861 1934 in
883 1910 958 1934 ras.
980 1901 1003 1934 3
1029 1899 1098 1934 litt.
1119 1905 1157 1933 Β
1254 1903 1299 1934 12
1329 1901 1380 1954 ag
1404 1910 1455 1934 an
1479 1906 1508 1934 V

123 1974 168 2006 13
195 1971 383 2006 exarxerit
409 1977 446 2006 P
515 1970 745 2007 funeratoris
765 1977 794 2006 V
875 1974 920 2006 14
946 1947 1098 2007 ssdietus
1117 1977 1155 2006 Β
1232 1972 1428 2018 prorupiss
1454 1977 1501 2016 Β,

121 2020 163 2055 et
185 2019 228 2055 in
252 2031 368 2067 mary.
396 2020 483 2056 add.
510 2027 534 2054 b
634 2022 677 2055 15
704 2019 774 2056 illa
799 2025 837 2055 Β
908 2022 1088 2066 queretur
1111 2025 1156 2054 Π
1176 2022 1282 2067 (corr.
1302 2022 1358 2066 m)
1386 2029 1405 2063 β

123 2095 167 2127 16
194 2091 376 2148 voluisset
395 2099 433 2128 1-
510 2095 553 2127 17
580 2091 738 2139 flagium
756 2099 804 2137 ιι,
829 2104 922 2129 em.
943 2099 967 2127 ι,
1041 2068 1171 2128 {dieto
1197 2099 1235 2127 n
1259 2093 1298 2139 (d
1323 2093 1409 2128 aad.
1431 2092 1500 2138 w)

124 2167 169 2200 19
194 2152 271 2200 11181
297 2164 323 2211 (1
349 2164 435 2201 add.
457 2166 493 2211 ὸ)
514 2171 553 2200 Β
647 2164 836 2211 allegatas
862 2170 933 2200 m*
1026 2169 1070 2200 21
1097 2163 1236 2201 bel.lo
1262 2170 1300 2200 Β
1385 2165 1500 2200 dilec-

121 2214 206 2249 tum
230 2227 272 2258 ας
299 2212 482 2250 delictum
507 2222 587 2258 βω,
615 2213 805 2250 delectum
829 2222 881 2256 γᾶ
975 2218 1021 2250 22
1046 2217 1130 2260 post
1155 2213 1397 2249 satisfactum
1423 2226 1499 2249 rnna

122 2261 192 2298 litt.
216 2262 260 2297 in
286 2274 400 2309 marg.
421 2273 469 2298 er.
491 2267 528 2297 Β
643 2266 687 2298 23
714 2261 892 2298 nolebam
919 2268 963 2297 ,Π
1075 2266 1122 2297 24
1148 2263 1349 2308 acceperat
1375 2262 1500 2297 fabius

123 2321 312 2369 (111111ηέ1111
346 2322 373 2368 (1
404 2325 467 2369 er.)
500 2322 594 2368 quid
624 2327 686 2359 eet.
716 2329 770 2368 Β,
805 2310 918 2378 accek
925 2325 965 2358 at
1000 2322 1128 2358 fabius
1167 2322 1294 2368 inquit
1336 2322 1500 2357 eburnus

122 2370 216 2415 quid
235 2374 295 2407 eet.
313 2377 356 2406 ,11
365 2371 498 2412 (locum
517 2375 718 2408 correctum
733 2372 885 2417 praebet
903 2372 945 2406 in
964 2383 1080 2418 mary.
1094 2373 1168 2416 m>;
1188 2371 1424 2416 impudicum
1437 2379 1499 2412 γᾶς

122 2417 164 2454 in
182 2418 367 2455 iudicium
387 2434 428 2463 ας
449 2419 489 2454 111
509 2420 652 2456 iudicio
673 2429 709 2464 133
731 2420 811 2456 sine
831 2419 975 2455 iudicio
991 2420 1034 2455 K
1038 2421 1107 2455 lot
1172 2423 1216 2454 25
1243 2430 1364 2465 neom
1368 2419 1397 2454 1t
1418 2424 1502 2460 Βΐβ
