1638 2560
175 134 195 175 1
203 133 262 176 50
594 130 768 166 GEMINI
793 127 1122 165 LANGVENTES

171 250 303 296 turus,
334 246 397 285 hic
430 259 548 296 quem
579 246 815 295 permiseras
847 243 1012 292 medico,
1045 243 1079 282 si
1110 242 1319 282 maluisset
1351 241 1541 282 occidere.

171 309 281 347 vides
309 307 404 357 quid
429 306 671 357 profecerint
697 305 815 344 anxia
840 306 935 343 vota
961 303 1138 354 pietatis,
1171 302 1367 342 sollicitae
1393 315 1541 353 preces.

172 369 266 407 dum
303 369 385 406 iam
422 366 560 418 frigidi
596 366 770 416 pectoris
803 365 975 404 calorem
1014 363 1278 414 superpositis
1308 375 1543 403 revocamus

171 429 367 477 uberibus,
388 427 483 466 dum
509 427 699 478 frigentia
724 426 903 465 membra
928 425 1128 464 continuis
1155 423 1301 464 osculis
1329 425 1370 463 et
1394 423 1544 475 spiritu

170 489 350 539 trepidae
381 488 521 526 matris
555 487 790 536 animamus,
823 485 918 524 dum
949 485 1128 524 labentes
1161 485 1270 524 oculi
1301 484 1353 524 ad
1383 485 1542 524 nostras
1581 498 1599 525 5

172 549 477 588 exclamationes
510 549 745 597 nostrosque
775 547 962 597 planctus
996 547 1184 585 ammissa
1222 545 1424 595 paulatim
1454 545 1543 584 luce

170 611 367 658 laxantur,
406 609 501 646 dum
531 609 661 647 multa
693 608 875 656 mentior,
915 606 1044 645 multa
1075 607 1272 656 promitto
1304 607 1345 645 et
1375 606 1545 645 fratrem

170 669 257 708 dico
290 671 493 718 sanatum,
525 669 698 719 respexit
731 668 783 706 ad
813 669 958 717 vitam,
998 667 1222 717 convaluit,
1259 667 1400 706 evasit.
1463 678 1543 705 11011

168 731 302 769 tamen
339 731 446 768 iacto
484 730 695 779 pietatem,
738 741 815 767 non
855 741 999 779 arrogo
1037 727 1138 766 mihi
1176 739 1392 778 prosperae
1431 738 1545 766 cura-

168 790 289 829 tionis
328 791 524 829 eventum.
589 789 685 839 quid
716 789 821 827 hunc
855 789 1075 837 sanaverit,
1108 787 1168 828 vis
1201 788 1302 827 scire
1338 785 1544 827 breviter?
1564 801 1600 827 1⁰

170 851 276 901 quod
306 851 441 901 potuit
473 852 687 900 utrumque
719 862 871 888 sanare.

121 911 146 947 6
261 911 414 950 Pudeat
451 924 540 959 vos,
581 923 603 949 o
641 911 731 948 iura
771 910 976 961 legesque,
1023 909 1131 959 quod
1171 909 1387 949 miserrimi
1427 920 1543 948 sexus

169 971 344 1011 dolorem
374 972 436 1010 his
470 971 643 1010 elusistis
678 971 884 1022 angustiis.
937 971 997 1009 ita
1029 970 1223 1009 maritum
1251 969 1359 1021 quod
1391 969 1543 1008 occisus

169 1033 230 1070 est
266 1031 390 1081 filius,
428 1032 558 1070 malae
595 1031 849 1070 tractationis
888 1044 987 1070 uxor
1028 1029 1219 1070 accusat?
1280 1028 1545 1080 perdiderunt

168 1092 268 1144 legis
305 1093 422 1131 huius
462 1093 743 1131 auctoritatem
784 1105 885 1141 quae
927 1091 979 1130 ad
1019 1092 1111 1130 illas
1156 1092 1318 1131 uxorias
1360 1090 1543 1141 querelas
1564 1102 1598 1130 15

167 1153 516 1191 matrimoniorum
554 1153 683 1191 solent
715 1152 866 1191 deferre
906 1152 1079 1192 delicias.
1145 1165 1219 1203 ego
1256 1152 1372 1190 illam
1404 1150 1544 1190 datam

167 1213 322 1252 miseris
362 1214 522 1251 tantum
563 1212 757 1251 matribus
798 1215 896 1263 puto
939 1214 1192 1262 potestatem.
1259 1207 1451 1264 (potest)
1493 1211 1542 1250 ab

166 1274 308 1323 iniquo
346 1274 512 1325 coniuge
553 1274 751 1324 explicare
791 1273 1010 1312 divortium
1058 1274 1098 1312 et
1146 1274 1288 1312 contra
1334 1272 1542 1311 maritales

167 1335 303 1372 tuetur
339 1334 524 1382 iniurias,
564 1335 609 1372 ut
641 1334 744 1372 nolis
782 1334 987 1384 praestare
1023 1334 1276 1384 patientiam.
1339 1333 1423 1372 illis
1455 1345 1542 1372 suc-

168 1395 292 1432 currit
318 1407 416 1444 quas
448 1395 559 1433 nefas
586 1395 645 1434 est
672 1394 792 1443 abire,
820 1394 1031 1444 discedere,
1065 1407 1165 1445 quas
1191 1395 1234 1432 in
1259 1394 1424 1445 pessimi
1449 1406 1541 1432 con·
1562 1407 1599 1433 20

167 1454 268 1506 iugii
300 1455 443 1493 durum
474 1457 791 1505 perpetuumque
818 1455 1069 1506 complexum
1094 1455 1368 1494 communium
1398 1454 1543 1506 pigno-

167 1529 256 1553 rum
287 1529 408 1554 nexus
441 1516 610 1565 artavit,
651 1528 752 1565 quae
783 1516 911 1555 malos
943 1516 1111 1555 maritos
1149 1516 1302 1566 pariter
1334 1517 1375 1554 et
1405 1515 1543 1565 patres

169 1588 240 1614 nec
270 1576 492 1626 relinquere
524 1588 595 1614 nec
627 1577 729 1615 ferre
762 1576 976 1615 sufficiunt.
1040 1577 1195 1616 facinus
1229 1577 1290 1615 est
1328 1575 1418 1615 ideo
1451 1587 1543 1615 eva-

169 1635 260 1673 dere
292 1637 499 1684 maritum,
533 1637 628 1686 quia
661 1636 930 1686 damnaretur,
969 1638 1004 1676 si
1036 1637 1084 1676 de
1116 1637 1187 1676 illo
1219 1637 1372 1676 minore
1405 1635 1542 1675 dolore

171 1697 412 1745 quereretur.
474 1698 613 1746 itaque
657 1697 909 1747 impudenter
952 1698 1052 1736 facit
1091 1697 1199 1748 quod
1244 1710 1317 1748 pro
1362 1696 1543 1736 detracto
1563 1708 1598 1735 25

169 1757 354 1794 matrona
380 1757 491 1795 cultu
515 1758 741 1808 negatoque
766 1758 973 1807 comitatu,
1001 1758 1196 1797 fastiditis
1225 1757 1422 1807 noctibus,
1453 1756 1543 1807 pul-

170 1817 336 1866 sataque
368 1817 470 1856 facie
502 1817 631 1856 filium
656 1818 880 1867 complorat
912 1817 1114 1857 occisum?
1165 1819 1262 1858 sileo
1296 1818 1427 1858 adhuc
1458 1817 1543 1867 illa,

169 1889 241 1926 per
292 1890 392 1926 quae
442 1878 648 1927 parricidii
699 1879 825 1917 crevit
874 1880 1116 1918 immanitas.
1190 1880 1365 1919 occisum
1414 1877 1544 1917 filium

267 1995 287 2026 2
314 1992 489 2037 profeces·
514 1999 542 2026 1·
646 1996 666 2027 5
701 1994 850 2028 matris:
879 1994 910 2029 is
937 1995 979 2029 in
1003 2006 1077 2030 offas
1105 2001 1142 2029 Β
1251 1998 1272 2030 6
1299 1993 1479 2030 ammissa
1506 2001 1544 2038 ςς

171 2039 310 2074 amissa
331 2046 424 2083 asu,
452 2041 580 2076 amissi
601 2047 637 2076 P
722 2045 765 2076 10
791 2042 970 2078 breviter:
998 2044 1107 2088 pater
1133 2052 1152 2085 β
1240 2046 1283 2078 13
1311 2042 1477 2078 elusistie
1505 2048 1543 2076 e:

171 2087 338 2123 elusistis
365 2088 527 2134 (elusisti
546 2096 591 2134 B,
617 2101 716 2135 supr
740 2091 826 2135 ῡ)ω
902 2094 946 2126 15
972 2090 1075 2137 leges
1097 2097 1169 2126 Μ]
1191 2091 1246 2136 (111
1271 2090 1346 2126 alio
1375 2089 1422 2125 hr
1445 2090 1544 2137 legis

170 2136 214 2171 in
238 2148 352 2182 τηαν-9.
374 2139 428 2183 m)
535 2141 578 2172 17
611 2140 737 2183 potest
769 2138 854 2174 add.
884 2140 987 2175 Dess
1010 2151 1048 2185 p
1071 2142 1143 2184 87,·
1175 2151 1243 2176 om.
1265 2154 1294 2174 ω
1395 2141 1439 2174 18
1471 2138 1544 2173 1111-

169 2195 245 2230 qua
270 2190 307 2219 B
409 2184 574 2231 explicat
600 2187 637 2221 et
666 2187 748 2223 Obr.
850 2191 892 2222 19
919 2189 987 2234 ut3
1012 2191 1046 2233 (1
1074 2188 1130 2224 vel
1153 2190 1179 2224 2
1205 2188 1272 2223 litt.
1294 2199 1356 2231 er„
1380 2186 1444 2223 sed
1468 2197 1546 2223 non

169 2236 249 2268 erat
272 2232 350 2277 ubi,
377 2234 475 2278 quod
495 2235 673 2279 praebent
696 2236 799 2280 γς>1
901 2236 1108 2280 succurreri
1133 2242 1171 2271 Β
1267 2238 1314 2271 20
1341 2234 1463 2271 abire:
1494 2234 1543 2270 ab

168 2281 248 2317 viro
276 2289 296 2315 ς
387 2285 430 2316 21
460 2282 584 2317 dirum
610 2291 663 2317 ασ
751 2287 795 2318 22
822 2283 941 2319 malos
968 2285 1023 2320 bis
1047 2285 1197 2330 scripsit
1220 2289 1248 2318 V
1341 2287 1387 2319 24
1413 2283 1544 2319 dolore

168 2329 313 2365 minore
345 2335 400 2374 M,
433 2333 572 2376 transp
600 2345 641 2365 m
764 2335 808 2367 25
847 2343 914 2378 pro
954 2332 1142 2368 detracto:
1182 2332 1230 2368 de
1267 2333 1460 2378 protracto
1491 2337 1549 2366 VJ
1631 2363 1633 2373 Σ

170 2381 215 2413 26
241 2379 414 2414 matrona
439 2390 483 2414 ex
508 2380 677 2414 materno
703 2386 740 2414 Β
846 2380 1043 2428 cultu3M
1163 2384 1207 2416 27
1236 2380 1387 2430 adhusse
1412 2386 1450 2416 Β
1629 2374 1638 2416 2?

170 2429 215 2461 28
242 2437 356 2472 quae:
384 2430 457 2476 que}
484 2433 521 2462 Β
616 2427 736 2462 filium
760 2440 861 2474 supr.
883 2435 920 2463 Β
1619 2406 1638 2560 ἰ
