1638 2560
99 114 186 157 164
519 110 694 147 GEMINT
718 107 1047 152 LANGVENTES

97 228 272 268 nudatur
302 226 540 267 miserabilis
574 238 619 264 ac
651 224 830 264 deflenda
860 225 1018 263 macies.
1081 223 1168 262 toto
1201 221 1344 262 deinde
1380 222 1468 261 ten-

99 289 208 329 ditur
250 291 338 327 toro
378 290 418 326 et
455 287 507 325 ad
547 286 780 324 inmobilem
823 283 1076 336 rigidamque
1115 283 1358 333 patientiam
1397 294 1470 333 per

99 351 233 388 omnia
263 349 402 388 lectuli
433 348 565 397 spatia
591 346 805 385 duraturus
838 345 1061 395 exponitur.
1113 344 1261 393 accipit
1291 343 1470 382 carnifex

98 410 168 449 ille
204 410 348 457 telum,
386 421 465 446 non
497 420 576 458 quo
608 407 772 445 dextera
809 406 949 445 statim
986 406 1119 444 totum
1150 403 1295 444 vulnus
1329 404 1470 454 impri-

99 468 242 519 meret,
281 469 348 509 sed
380 468 486 518 quod
522 467 667 506 leviter
703 466 980 517 paulatimque
1013 464 1252 504 descendens
1293 465 1470 504 animam
1507 478 1523 505 5

99 532 141 569 in
186 529 354 569 confinio
399 529 539 568 mortis
584 540 629 566 ac
673 528 781 566 vitae
823 526 973 565 librato
1018 525 1154 564 dolore
1199 524 1469 575 suspenderet.

99 591 196 629 haec
227 591 423 638 exoratio,
461 589 535 627 hoc
566 589 646 626 fuit
682 588 854 638 perituri
889 587 1046 626 iuvenis
1086 585 1336 636 adloquium:
1376 581 1471 624 ‘for-

99 652 196 689 titer
226 651 344 699 dura,
382 650 583 700 patienter
620 648 806 697 admitte,
846 647 1057 687 sanabitur
1093 646 1231 686 frater.
1292 658 1374 685 non
1411 646 1473 685 est

102 711 207 761 quod
245 711 481 750 exanimeris
519 710 646 758 metu,
685 708 820 748 dolore
857 707 1027 747 deficias.
1091 719 1188 747 cave
1219 707 1374 747 viscera
1404 718 1472 745 ex-

101 772 340 810 clamatione
371 784 420 809 ne
446 771 580 819 lasses,
614 769 795 808 anhelitu
827 770 1060 820 gemituque
1087 768 1304 816 concutias,
1335 779 1386 806 ne
1409 779 1471 807 re·
1492 781 1527 808 ιο

100 832 276 871 111οᾶ111111
312 832 452 881 pereat
489 826 691 869 alienum.’
755 842 896 880 passus
932 830 994 869 est
1030 830 1152 868 miser
1182 827 1474 868 discurrentem

101 905 172 943 per
198 893 332 930 omnia
357 892 526 930 reserati
551 892 723 941 pectoris
749 890 979 940 improbum
1004 901 1132 940 vagae
1159 890 1260 929 artis
1287 901 1471 928 errorem.

32 944 82 981 20
193 951 433 991 Contentum
483 952 605 991 fuisse
658 951 856 990 medicum
905 952 992 989 toto
1042 950 1203 988 homine
1254 949 1474 988 discentem

102 1014 231 1064 primo
262 1013 415 1063 putatis
449 1010 641 1062 aspectu?
703 1013 840 1062 egesta
872 1024 990 1062 saepe
1022 1010 1179 1060 vitalia,
1210 1010 1474 1060 pertractata,

104 1073 266 1112 diducta
303 1074 412 1123 sunt3
457 1073 637 1111 fecerunt
668 1085 809 1110 manus
847 1071 966 1122 plura
1004 1084 1126 1122 quam
1166 1070 1328 1110 ferrum.
1391 1071 1475 1110 stat
1494 1082 1528 1111 15

103 1135 215 1172 iuxta
247 1133 445 1172 medicum
475 1135 591 1184 pater
621 1134 771 1183 apertis
804 1132 1021 1172 visceribus
1059 1132 1219 1171 inhians
1251 1131 1474 1171 stillantem

104 1195 261 1233 animae
305 1194 437 1233 sedem
482 1195 654 1232 cruentis
698 1193 883 1232 manibus
922 1194 1163 1244 agitantem,
1208 1205 1257 1230 ne
1298 1191 1475 1240 festinet,

103 1255 307 1303 hortatur,
347 1254 460 1292 iubet
498 1254 618 1293 altius
657 1254 969 1306 diligentiusque
1008 1254 1198 1302 scrutari,
1238 1252 1475 1304 interrogat,
1622 1266 1638 1316 g

105 1314 280 1364 dubitat,
319 1314 541 1363 contendit,
579 1314 768 1353 adfirmat
798 1316 839 1354 et
871 1315 1018 1364 accipit
1055 1314 1103 1352 de
1134 1313 1210 1352 filii
1245 1314 1375 1353 morte
1411 1324 1476 1351 ra-

103 1376 264 1414 tionem.
329 1376 371 1414 at
401 1375 545 1414 111111101
581 1375 723 1414 infelix
760 1374 881 1414 clusis
920 1375 1114 1414 advoluta
1151 1373 1305 1413 foribus
1337 1386 1475 1413 0111011-
1496 1387 1532 1414 so

104 1437 269 1485 tumque
301 1438 498 1474 secretum
529 1437 615 1474 toto
642 1448 807 1485 corpore
834 1436 1047 1487 effringens
1073 1435 1185 1474 velut
1213 1447 1341 1503 super
1356 1433 1477 1473 busta

105 1496 359 1545 tumulosque
398 1496 617 1535 clamabat.
663 1493 792 1545 audi,
833 1496 1055 1535 miserrime
1093 1496 1269 1545 iuvenis,
1311 1495 1346 1534 si
1387 1495 1476 1544 quis

108 1556 236 1594 adhuc
266 1556 343 1594 tibi
375 1559 555 1606 superest
586 1570 733 1606 sensus,
767 1556 929 1595 exaudi.
961 1569 1041 1595 non
1073 1557 1257 1607 permisit
1287 1555 1363 1594 hoc
1393 1567 1477 1594 ma-

106 1618 180 1665 ter,
218 1616 331 1655 crede
369 1616 537 1656 orbitati
576 1630 704 1666 meae,
746 1617 860 1656 crede
897 1617 1092 1666 lacrimis,
1130 1629 1203 1656 nec
1240 1616 1368 1655 frater
1402 1615 1479 1654 hac

108 1676 231 1715 vellet
260 1678 416 1715 ratione
448 1674 608 1716 sanari.'
672 1678 779 1716 inter
809 1678 907 1716 haec
937 1677 1192 1716 reficiebatur
1228 1677 1350 1716 miser
1380 1675 1478 1715 hau-
1499 1689 1534 1716 25

109 1736 248 1786 stibus,
280 1737 534 1776 detinebatur
561 1738 760 1787 alloquiis,
793 1738 1118 1788 conprimebatur
1142 1737 1324 1778 residuus
1352 1749 1479 1784 cruor,

1631 1677 1634 1692 „l
1630 1654 1633 1667 ,.
1629 1636 1633 1642 ..
1619 1399 1638 1623 ‹efflfflssfflssui
1623 1316 1638 1388 2.;.,.'.⁶.

110 1797 372 1836 eludebantur
404 1800 544 1847 aperta
574 1798 727 1837 vitalia.
779 1811 894 1837 nemo
927 1812 1106 1849 unquam
1137 1800 1223 1838 tam
1253 1811 1360 1837 nova
1391 1810 1480 1848 per—

108 1857 206 1896 tulit
237 1859 461 1907 commenta
487 1860 690 1898 saevitiae.
740 1860 949 1909 tamquam
975 1861 1198 1909 sanaretur,
1231 1859 1382 1898 occisus
1408 1859 1479 1897 est.

110 1918 167 1956 ite
198 1931 303 1957 nunc
335 1920 375 1957 et
414 1920 612 1968 quaerite,
652 1931 704 1957 an
741 1921 920 1969 potuerit
957 1919 1110 1959 medico
1146 1920 1314 1959 sanante
1345 1919 1482 1958 vivere

37 1979 87 2016 21
112 1979 181 2028 qui
211 1978 369 2017 tamdiu
400 1980 520 2029 vixit,
558 1979 653 2018 dum
685 1980 890 2018 occiditur.
952 1993 1023 2019 vos
1055 1982 1151 2019 tunc
1183 1980 1338 2030 putatis
1369 1978 1481 2019 illius
1501 1992 1537 2019 30

208 2122 227 2154 1
256 2117 433 2153 deffenda
459 2124 494 2152 P
576 2122 596 2153 2
623 2118 731 2154 thoro
765 2125 807 2162 ιβ
893 2123 915 2154 4
942 2120 1069 2167 quod}
1072 2097 1223 2156 *extera
1254 2125 1282 2154 V
1358 2122 1378 2153 5
1406 2118 1482 2154 dis-

112 2166 267 2203 cindens
295 2168 352 2213 (ex
378 2166 606 2213 discensens)
627 2173 696 2201 BV
765 2171 785 2202 6
812 2167 973 2203 librator
998 2174 1026 2202 V
1096 2172 1115 2203 7
1140 2168 1253 2203 haec:
1280 2177 1351 2202 1100
1378 2173 1414 2201 P

113 2238 307 2274 exhoratio
334 2245 360 2273 S
458 2243 479 2274 8
507 2239 711 2275 santibitur
735 2246 772 2274 Β
869 2244 889 2275 9
916 2229 1099 2276 exameris
1130 2246 1159 2274 V
1253 2242 1297 2275 10
1322 2239 1422 2274 lasse
1448 2245 1486 2274 Β

114 2291 158 2323 12
185 2289 330 2323 secreta
350 2291 437 2333 post
461 2288 588 2323 omnia
613 2288 699 2323 add.
723 2289 828 2324 Dess.
908 2292 950 2323 13
977 2288 1113 2324 fuisset
1137 2294 1174 2323 Β
1247 2291 1290 2323 15
1318 2287 1484 2323 deducta

112 2366 227 2403 BVfflr
321 2363 365 2395 20
392 2347 504 2395 clasis
530 2366 566 2395 Β
656 2364 702 2394 24
728 2359 910 2396 lacrimis:
939 2372 978 2396 cr
1003 2363 1044 2397 in
1069 2373 1142 2397 ras.
1163 2367 1201 2396 Β
1285 2363 1330 2395 26
1357 2359 1484 2406 oppri-

113 2408 289 2444 mebatur
313 2415 346 2443 J
441 2411 486 2443 30
512 2420 612 2444 nunc
638 2414 717 2443 ΒΜ
738 2408 811 2456 (vel
835 2410 926 2444 tunc
950 2421 1051 2455 supr.
1073 2411 1128 2456 m>
