1638 2560
0 0 29 71 ,αξξ

508 89 831 127 DECLAMATIO
856 90 980 127 XVIII
999 94 1105 127 2-4.
1407 91 1508 134 3232

114 206 279 246 fectum.
325 218 442 246 rarus
471 206 539 246 hic
569 218 743 256 namque
775 205 828 244 ad
853 206 1001 256 oscula,
1033 205 1209 246 difficilis
1235 205 1499 258 amplexibus,

117 268 162 306 et
189 267 261 318 qui
289 266 454 307 unicum
484 268 683 318 aspiceret
713 266 848 305 animo
881 279 961 317 quo
993 261 1236 318 quandoque
1266 268 1403 318 posset
1433 280 1497 307 oc-

117 326 262 378 cidere,
278 326 389 378 fecit,
412 328 461 366 ut
484 326 704 367 notabilior
722 329 827 366 esset
845 328 994 367 caritas
1019 329 1173 367 matris.
1220 328 1351 367 omnis
1369 328 1499 380 igitur

115 389 286 428 miserae
310 400 441 428 sermo
466 400 558 427 cum
575 387 673 438 filio,
693 388 823 427 omnis
842 388 887 426 in
904 388 1113 439 publicum
1131 389 1286 440 pariter
1304 400 1497 458 egressus:

80 464 97 491 5
116 447 320 501 gaudebat
361 450 485 488 etiam
523 448 631 500 quod
673 448 900 488 laudandus
945 449 1192 500 occursibus,
1237 449 1343 500 quod
1388 450 1499 488 omni

116 509 346 560 frequentia
383 510 579 560 coetuque
611 510 849 560 conspicuus
886 510 1038 561 populo
1069 510 1152 549 iam
1182 511 1269 561 ipse
1300 510 1500 550 fateretur
1537 511 1550 517 “’

117 569 225 621 (111οᾱ
267 570 360 622 plus
404 573 609 610 amaretur
652 583 678 610 a
718 572 861 609 matre.
922 570 1187 622 miseremini,
1230 570 1402 621 iudices,
1443 584 1494 610 ne
1518 570 1545 609 4

115 629 310 670 nefandas
350 630 598 683 suspiciones
635 632 829 670 maritum
868 644 916 671 ex
955 631 1078 671 ullius
1115 631 1286 670 traxisse
1323 631 1497 671 credafis

114 690 295 731 indiciis:
326 704 443 731 sumn
473 693 661 744 rigorem,
693 705 811 731 31111111
840 693 1002 731 tantum
1033 694 1192 732 secutus
1218 693 1279 731 est
1304 693 1495 731 animum.

61 756 98 794 10
115 750 246 791 filium
271 753 308 792 si
331 765 413 791 non
438 765 559 803 ames,
583 752 773 792 videatur
796 752 874 791 fibi
898 755 1029 792 mater
1053 751 1291 792 adamasse?
1340 754 1496 804 quaesi-

37 859 43 867 ,
115 813 254 852 turum
284 826 392 853 nunc
421 826 503 864 me,
533 812 703 863 iudices,
733 814 890 864 putatis
921 813 971 852 de
1002 814 1168 853 licentia
1199 814 1391 853 sermonis
1423 813 1496 853 hu-

114 871 256 912 mani?
306 886 381 925 ego
409 886 504 913 vero
535 873 649 913 iuxta
679 874 787 913 hunc
817 875 976 926 patrem
1007 887 1088 913 non
1115 886 1256 914 accuso
1281 887 1496 914 rumorem.

117 946 221 984 quae
256 935 429 973 materia
462 934 625 973 fabulae
656 936 742 973 tam
778 934 1029 985 inpudentis,
1075 936 1146 985 qui
1181 935 1306 974 fuerit
1343 937 1495 985 auctor,

114 994 193 1033 iste
223 994 414 1044 probavit
445 996 516 1046 qui
547 994 728 1034 credidit.
790 995 1033 1035 facillimum
1063 995 1155 1045 fuit,
1186 998 1233 1035 ut
1263 996 1497 1046 loqueretur

61 1069 105 1097 15'
116 1054 291 1106 populus
329 1055 378 1094 de
414 1056 586 1106 incesto,
624 1055 672 1095 de
711 1069 790 1106 quo
826 1056 1053 1095 mirabatur
1089 1058 1247 1107 patrem
1288 1057 1494 1108 suspicari.

114 1115 216 1154 hmo
252 1117 364 1166 sunt,
402 1115 571 1166 iudices,
613 1129 716 1167 quae
753 1119 885 1156 mater
920 1117 1019 1157 fecit
1056 1129 1208 1167 secure,
1246 1117 1497 1168 simpliciter,

116 1175 266 1227 palam,
298 1189 433 1215 coram
464 1177 624 1226 marito,
656 1190 791 1216 coram
822 1178 998 1217 civitate.
1060 1178 1211 1217 referat
1241 1191 1347 1217 nunc
1378 1191 1496 1217 suum

116 1237 195 1276 iste
219 1239 428 1276 secretum.
478 1239 677 1287 iuvenem,
704 1250 806 1288 quae
830 1238 1079 1290 integritatis
1105 1240 1237 1289 prima
1256 1239 1495 1290 simplicitas

115 1299 194 1346 est,
231 1297 335 1336 nihil
372 1298 584 1337 timentem
621 1300 665 1337 in
702 1301 861 1349 partem
898 1298 1039 1338 domus
1072 1312 1152 1349 qua
1189 1299 1303 1338 nulla
1338 1299 1496 1350 procla-

60 1372 98 1399 20
115 1358 255 1408 matio,
285 1358 422 1397 nullus
452 1360 614 1410 poterat
645 1360 819 1410 gemitus
848 1359 992 1409 audiri,
1022 1361 1172 1411 rapuit,
1204 1359 1381 1398 abduxit.
1437 1360 1495 1399 ibi

116 1417 361 1468 verberibus,
391 1418 568 1471 ignibus,
600 1421 710 1458 omni
741 1419 994 1459 crudelitatis
1026 1422 1112 1459 arte
1145 1420 1403 1471 consumpsit.

204 1477 303 1525 Quis
334 1492 531 1529 unquam,
562 1480 733 1530 iudices,
764 1481 879 1531 peius
912 1480 960 1519 de
990 1481 1223 1520 innocentia
1253 1482 1494 1532 temporum,

113 1538 163 1578 de
200 1539 325 1579 sacris
361 1539 510 1579 meruit
549 1539 800 1580 adfectibus?
836 1541 957 1581 torsit
993 1540 1140 1591 filium,
1178 1544 1225 1580 ut
1255 1541 1495 1593 probaretur

114 1599 329 1648 incestum3
358 1600 521 1650 occidit,
551 1603 598 1639 ut
630 1600 869 1640 crederetur.
919 1602 1072 1653 ponite.
1088 1615 1194 1641 nunc
1226 1603 1319 1641 ante
1345 1602 1493 1653 oculos,

57 1673 94 1701 25
112 1659 277 1709 iudices,
307 1659 478 1700 duorum
510 1663 725 1712 parentum
757 1662 1056 1701 confessionem.
1113 1664 1244 1702 mater
1276 1663 1492 1702 exclamat:

111 1719 241 1759 filium
273 1721 424 1771 amavi-3
454 1724 572 1772 pater
596 1721 712 1761 dicit:
745 1722 883 1762 occidi.
932 1723 1046 1763 nefas
1078 1724 1140 1762 est
1169 1725 1386 1774 utrumque
1418 1737 1491 1774 pu-

110 1782 207 1820 tetis
231 1781 495 1821 innocentem.
545 1783 629 1821 iam
660 1782 834 1835 quidem,
866 1785 1147 1823 nocentissimo
1178 1797 1308 1834 3311311,
1340 1784 1491 1836 grande

112 1840 381 1893 deprehensae
411 1842 589 1882 feritatis
619 1843 815 1882 indicium
847 1847 908 1883 est
940 1845 1063 1895 quod,
1102 1857 1192 1884 cum
1223 1844 1354 1883 filium
1388 1845 1500 1884 occi-·

209 1987 228 2019 1
256 1982 366 2019 311-
380 1982 610 2028 quandoque
637 1982 693 2019 bis
711 1989 749 2018 Β
861 1983 1020 2032 *oscula
1045 1985 1101 2030 (in
1126 1985 1339 2031 repetitione
1363 1983 1391 2019 h
1415 1996 1492 2021 mm

111 2031 180 2068 del.
348 2035 368 2066 2
394 2030 518 2078 possit
544 2045 568 2065 α
666 2034 687 2066 5
714 2030 895 2068 laudatus
921 2033 1000 2069 Sch.
1096 2036 1117 2068 6
1142 2033 1285 2079 populo
1311 2034 1353 2068 in
1372 2044 1488 2080 mary.

110 2079 198 2116 ad.
364 2079 572 2132 ip{{.se(er
599 2080 684 2123 s)V
802 2084 1088 2118 ''Incomnv
1203 2081 1407 2124 eiflinse

111 2131 158 2164 10
183 2138 286 2165 ames
310 2129 353 2164 in
377 2139 451 2167 ms
478 2134 503 2164 δ
602 2131 645 2164 11
671 2127 848 2165 humanis
867 2136 905 2165 Β
1002 2133 1045 2164 12
1072 2129 1174 2165 iusta
1193 2136 1236 2165 M
1333 2133 1377 2165 13
1404 2130 1489 2176 quis

110 2181 188 2221 Πμς
215 2176 282 2222 qui
307 2175 385 2221 fact
409 2182 438 2212 V
550 2177 656 2212 actor
680 2177 791 2224 (1(σῆ
909 2182 954 2213 14
980 2177 1185 2222 credididit
1208 2185 1247 2214 Β
1362 2182 1405 2213 15
1431 2178 1489 2213 in-

111 2261 213 2296 certo
238 2266 321 2315 Βγς
345 2236 491 2296 incesto
518 2266 568 2305 Μ,
594 2271 687 2298 corr.
707 2275 750 2297 n·
872 2265 916 2297 22
943 2263 1138 2309 tempoum
1163 2269 1202 2298 Β
1224 2263 1330 2309 (corr.
1352 2262 1421 2308 δῖ)

110 2347 157 2379 24
180 2320 304 2391 potite
329 2351 367 2380 Β
481 2349 525 2381 26
554 2346 598 2381 ut
621 2347 828 2397 utrumqne
850 2356 870 2390 ρ
992 2351 1038 2383 28
1064 2323 1321 2393 deprehensae
1347 2353 1384 2381 Β

108 2392 293 2428 iudicium
318 2399 404 2436 Βΐβ

1196 2460 1216 2491 2
1222 2461 1239 2491 1
1249 2456 1267 2474 ⁸
