<?xml version="1.0" encoding="UTF-8"?>
<!DOCTYPE html PUBLIC "-//W3C//DTD XHTML 1.0 Transitional//EN"
    "http://www.w3.org/TR/xhtml1/DTD/xhtml1-transitional.dtd">
<html xmlns="http://www.w3.org/1999/xhtml" xml:lang="en" lang="en">
 <head>
  <title>
</title>
<meta http-equiv="Content-Type" content="text/html;charset=utf-8" />
  <meta name='ocr-system' content='tesseract 3.04.00' />
  <meta name='ocr-capabilities' content='ocr_page ocr_carea ocr_par ocr_line ocrx_word'/>
</head>
<body>
  <div class='ocr_page' id='page_1' title='image "./quintilianiquaef00lehnuoft_0124.png"; bbox 0 0 1638 2560; ppageno 0'>
   <div class='ocr_carea' id='block_1_1' title="bbox 171 123 1101 172">
    <p class='ocr_par' dir='ltr' id='par_1_1' title="bbox 171 123 1101 172">
     <span class='ocr_line' id='line_1_1' title="bbox 171 123 1101 172; baseline -0.005 -7"><span class='ocrx_word' id='word_1_1' title='bbox 171 129 226 172; x_wconf 87' lang='grc'>88</span> <span class='ocrx_word' id='word_1_2' title='bbox 613 125 780 162; x_wconf 80' lang='lat' dir='ltr'>AEGER</span> <span class='ocrx_word' id='word_1_3' title='bbox 804 123 1101 160; x_wconf 78' lang='lat' dir='ltr'><strong>REDEMPTVS</strong></span> 
     </span>
    </p>
   </div>
   <div class='ocr_carea' id='block_1_2' title="bbox 169 237 1540 474">
    <p class='ocr_par' dir='ltr' id='par_1_2' title="bbox 169 237 1540 474">
     <span class='ocr_line' id='line_1_2' title="bbox 169 237 1540 294; baseline -0.004 -12"><span class='ocrx_word' id='word_1_4' title='bbox 169 242 360 294; x_wconf 85' lang='lat' dir='ltr'>fugientis</span> <span class='ocrx_word' id='word_1_5' title='bbox 392 243 548 281; x_wconf 86' lang='lat' dir='ltr'>animae</span> <span class='ocrx_word' id='word_1_6' title='bbox 575 241 698 290; x_wconf 85' lang='lat' dir='ltr'>dolor,</span> <span class='ocrx_word' id='word_1_7' title='bbox 730 253 808 290; x_wconf 90' lang='lat' dir='ltr'>quo</span> <span class='ocrx_word' id='word_1_8' title='bbox 834 239 954 278; x_wconf 86' lang='lat' dir='ltr'>cadat</span> <span class='ocrx_word' id='word_1_9' title='bbox 983 239 1184 278; x_wconf 82' lang='lat' dir='ltr'>extractus</span> <span class='ocrx_word' id='word_1_10' title='bbox 1215 249 1353 277; x_wconf 89' lang='lat' dir='ltr'>mucro</span> <span class='ocrx_word' id='word_1_11' title='bbox 1379 237 1540 278; x_wconf 84' lang='lat' dir='ltr'>visceri-</span> 
     </span>
     <span class='ocr_line' id='line_1_3' title="bbox 169 297 1539 354; baseline -0.004 -12"><span class='ocrx_word' id='word_1_12' title='bbox 169 303 262 354; x_wconf 86' lang='lat' dir='ltr'>bus,</span> <span class='ocrx_word' id='word_1_13' title='bbox 301 305 344 342; x_wconf 88' lang='lat' dir='ltr'>in</span> <span class='ocrx_word' id='word_1_14' title='bbox 382 315 498 353; x_wconf 90' lang='lat' dir='ltr'>quem</span> <span class='ocrx_word' id='word_1_15' title='bbox 542 313 582 340; x_wconf 85' lang='lat' dir='ltr'>se</span> <span class='ocrx_word' id='word_1_16' title='bbox 628 300 861 340; x_wconf 73' lang='lat' dir='ltr'><strong>collabentis</strong></span> <span class='ocrx_word' id='word_1_17' title='bbox 905 299 1081 350; x_wconf 87' lang='lat' dir='ltr'>corporis</span> <span class='ocrx_word' id='word_1_18' title='bbox 1125 299 1243 337; x_wconf 82' lang='lat' dir='ltr'>ruina</span> <span class='ocrx_word' id='word_1_19' title='bbox 1286 297 1539 349; x_wconf 83' lang='lat' dir='ltr'>praecipitet.</span> 
     </span>
     <span class='ocr_line' id='line_1_4' title="bbox 171 357 1538 412; baseline -0.004 -9"><span class='ocrx_word' id='word_1_20' title='bbox 171 364 292 403; x_wconf 80' lang='lat' dir='ltr'>vultis</span> <span class='ocrx_word' id='word_1_21' title='bbox 324 364 423 402; x_wconf 89' lang='lat' dir='ltr'>scire</span> <span class='ocrx_word' id='word_1_22' title='bbox 456 363 650 412; x_wconf 85' lang='lat' dir='ltr'>quantum</span> <span class='ocrx_word' id='word_1_23' title='bbox 682 360 847 399; x_wconf 84' lang='lat' dir='ltr'>debeam</span> <span class='ocrx_word' id='word_1_24' title='bbox 878 361 1020 399; x_wconf 90' lang='lat' dir='ltr'>timere</span> <span class='ocrx_word' id='word_1_25' title='bbox 1052 357 1262 399; x_wconf 76' lang='lat' dir='ltr'>victurus?</span> <span class='ocrx_word' id='word_1_26' title='bbox 1310 360 1459 409; x_wconf 89' lang='lat' dir='ltr'>metuo,</span> <span class='ocrx_word' id='word_1_27' title='bbox 1489 371 1538 398; x_wconf 86' lang='lat' dir='ltr'>ne</span> 
     </span>
     <span class='ocr_line' id='line_1_5' title="bbox 170 419 875 474; baseline -0.006 -11"><span class='ocrx_word' id='word_1_28' title='bbox 170 425 337 474; x_wconf 88' lang='lat' dir='ltr'>patrem,</span> <span class='ocrx_word' id='word_1_29' title='bbox 370 422 463 461; x_wconf 90' lang='lat' dir='ltr'>dum</span> <span class='ocrx_word' id='word_1_30' title='bbox 495 423 655 471; x_wconf 81' lang='lat' dir='ltr'>morior,</span> <span class='ocrx_word' id='word_1_31' title='bbox 688 419 875 460; x_wconf 82' lang='lat' dir='ltr'>occidam.</span> 
     </span>
    </p>
   </div>
   <div class='ocr_carea' id='block_1_3' title="bbox 524 624 1597 782">
    <p class='ocr_par' dir='ltr' id='par_1_3' title="bbox 524 624 1597 782">
     <span class='ocr_line' id='line_1_6' title="bbox 828 624 1597 678; baseline 0.009 -7"><span class='ocrx_word' id='word_1_32' title='bbox 828 624 883 673; x_wconf 92' lang='lat' dir='ltr'>V.</span> <span class='ocrx_word' id='word_1_33' title='bbox 1577 649 1597 678; x_wconf 68' lang='lat'>⁵</span> 
     </span>
     <span class='ocr_line' id='line_1_7' title="bbox 524 731 1190 782; baseline -0.003 0"><span class='ocrx_word' id='word_1_34' title='bbox 524 732 745 782; x_wconf 79' lang='lat' dir='ltr'><strong>AEGER,</strong></span> <span class='ocrx_word' id='word_1_35' title='bbox 782 731 1190 781; x_wconf 83' lang='lat' dir='ltr'>REDEMPTVS.</span> 
     </span>
    </p>
   </div>
   <div class='ocr_carea' id='block_1_4' title="bbox 173 869 1602 1402">
    <p class='ocr_par' dir='ltr' id='par_1_4' title="bbox 173 869 1602 1402">
     <span class='ocr_line' id='line_1_8' title="bbox 173 869 1542 908; baseline -0.002 0"><span class='ocrx_word' id='word_1_36' title='bbox 173 869 319 908; x_wconf 72' lang='lat' dir='ltr'>Lmnm</span> <span class='ocrx_word' id='word_1_37' title='bbox 343 880 555 907; x_wconf 73' lang='lat' dir='ltr'>PARENTES</span> <span class='ocrx_word' id='word_1_38' title='bbox 581 881 623 906; x_wconf 77' lang='lat' dir='ltr'>m</span> <span class='ocrx_word' id='word_1_39' title='bbox 655 879 870 906; x_wconf 79' lang='lat' dir='ltr'>EGESTATE</span> <span class='ocrx_word' id='word_1_40' title='bbox 897 879 979 907; x_wconf 72' lang='lat' dir='ltr'>Av&#39;r</span> <span class='ocrx_word' id='word_1_41' title='bbox 1005 878 1143 906; x_wconf 78' lang='lat' dir='ltr'>ALANT</span> <span class='ocrx_word' id='word_1_42' title='bbox 1168 878 1250 906; x_wconf 68' lang='lat' dir='ltr'>Avi*</span> <span class='ocrx_word' id='word_1_43' title='bbox 1276 878 1542 907; x_wconf 71' lang='lat' dir='ltr'>vmcnm&#39;rvn.</span> 
     </span>
     <span class='ocr_line' id='line_1_9' title="bbox 234 927 1544 979; baseline -0.002 -11"><span class='ocrx_word' id='word_1_44' title='bbox 234 929 404 975; x_wconf 84' lang='lat' dir='ltr'>Quidam</span> <span class='ocrx_word' id='word_1_45' title='bbox 436 929 534 968; x_wconf 90' lang='lat' dir='ltr'>duos</span> <span class='ocrx_word' id='word_1_46' title='bbox 565 928 667 967; x_wconf 87' lang='lat' dir='ltr'>fflios</span> <span class='ocrx_word' id='word_1_47' title='bbox 698 927 890 977; x_wconf 85' lang='lat' dir='ltr'>habebat,</span> <span class='ocrx_word' id='word_1_48' title='bbox 928 928 1036 979; x_wconf 86' lang='lat' dir='ltr'>frugi</span> <span class='ocrx_word' id='word_1_49' title='bbox 1069 929 1108 967; x_wconf 91' lang='lat' dir='ltr'>et</span> <span class='ocrx_word' id='word_1_50' title='bbox 1139 927 1398 966; x_wconf 77' lang='lat' dir='ltr'>luxuriosum.</span> <span class='ocrx_word' id='word_1_51' title='bbox 1454 940 1544 978; x_wconf 88' lang='lat' dir='ltr'>per-</span> 
     </span>
     <span class='ocr_line' id='line_1_10' title="bbox 235 988 1543 1042; baseline -0.001 -14"><span class='ocrx_word' id='word_1_52' title='bbox 235 1003 325 1042; x_wconf 83' lang='lat' dir='ltr'>egre</span> <span class='ocrx_word' id='word_1_53' title='bbox 356 990 538 1039; x_wconf 84' lang='lat' dir='ltr'>profecti,</span> <span class='ocrx_word' id='word_1_54' title='bbox 564 990 657 1028; x_wconf 88' lang='lat' dir='ltr'>sunt</span> <span class='ocrx_word' id='word_1_55' title='bbox 683 989 792 1038; x_wconf 88' lang='lat' dir='ltr'>capti</span> <span class='ocrx_word' id='word_1_56' title='bbox 825 1001 849 1027; x_wconf 86' lang='lat' dir='ltr'>a</span> <span class='ocrx_word' id='word_1_57' title='bbox 879 988 1032 1038; x_wconf 89' lang='lat' dir='ltr'>piratis.</span> <span class='ocrx_word' id='word_1_58' title='bbox 1089 988 1321 1027; x_wconf 81' lang='lat' dir='ltr'>luxuriosus</span> <span class='ocrx_word' id='word_1_59' title='bbox 1352 988 1543 1040; x_wconf 85' lang='lat' dir='ltr'>languere</span> 
     </span>
     <span class='ocr_line' id='line_1_11' title="bbox 236 1047 1599 1101; baseline -0.001 -12"><span class='ocrx_word' id='word_1_60' title='bbox 236 1051 376 1101; x_wconf 90' lang='lat' dir='ltr'>coepit.</span> <span class='ocrx_word' id='word_1_61' title='bbox 440 1049 557 1089; x_wconf 89' lang='lat' dir='ltr'>ambo</span> <span class='ocrx_word' id='word_1_62' title='bbox 589 1049 637 1087; x_wconf 90' lang='lat' dir='ltr'>de</span> <span class='ocrx_word' id='word_1_63' title='bbox 671 1048 943 1099; x_wconf 74' lang='lat' dir='ltr'>redemptione</span> <span class='ocrx_word' id='word_1_64' title='bbox 982 1050 1236 1099; x_wconf 86' lang='lat' dir='ltr'>scripserunt.</span> <span class='ocrx_word' id='word_1_65' title='bbox 1300 1050 1418 1100; x_wconf 84' lang='lat' dir='ltr'>pater</span> <span class='ocrx_word' id='word_1_66' title='bbox 1454 1047 1543 1087; x_wconf 74' lang='lat' dir='ltr'>uni-</span> <span class='ocrx_word' id='word_1_67' title='bbox 1564 1062 1599 1088; x_wconf 78' lang='grc' dir='ltr'>ιο</span> 
     </span>
     <span class='ocr_line' id='line_1_12' title="bbox 235 1108 1546 1159; baseline -0.002 -9"><span class='ocrx_word' id='word_1_68' title='bbox 235 1110 358 1150; x_wconf 81' lang='lat' dir='ltr'>versis</span> <span class='ocrx_word' id='word_1_69' title='bbox 395 1109 510 1149; x_wconf 88' lang='lat' dir='ltr'>bonis</span> <span class='ocrx_word' id='word_1_70' title='bbox 548 1110 592 1147; x_wconf 89' lang='lat' dir='ltr'>in</span> <span class='ocrx_word' id='word_1_71' title='bbox 622 1122 747 1147; x_wconf 91' lang='lat' dir='ltr'>unum</span> <span class='ocrx_word' id='word_1_72' title='bbox 777 1108 949 1148; x_wconf 85' lang='lat' dir='ltr'>redactis</span> <span class='ocrx_word' id='word_1_73' title='bbox 987 1109 1189 1159; x_wconf 87' lang='lat' dir='ltr'>profectus</span> <span class='ocrx_word' id='word_1_74' title='bbox 1221 1110 1293 1148; x_wconf 88' lang='lat' dir='ltr'>est.</span> <span class='ocrx_word' id='word_1_75' title='bbox 1357 1108 1546 1148; x_wconf 82' lang='lat' dir='ltr'>dixerunt</span> 
     </span>
     <span class='ocr_line' id='line_1_13' title="bbox 235 1169 1545 1221; baseline 0 -13"><span class='ocrx_word' id='word_1_76' title='bbox 235 1171 298 1208; x_wconf 88' lang='lat' dir='ltr'>illi</span> <span class='ocrx_word' id='word_1_77' title='bbox 333 1170 571 1221; x_wconf 84' lang='lat' dir='ltr'>praedones,</span> <span class='ocrx_word' id='word_1_78' title='bbox 609 1183 688 1209; x_wconf 90' lang='lat' dir='ltr'>non</span> <span class='ocrx_word' id='word_1_79' title='bbox 721 1170 905 1209; x_wconf 84' lang='lat' dir='ltr'>attulisse</span> <span class='ocrx_word' id='word_1_80' title='bbox 941 1169 1058 1208; x_wconf 89' lang='lat' dir='ltr'>illum</span> <span class='ocrx_word' id='word_1_81' title='bbox 1083 1170 1167 1208; x_wconf 54' lang='lat' dir='ltr'>*nisi</span> <span class='ocrx_word' id='word_1_82' title='bbox 1199 1170 1317 1208; x_wconf 88' lang='lat' dir='ltr'>unius</span> <span class='ocrx_word' id='word_1_83' title='bbox 1356 1169 1545 1220; x_wconf 90' lang='lat' dir='ltr'>pretium,</span> 
     </span>
     <span class='ocr_line' id='line_1_14' title="bbox 237 1228 1547 1282; baseline -0.002 -12"><span class='ocrx_word' id='word_1_84' title='bbox 237 1232 276 1270; x_wconf 84' lang='lat' dir='ltr'>et</span> <span class='ocrx_word' id='word_1_85' title='bbox 316 1230 481 1282; x_wconf 88' lang='lat' dir='ltr'>eligeret</span> <span class='ocrx_word' id='word_1_86' title='bbox 520 1232 655 1268; x_wconf 90' lang='lat' dir='ltr'>utrum</span> <span class='ocrx_word' id='word_1_87' title='bbox 694 1230 827 1269; x_wconf 83' lang='lat' dir='ltr'>vellet.</span> <span class='ocrx_word' id='word_1_88' title='bbox 891 1243 1055 1281; x_wconf 85' lang='lat' dir='ltr'>aegrum</span> <span class='ocrx_word' id='word_1_89' title='bbox 1096 1229 1277 1269; x_wconf 83' lang='lat' dir='ltr'>redemit.</span> <span class='ocrx_word' id='word_1_90' title='bbox 1341 1230 1411 1280; x_wconf 92' lang='lat' dir='ltr'>qui</span> <span class='ocrx_word' id='word_1_91' title='bbox 1450 1228 1547 1269; x_wconf 82' lang='lat' dir='ltr'>dum</span> 
     </span>
     <span class='ocr_line' id='line_1_15' title="bbox 235 1290 1545 1342; baseline 0 -13"><span class='ocrx_word' id='word_1_92' title='bbox 235 1291 462 1340; x_wconf 84' lang='lat' dir='ltr'>revertitur,</span> <span class='ocrx_word' id='word_1_93' title='bbox 494 1292 674 1329; x_wconf 86' lang='lat' dir='ltr'>mortuus</span> <span class='ocrx_word' id='word_1_94' title='bbox 701 1291 770 1329; x_wconf 89' lang='lat' dir='ltr'>est.</span> <span class='ocrx_word' id='word_1_95' title='bbox 822 1290 926 1329; x_wconf 84' lang='lat' dir='ltr'>alter</span> <span class='ocrx_word' id='word_1_96' title='bbox 949 1291 1079 1341; x_wconf 88' lang='lat' dir='ltr'>ruptis</span> <span class='ocrx_word' id='word_1_97' title='bbox 1105 1291 1276 1330; x_wconf 85' lang='lat' dir='ltr'>vinculis</span> <span class='ocrx_word' id='word_1_98' title='bbox 1297 1290 1419 1342; x_wconf 82' lang='lat' dir='ltr'>fugit.</span> <span class='ocrx_word' id='word_1_99' title='bbox 1471 1290 1545 1330; x_wconf 84' lang='lat' dir='ltr'>ali-</span> 
     </span>
     <span class='ocr_line' id='line_1_16' title="bbox 234 1350 1602 1402; baseline 0.001 -12"><span class='ocrx_word' id='word_1_100' title='bbox 234 1353 369 1390; x_wconf 87' lang='lat' dir='ltr'>menta</span> <span class='ocrx_word' id='word_1_101' title='bbox 401 1352 590 1402; x_wconf 86' lang='lat' dir='ltr'>poscitur,</span> <span class='ocrx_word' id='word_1_102' title='bbox 622 1350 871 1390; x_wconf 72' lang='lat' dir='ltr'>contradicit.</span> <span class='ocrx_word' id='word_1_103' title='bbox 1567 1363 1602 1391; x_wconf 85' lang='lat'>15</span> 
     </span>
    </p>
   </div>
   <div class='ocr_carea' id='block_1_5' title="bbox 174 1427 460 1431">
    <p class='ocr_par' dir='ltr' id='par_1_5' title="bbox 174 1427 460 1431">
     <span class='ocr_line' id='line_1_17' title="bbox 174 1427 460 1431; baseline 0 0"><span class='ocrx_word' id='word_1_104' title='bbox 174 1427 460 1431; x_wconf 95' lang='lat' dir='ltr'> </span> 
     </span>
    </p>
   </div>
   <div class='ocr_carea' id='block_1_6' title="bbox 177 1464 1549 1608">
    <p class='ocr_par' dir='ltr' id='par_1_6' title="bbox 177 1464 1549 1608">
     <span class='ocr_line' id='line_1_18' title="bbox 271 1464 1546 1512; baseline -0.001 -10"><span class='ocrx_word' id='word_1_105' title='bbox 271 1465 305 1501; x_wconf 91' lang='lat' dir='ltr'><strong>V</strong></span> <span class='ocrx_word' id='word_1_106' title='bbox 331 1467 376 1510; x_wconf 80' lang='lat' dir='ltr'>cf.</span> <span class='ocrx_word' id='word_1_107' title='bbox 404 1464 586 1501; x_wconf 87' lang='lat' dir='ltr'>ENNOD.</span> <span class='ocrx_word' id='word_1_108' title='bbox 609 1465 698 1501; x_wconf 89' lang='lat' dir='ltr'>dict.</span> <span class='ocrx_word' id='word_1_109' title='bbox 721 1469 776 1501; x_wconf 83' lang='lat'>21.</span> <span class='ocrx_word' id='word_1_110' title='bbox 818 1465 934 1501; x_wconf 90' lang='lat' dir='ltr'>dictio</span> <span class='ocrx_word' id='word_1_111' title='bbox 973 1465 1013 1500; x_wconf 90' lang='lat' dir='ltr'>in</span> <span class='ocrx_word' id='word_1_112' title='bbox 1050 1467 1200 1512; x_wconf 87' lang='lat' dir='ltr'>patrem</span> <span class='ocrx_word' id='word_1_113' title='bbox 1238 1465 1431 1512; x_wconf 88' lang='lat' dir='ltr'>quendam</span> <span class='ocrx_word' id='word_1_114' title='bbox 1469 1465 1546 1511; x_wconf 80' lang='lat' dir='ltr'>qui,</span> 
     </span>
     <span class='ocr_line' id='line_1_19' title="bbox 177 1513 1547 1561; baseline 0.001 -12"><span class='ocrx_word' id='word_1_115' title='bbox 177 1525 262 1549; x_wconf 88' lang='lat' dir='ltr'>cum</span> <span class='ocrx_word' id='word_1_116' title='bbox 280 1513 399 1549; x_wconf 87' lang='lat' dir='ltr'>filium</span> <span class='ocrx_word' id='word_1_117' title='bbox 420 1525 442 1549; x_wconf 90' lang='lat' dir='ltr'>a</span> <span class='ocrx_word' id='word_1_118' title='bbox 460 1514 586 1559; x_wconf 83' lang='lat' dir='ltr'>pirata</span> <span class='ocrx_word' id='word_1_119' title='bbox 613 1515 767 1559; x_wconf 88' lang='lat' dir='ltr'>captum</span> <span class='ocrx_word' id='word_1_120' title='bbox 788 1514 973 1549; x_wconf 85' lang='lat' dir='ltr'>redimere</span> <span class='ocrx_word' id='word_1_121' title='bbox 998 1525 1074 1550; x_wconf 93' lang='lat' dir='ltr'>non</span> <span class='ocrx_word' id='word_1_122' title='bbox 1095 1514 1275 1561; x_wconf 82' lang='lat' dir='ltr'>dignatus</span> <span class='ocrx_word' id='word_1_123' title='bbox 1295 1515 1405 1559; x_wconf 74' lang='lat' dir='ltr'>esset,</span> <span class='ocrx_word' id='word_1_124' title='bbox 1433 1513 1482 1549; x_wconf 82' lang='lat' dir='ltr'>ab</span> <span class='ocrx_word' id='word_1_125' title='bbox 1502 1524 1547 1550; x_wconf 86' lang='lat' dir='ltr'>eo</span> 
     </span>
     <span class='ocr_line' id='line_1_20' title="bbox 178 1562 1549 1608; baseline 0.001 -12"><span class='ocrx_word' id='word_1_126' title='bbox 178 1563 307 1597; x_wconf 87' lang='lat' dir='ltr'>tamen</span> <span class='ocrx_word' id='word_1_127' title='bbox 338 1562 390 1597; x_wconf 84' lang='lat' dir='ltr'>ali</span> <span class='ocrx_word' id='word_1_128' title='bbox 420 1562 586 1608; x_wconf 87' lang='lat' dir='ltr'>petebat.</span> <span class='ocrx_word' id='word_1_129' title='bbox 639 1562 737 1597; x_wconf 85' lang='lat' dir='ltr'>actio</span> <span class='ocrx_word' id='word_1_130' title='bbox 771 1563 902 1598; x_wconf 87' lang='lat' dir='ltr'>contra</span> <span class='ocrx_word' id='word_1_131' title='bbox 935 1562 1213 1605; x_wconf 76' lang='lat' dir='ltr'>Quintilianum</span> <span class='ocrx_word' id='word_1_132' title='bbox 1245 1563 1431 1608; x_wconf 82' lang='lat' dir='ltr'>suscepta.</span> <span class='ocrx_word' id='word_1_133' title='bbox 1482 1562 1549 1598; x_wconf 85' lang='lat' dir='ltr'>ille</span> 
     </span>
    </p>
   </div>
   <div class='ocr_carea' id='block_1_7' title="bbox 180 1610 1549 1704">
    <p class='ocr_par' dir='ltr' id='par_1_7' title="bbox 180 1610 1549 1704">
     <span class='ocr_line' id='line_1_21' title="bbox 180 1610 1549 1692; baseline 0.001 -47"><span class='ocrx_word' id='word_1_134' title='bbox 180 1610 285 1692; x_wconf 42' lang='lat' dir='ltr'>eni-ml</span> <span class='ocrx_word' id='word_1_135' title='bbox 304 1612 450 1665; x_wconf 70' lang='lat' dir='ltr'>patrem</span> <span class='ocrx_word' id='word_1_136' title='bbox 481 1611 618 1654; x_wconf 87' lang='lat' dir='ltr'>tuetur,</span> <span class='ocrx_word' id='word_1_137' title='bbox 650 1621 717 1645; x_wconf 81' lang='lat' dir='ltr'>nos</span> <span class='ocrx_word' id='word_1_138' title='bbox 744 1610 873 1645; x_wconf 88' lang='lat' dir='ltr'>filium.</span> <span class='ocrx_word' id='word_1_139' title='bbox 912 1622 1021 1657; x_wconf 79' lang='lat' dir='ltr'>rogo,</span> <span class='ocrx_word' id='word_1_140' title='bbox 1054 1622 1101 1647; x_wconf 87' lang='lat' dir='ltr'>ne</span> <span class='ocrx_word' id='word_1_141' title='bbox 1134 1611 1393 1658; x_wconf 73' lang='lat' dir='ltr'>arrogantiam</span> <span class='ocrx_word' id='word_1_142' title='bbox 1424 1611 1549 1657; x_wconf 84' lang='lat' dir='ltr'>putes,</span> 
     </span>
     <span class='ocr_line' id='line_1_22' title="bbox 180 1669 418 1704; baseline 0.004 -12"><span class='ocrx_word' id='word_1_143' title='bbox 180 1670 246 1703; x_wconf 83' lang='lat' dir='ltr'>qul</span> <span class='ocrx_word' id='word_1_144' title='bbox 287 1669 418 1704; x_wconf 80' lang='lat' dir='ltr'>egeris,</span> 
     </span>
    </p>
   </div>
   <div class='ocr_carea' id='block_1_8' title="bbox 178 1728 444 1732">
    <p class='ocr_par' dir='ltr' id='par_1_8' title="bbox 178 1728 444 1732">
     <span class='ocr_line' id='line_1_23' title="bbox 178 1728 444 1732; baseline 0 0"><span class='ocrx_word' id='word_1_145' title='bbox 178 1728 444 1732; x_wconf 95' lang='lat' dir='ltr'> </span> 
     </span>
    </p>
   </div>
   <div class='ocr_carea' id='block_1_9' title="bbox 180 1765 1554 1933">
    <p class='ocr_par' dir='ltr' id='par_1_9' title="bbox 180 1765 1554 1933">
     <span class='ocr_line' id='line_1_24' title="bbox 277 1765 772 1821; baseline 0.006 -22"><span class='ocrx_word' id='word_1_146' title='bbox 277 1769 307 1821; x_wconf 55' lang='grc' dir='ltr'><strong>ἔ</strong></span> <span class='ocrx_word' id='word_1_147' title='bbox 326 1765 470 1821; x_wconf 60' lang='grc' dir='ltr'>ᾱθῦθξξ</span> <span class='ocrx_word' id='word_1_148' title='bbox 496 1767 530 1812; x_wconf 88' lang='grc'>(1</span> <span class='ocrx_word' id='word_1_149' title='bbox 558 1766 627 1802; x_wconf 70' lang='lat' dir='ltr'>litt.</span> <span class='ocrx_word' id='word_1_150' title='bbox 646 1767 709 1812; x_wconf 80' lang='lat' dir='ltr'>er.)</span> <span class='ocrx_word' id='word_1_151' title='bbox 735 1773 772 1801; x_wconf 99' lang='grc' dir='ltr'><em>Β</em></span> 
     </span>
     <span class='ocr_line' id='line_1_25' title="bbox 182 1825 1554 1884; baseline 0.004 -25"><span class='ocrx_word' id='word_1_152' title='bbox 182 1874 227 1883; x_wconf 43' lang='grc' dir='ltr'><em>Ν</em></span> <span class='ocrx_word' id='word_1_153' title='bbox 277 1825 316 1860; x_wconf 90' lang='grc' dir='ltr'><em>Μ</em></span> <span class='ocrx_word' id='word_1_154' title='bbox 341 1825 471 1880; x_wconf 36' lang='grc' dir='ltr'>ΕἈΒΙἡ</span> <span class='ocrx_word' id='word_1_155' title='bbox 481 1825 598 1869; x_wconf 84' lang='lat' dir='ltr'>QUIN</span> <span class='ocrx_word' id='word_1_156' title='bbox 601 1826 815 1884; x_wconf 53' lang='lat' dir='ltr'>QLLIANI</span> <span class='ocrx_word' id='word_1_157' title='bbox 846 1827 1236 1864; x_wconf 84' lang='lat' dir='ltr'>MATHEMATICVS</span> <span class='ocrx_word' id='word_1_158' title='bbox 1265 1827 1490 1864; x_wconf 87' lang='lat' dir='ltr'>EXPLICIT</span> <span class='ocrx_word' id='word_1_159' title='bbox 1514 1834 1554 1864; x_wconf 83' lang='lat' dir='ltr'><em>B</em></span> 
     </span>
     <span class='ocr_line' id='line_1_26' title="bbox 180 1885 1549 1933; baseline 0.004 -13"><span class='ocrx_word' id='word_1_160' title='bbox 180 1885 229 1920; x_wconf 90' lang='lat' dir='ltr'>M.</span> <span class='ocrx_word' id='word_1_161' title='bbox 251 1885 364 1920; x_wconf 88' lang='lat' dir='ltr'>FABI</span> <span class='ocrx_word' id='word_1_162' title='bbox 390 1885 655 1933; x_wconf 70' lang='lat' dir='ltr'>QVITILIAM.</span> <span class='ocrx_word' id='word_1_163' title='bbox 682 1886 1070 1924; x_wconf 84' lang='lat' dir='ltr'>MATHEMATICVS</span> <span class='ocrx_word' id='word_1_164' title='bbox 1090 1888 1331 1933; x_wconf 85' lang='lat' dir='ltr'>EXPLICIT;</span> <span class='ocrx_word' id='word_1_165' title='bbox 1356 1887 1549 1925; x_wconf 82' lang='lat' dir='ltr'>INCIPIT.</span> 
     </span>
    </p>
   </div>
   <div class='ocr_carea' id='block_1_10' title="bbox 180 1941 1552 2148">
    <p class='ocr_par' dir='ltr' id='par_1_10' title="bbox 180 1941 1552 2148">
     <span class='ocr_line' id='line_1_27' title="bbox 180 1941 1552 2004; baseline 0.004 -24"><span class='ocrx_word' id='word_1_166' title='bbox 180 1944 356 2002; x_wconf 43' lang='lat' dir='ltr'>{IEGEI}</span> <span class='ocrx_word' id='word_1_167' title='bbox 431 1945 727 2004; x_wconf 26' lang='lat' dir='ltr'><strong>REUDEBJPTVS</strong></span> <span class='ocrx_word' id='word_1_168' title='bbox 758 1953 786 1981; x_wconf 81' lang='lat' dir='ltr'><strong><em>V</em></strong></span> <span class='ocrx_word' id='word_1_169' title='bbox 874 1947 1096 1984; x_wconf 85' lang='lat' dir='ltr'>EXPLICIT</span> <span class='ocrx_word' id='word_1_170' title='bbox 1122 1941 1348 1985; x_wconf 68' lang='lat' dir='ltr'><strong>MATHEH.</strong></span> <span class='ocrx_word' id='word_1_171' title='bbox 1375 1947 1552 1984; x_wconf 89' lang='lat' dir='ltr'><strong>THEMA</strong></span> 
     </span>
     <span class='ocr_line' id='line_1_28' title="bbox 180 2004 1549 2056; baseline 0.004 -16"><span class='ocrx_word' id='word_1_172' title='bbox 180 2005 197 2040; x_wconf 93' lang='grc' dir='ltr'>Ι</span> <span class='ocrx_word' id='word_1_173' title='bbox 221 2004 357 2041; x_wconf 77' lang='lat' dir='ltr'>EGRV</span> <span class='ocrx_word' id='word_1_174' title='bbox 381 2005 576 2040; x_wconf 83' lang='lat' dir='ltr'>REDEPT</span> <span class='ocrx_word' id='word_1_175' title='bbox 637 2007 753 2042; x_wconf 74' lang='lat' dir='ltr'>minio</span> <span class='ocrx_word' id='word_1_176' title='bbox 773 2008 877 2052; x_wconf 76' lang='lat' dir='ltr'>picta</span> <span class='ocrx_word' id='word_1_177' title='bbox 902 2014 945 2042; x_wconf 84' lang='lat' dir='ltr'><em>M</em></span> <span class='ocrx_word' id='word_1_178' title='bbox 1062 2008 1356 2045; x_wconf 72' lang='lat' dir='ltr'>Mathematicus</span> <span class='ocrx_word' id='word_1_179' title='bbox 1383 2008 1549 2056; x_wconf 82' lang='lat' dir='ltr'>explicit.</span> 
     </span>
     <span class='ocr_line' id='line_1_29' title="bbox 180 2053 1483 2105; baseline 0.004 -17"><span class='ocrx_word' id='word_1_180' title='bbox 180 2053 321 2099; x_wconf 89' lang='lat' dir='ltr'>Incipit</span> <span class='ocrx_word' id='word_1_181' title='bbox 347 2054 512 2099; x_wconf 79' lang='lat' dir='ltr'>corporis</span> <span class='ocrx_word' id='word_1_182' title='bbox 543 2053 703 2099; x_wconf 88' lang='lat' dir='ltr'>proiecti</span> <span class='ocrx_word' id='word_1_183' title='bbox 728 2054 793 2100; x_wconf 67' lang='lat' dir='ltr'>ipa</span> <span class='ocrx_word' id='word_1_184' title='bbox 819 2056 876 2090; x_wconf 80' lang='lat' dir='ltr'>est</span> <span class='ocrx_word' id='word_1_185' title='bbox 899 2067 1032 2092; x_wconf 80' lang='lat' dir='ltr'>manus</span> <span class='ocrx_word' id='word_1_186' title='bbox 1060 2068 1145 2094; x_wconf 87' lang='lat' dir='ltr'>cece</span> <span class='ocrx_word' id='word_1_187' title='bbox 1177 2058 1294 2095; x_wconf 74' lang='lat' dir='ltr'>minio</span> <span class='ocrx_word' id='word_1_188' title='bbox 1313 2058 1421 2105; x_wconf 75' lang='lat' dir='ltr'>picta</span> <span class='ocrx_word' id='word_1_189' title='bbox 1446 2064 1483 2093; x_wconf 84' lang='lat' dir='ltr'><em>P</em></span> 
     </span>
     <span class='ocr_line' id='line_1_30' title="bbox 182 2101 984 2148; baseline 0.004 -12"><span class='ocrx_word' id='word_1_190' title='bbox 182 2101 477 2141; x_wconf 78' lang='lat' dir='ltr'>Mathematicus</span> <span class='ocrx_word' id='word_1_191' title='bbox 504 2102 599 2148; x_wconf 83' lang='lat' dir='ltr'>expl.</span> <span class='ocrx_word' id='word_1_192' title='bbox 622 2123 664 2128; x_wconf 87' lang='lat'>-—</span> <span class='ocrx_word' id='word_1_193' title='bbox 686 2114 819 2138; x_wconf 82' lang='lat' dir='ltr'>manus</span> <span class='ocrx_word' id='word_1_194' title='bbox 847 2114 932 2139; x_wconf 91' lang='lat' dir='ltr'>cece</span> <span class='ocrx_word' id='word_1_195' title='bbox 959 2111 984 2138; x_wconf 82' lang='lat' dir='ltr'>S</span> 
     </span>
    </p>
   </div>
   <div class='ocr_carea' id='block_1_11' title="bbox 277 2151 1551 2210">
    <p class='ocr_par' dir='ltr' id='par_1_11' title="bbox 277 2151 1551 2210">
     <span class='ocr_line' id='line_1_31' title="bbox 277 2151 1551 2210; baseline 0.005 -14"><span class='ocrx_word' id='word_1_196' title='bbox 277 2160 444 2196; x_wconf 79' lang='lat' dir='ltr'><strong>AEGER</strong></span> <span class='ocrx_word' id='word_1_197' title='bbox 474 2151 682 2197; x_wconf 63' lang='lat' dir='ltr'>REDfiPT’</span> <span class='ocrx_word' id='word_1_198' title='bbox 717 2164 759 2198; x_wconf 77' lang='lat' dir='ltr'>i‘n</span> <span class='ocrx_word' id='word_1_199' title='bbox 794 2175 907 2210; x_wconf 64' lang='lat' dir='ltr'>marg).</span> <span class='ocrx_word' id='word_1_200' title='bbox 934 2176 1075 2201; x_wconf 83' lang='lat' dir='ltr'>summo</span> <span class='ocrx_word' id='word_1_201' title='bbox 1108 2172 1146 2200; x_wconf 86' lang='lat' dir='ltr'><em>B</em></span> <span class='ocrx_word' id='word_1_202' title='bbox 1265 2165 1432 2202; x_wconf 78' lang='lat' dir='ltr'><strong>AEGER</strong></span> <span class='ocrx_word' id='word_1_203' title='bbox 1468 2165 1551 2201; x_wconf 85' lang='lat' dir='ltr'>RE-</span> 
     </span>
    </p>
   </div>
   <div class='ocr_carea' id='block_1_12' title="bbox 182 2208 1553 2305">
    <p class='ocr_par' dir='ltr' id='par_1_12' title="bbox 182 2208 1553 2305">
     <span class='ocr_line' id='line_1_32' title="bbox 182 2208 1553 2261; baseline 0.005 -17"><span class='ocrx_word' id='word_1_204' title='bbox 182 2208 413 2245; x_wconf 88' lang='lat' dir='ltr'><strong>DEMPTVS</strong></span> <span class='ocrx_word' id='word_1_205' title='bbox 439 2211 555 2246; x_wconf 77' lang='lat' dir='ltr'>minio</span> <span class='ocrx_word' id='word_1_206' title='bbox 575 2211 680 2255; x_wconf 77' lang='lat' dir='ltr'>picta</span> <span class='ocrx_word' id='word_1_207' title='bbox 704 2217 732 2245; x_wconf 80' lang='lat' dir='ltr'><em>V</em></span> <span class='ocrx_word' id='word_1_208' title='bbox 800 2212 950 2248; x_wconf 80' lang='lat' dir='ltr'>titulum</span> <span class='ocrx_word' id='word_1_209' title='bbox 976 2214 1177 2250; x_wconf 77' lang='lat' dir='ltr'>omiserunt</span> <span class='ocrx_word' id='word_1_210' title='bbox 1195 2221 1255 2259; x_wconf 74' lang='grc' dir='ltr'>Μβ</span> <span class='ocrx_word' id='word_1_211' title='bbox 1280 2216 1337 2261; x_wconf 74' lang='lat' dir='ltr'>(in</span> <span class='ocrx_word' id='word_1_212' title='bbox 1356 2221 1393 2250; x_wconf 82' lang='lat' dir='ltr'><strong><em>P</em></strong></span> <span class='ocrx_word' id='word_1_213' title='bbox 1415 2215 1553 2251; x_wconf 69' lang='lat' dir='ltr'>lama</span> 
     </span>
     <span class='ocr_line' id='line_1_33' title="bbox 183 2258 541 2305; baseline 0.003 -12"><span class='ocrx_word' id='word_1_214' title='bbox 183 2261 203 2294; x_wconf 90' lang='lat'><strong><em>1</em></strong></span> <span class='ocrx_word' id='word_1_215' title='bbox 230 2258 285 2294; x_wconf 85' lang='lat' dir='ltr'>vel</span> <span class='ocrx_word' id='word_1_216' title='bbox 309 2260 335 2293; x_wconf 81' lang='lat'><strong><em>2</em></strong></span> <span class='ocrx_word' id='word_1_217' title='bbox 359 2259 541 2305; x_wconf 79' lang='lat' dir='ltr'>versuum)</span> 
     </span>
    </p>
   </div>
   <div class='ocr_carea' id='block_1_13' title="bbox 183 2305 1633 2405">
    <p class='ocr_par' dir='ltr' id='par_1_13' title="bbox 183 2305 1633 2405">
     <span class='ocr_line' id='line_1_34' title="bbox 279 2305 1633 2353; baseline 0.004 -12"><span class='ocrx_word' id='word_1_218' title='bbox 279 2309 299 2341; x_wconf 76' lang='lat'>‘1</span> <span class='ocrx_word' id='word_1_219' title='bbox 325 2305 437 2342; x_wconf 86' lang='lat' dir='ltr'>liberi</span> <span class='ocrx_word' id='word_1_220' title='bbox 452 2327 496 2332; x_wconf 90' lang='lat'>—-</span> <span class='ocrx_word' id='word_1_221' title='bbox 510 2306 724 2342; x_wconf 83' lang='lat' dir='ltr'>vinciantur</span> <span class='ocrx_word' id='word_1_222' title='bbox 747 2318 813 2342; x_wconf 86' lang='lat' dir='ltr'>om.</span> <span class='ocrx_word' id='word_1_223' title='bbox 830 2316 848 2350; x_wconf 80' lang='grc' dir='ltr'><strong><em>β</em></strong></span> <span class='ocrx_word' id='word_1_224' title='bbox 920 2309 1089 2353; x_wconf 81' lang='lat' dir='ltr'>parentis</span> <span class='ocrx_word' id='word_1_225' title='bbox 1108 2316 1145 2345; x_wconf 91' lang='grc' dir='ltr'><em>Β</em></span> <span class='ocrx_word' id='word_1_226' title='bbox 1218 2314 1238 2346; x_wconf 89' lang='grc'>8</span> <span class='ocrx_word' id='word_1_227' title='bbox 1264 2310 1499 2347; x_wconf 83' lang='lat' dir='ltr'>luxoriosum</span> <span class='ocrx_word' id='word_1_228' title='bbox 1516 2316 1556 2346; x_wconf 88' lang='grc' dir='ltr'><em>Β</em></span> <span class='ocrx_word' id='word_1_229' title='bbox 1631 2338 1633 2340; x_wconf 29' lang='lat' dir='ltr'>v</span> 
     </span>
     <span class='ocr_line' id='line_1_35' title="bbox 183 2354 1553 2405; baseline 0.004 -15"><span class='ocrx_word' id='word_1_230' title='bbox 183 2357 228 2390; x_wconf 90' lang='grc'>10</span> <span class='ocrx_word' id='word_1_231' title='bbox 255 2354 406 2401; x_wconf 59' lang='lat' dir='ltr'>caepit}</span> <span class='ocrx_word' id='word_1_232' title='bbox 425 2355 460 2401; x_wconf 87' lang='lat'>(1</span> <span class='ocrx_word' id='word_1_233' title='bbox 482 2355 548 2391; x_wconf 76' lang='lat' dir='ltr'>litt.</span> <span class='ocrx_word' id='word_1_234' title='bbox 565 2356 626 2400; x_wconf 79' lang='lat' dir='ltr'>er.)</span> <span class='ocrx_word' id='word_1_235' title='bbox 647 2361 683 2389; x_wconf 94' lang='grc' dir='ltr'><em>Β</em></span> <span class='ocrx_word' id='word_1_236' title='bbox 757 2359 800 2390; x_wconf 83' lang='grc'>15</span> <span class='ocrx_word' id='word_1_237' title='bbox 820 2356 1004 2401; x_wconf 81' lang='lat' dir='ltr'>poscitur:</span> <span class='ocrx_word' id='word_1_238' title='bbox 1025 2358 1149 2403; x_wconf 77' lang='lat' dir='ltr'>poscit</span> <span class='ocrx_word' id='word_1_239' title='bbox 1168 2365 1228 2394; x_wconf 84' lang='lat' dir='ltr'>SJ</span> <span class='ocrx_word' id='word_1_240' title='bbox 1293 2362 1381 2405; x_wconf 76' lang='lat' dir='ltr'>post</span> <span class='ocrx_word' id='word_1_241' title='bbox 1405 2359 1553 2395; x_wconf 79' lang='lat' dir='ltr'>contra-</span> 
     </span>
    </p>
   </div>
   <div class='ocr_carea' id='block_1_14' title="bbox 183 2406 1621 2465">
    <p class='ocr_par' dir='ltr' id='par_1_14' title="bbox 183 2406 1621 2465">
     <span class='ocr_line' id='line_1_36' title="bbox 183 2406 1621 2465; baseline 0.004 -16"><span class='ocrx_word' id='word_1_242' title='bbox 183 2412 278 2450; x_wconf 69' lang='lat' dir='ltr'>dicit</span> <span class='ocrx_word' id='word_1_243' title='bbox 315 2414 402 2450; x_wconf 71' lang='lat' dir='ltr'><em>aad.</em></span> <span class='ocrx_word' id='word_1_244' title='bbox 436 2415 630 2452; x_wconf 63' lang='lat' dir='ltr'>mimator:</span> <span class='ocrx_word' id='word_1_245' title='bbox 668 2406 798 2450; x_wconf 74' lang='lat' dir='ltr'>1Ncff³</span> <span class='ocrx_word' id='word_1_246' title='bbox 833 2415 964 2451; x_wconf 76' lang='lat' dir='ltr'><strong>EGER</strong></span> <span class='ocrx_word' id='word_1_247' title='bbox 999 2408 1220 2455; x_wconf 61' lang='grc' dir='ltr'>ΒΕΒΕΡΤρ</span> <span class='ocrx_word' id='word_1_248' title='bbox 1247 2425 1291 2455; x_wconf 67' lang='grc' dir='ltr'><em>Μ</em></span> <span class='ocrx_word' id='word_1_249' title='bbox 1384 2418 1554 2465; x_wconf 75' lang='lat' dir='ltr'>Explicit</span> <span class='ocrx_word' id='word_1_250' title='bbox 1619 2414 1621 2416; x_wconf 82' lang='grc'><strong>’</strong></span> 
     </span>
    </p>
   </div>
  </div>
 </body>
</html>
