1638 2560
625 110 919 147 PRAEFATIO.
1348 111 1470 146 XXXI

81 239 231 266 nomen
255 226 349 266 dedi
367 225 629 276 parisinis,
658 226 833 266 alterum
851 225 1086 266 Vossianus.
1133 227 1203 276 qui
1221 226 1318 264 libri
1336 239 1471 265 recen·

78 287 222 328 sionis·
235 286 545 326 fundamentum
569 283 749 326 fuerunt.
811 286 1027 326 Bernensis
1054 286 1346 338 discrepantias
1378 299 1470 339 gra-

78 347 212 388 viores
243 347 392 396 adieci,
430 349 476 386 ut
508 348 591 386 sint
623 347 852 397 exemplum
884 347 1068 386 codicum
1103 347 1358 386 deteriorum.
1420 347 1471 386 In

78 407 281 448 Vaticano
306 410 441 447 textus
466 421 548 446 non
574 408 694 447 modo
720 421 767 447 ex
788 408 957 447 arbitrio
982 408 1223 447 immutatus
1250 407 1320 447 sed
1345 409 1471 447 etiam

78 468 211 508 multa
247 468 528 508 additamenta
562 481 706 519 passus
738 470 800 508 est
829 469 936 507 unde
977 468 1129 518 optime
1167 469 1471 508 demonstratur

79 532 278 581 quantum
296 529 479 568 homines
500 530 598 568 olim
617 529 979 568 declamationibus
1000 529 1191 568 delectati
1209 531 1301 569 sint.
1348 542 1471 579 quam

80 589 132 630 ob
162 603 250 629 rem
281 603 385 641 quae
415 590 620 630 inculcata
647 591 753 639 sunt,
786 603 1038 629 summovere
1063 590 1176 629 nolui
1203 593 1244 629 et
1274 592 1318 629 in
1344 603 1470 642 appa-

76 653 212 690 ratum
242 652 388 702 recepi.

167 711 218 750 In
249 711 506 751 conficiendis
538 711 737 762 excerptis
763 711 967 762 exemplar
997 712 1241 750 recensionis
1267 727 1291 764 y
1318 712 1468 762 quippe

78 784 183 823 quae
225 771 360 811 medio
407 784 506 811 aevo
557 773 735 811 maxima
782 772 1026 823 pervulgata.
1073 774 1196 821 esset,
1241 771 1469 811 adhibitum

77 833 220 883 fuisse,
260 834 309 871 ut
344 828 632 886 Dessauerl)
671 834 779 872 recte
820 835 974 882 monet,
1017 845 1063 872 eo
1102 832 1319 882 evincitur,
1361 833 1469 883 quod

77 893 226 932 ulfima
251 893 596 933 declamationum
621 893 745 932 verba
771 893 829 932 sic
854 893 1013 932 reddita
1039 895 1151 932 sunt:
1177 906 1204 932 a
1228 896 1264 932 te
1287 894 1467 943 implam,

77 965 199 1000 amr,
234 965 286 993 ne
316 955 360 992 tu
391 955 567 1003 amplius
597 955 789 1003 insanum
819 966 929 993 voces
965 966 1061 993 neve
1092 957 1134 992 tu
1166 955 1341 1004 amplius
1372 954 1469 1003 qaid

78 1014 239 1060 dixerit,
278 1009 502 1069 quaerasss)
559 1014 705 1066 quibus
746 1014 963 1066 respondet
999 1014 1121 1054 lectio
1161 1015 1406 1055 recensionis
1444 1031 1468 1068 γ

79 1075 149 1125 19,
177 1069 297 1129 16⁸):
327 1075 431 1115 illud
461 1078 616 1115 tantum
643 1106 651 1114 .
674 1106 683 1115 .
704 1107 713 1115 .
740 1088 766 1114 a
792 1078 826 1115 tc
850 1087 953 1114 uxor
979 1106 987 1115 .
1009 1107 1016 1114 .
1039 1107 1048 1114 .
1066 1078 1171 1124 peto,
1205 1088 1232 1115 a
1263 1079 1299 1115 te
1328 1079 1466 1121 mater,

75 1147 126 1175 ne
156 1136 253 1185 quid
290 1137 465 1185 amplius
495 1148 684 1186 quaeras,
725 1139 768 1175 tu
808 1137 1021 1185 infamiam
1052 1148 1102 1175 ne
1133 1137 1263 1187 dicas,
1302 1149 1392 1176 cum
1424 1136 1468 1175 in

79 1195 140 1248 αβ
169 1197 350 1249 legatur:
381 1199 436 1240 tu,
468 1193 676 1250 fama[m],
707 1208 758 1236 ne
789 1197 910 1236 dieas.

167 1256 257 1296 Iam
287 1271 403 1306 vero,
440 1270 531 1296 cum
569 1258 622 1296 ad
653 1258 773 1296 finem
809 1257 966 1309 delapsi
997 1258 1142 1305 simus,
1184 1257 1316 1297 officio
1349 1260 1467 1309 grato

78 1319 324 1368 acceptoque
365 1319 513 1370 fungor
544 1320 698 1371 gratias
741 1318 888 1370 agendi
926 1319 984 1357 eis
1025 1331 1198 1368 quorum
1237 1332 1311 1369 ope
1345 1322 1467 1369 atque

78 1379 229 1417 auxilio
248 1378 350 1418 mihi
368 1380 410 1417 in
438 1379 600 1418 edendis
626 1379 689 1419 his
715 1378 1077 1419 declamationibus
1103 1379 1164 1417 uti
1183 1379 1311 1418 licuit.
1370 1393 1468 1430 quo-

76 1452 168 1477 rum
207 1439 252 1478 in
293 1452 462 1479 numero
503 1441 634 1490 primo
676 1440 765 1479 loco
807 1439 931 1479 affero
964 1440 1201 1491 Angelam
1239 1442 1280 1478 et
1317 1439 1467 1479 Fran—

78 1499 261 1539 ciscum
286 1499 531 1539 Dessauer
561 1500 633 1551 qui
663 1500 765 1539 mihi
789 1500 952 1552 egregia
980 1500 1226 1539 liberalitate
1253 1503 1376 1550 atque
1403 1513 1467 1540 co—

77 1561 223 1599 mitate
255 1560 420 1600 schedas
454 1563 576 1611 atque
603 1561 840 1600 collationes
866 1560 1090 1612 Hugonis
1122 1561 1367 1600 Dessauer
1398 1561 1465 1600 de-

77 1620 225 1670 functi,
263 1620 604 1661 declamationum
640 1621 785 1660 harum
823 1621 1079 1672 sospitatoris
1117 1622 1304 1661 acerrimi
1343 1624 1467 1673 atque

78 1680 301 1720 doctissimi
326 1681 596 1731 tradiderunt,
628 1682 771 1721 deinde
798 1695 866 1722 eos
892 1682 962 1732 qui
991 1685 1187 1733 praesunt
1210 1682 1467 1722 bibliothecis

78 1741 381 1794 Bambagensi,
412 1742 657 1792 Monacensi‚
682 1743 889 1793 Bernensi,
920 1742 1123 1794 Lipsiensi
1151 1744 1297 1794 quibus
1330 1745 1466 1783 aucto-

77 1801 190 1841 ribus
216 1802 282 1841 vel
306 1803 651 1842 intercedentibus
677 1803 777 1842 mihi
802 1804 920 1842 licuit
945 1803 1296 1856 Bambergensem,
1326 1803 1466 1843 Mona-

78 1874 236 1902 censem
258 1863 358 1913 631,
377 1863 623 1903 Beruensem
635 1864 837 1912 Monachi‚
857 1864 1137 1904 Monacensem
1159 1865 1288 1904 denuo
1302 1863 1465 1915 Lipsiae

78 1922 285 1973 inspicere,
310 1926 399 1962 tum
425 1924 716 1976 Engelbertum
734 1924 926 1976 Drerup
953 1927 1023 1975 qui
1048 1925 1150 1964 mihi
1174 1938 1266 1964 cum
1287 1923 1466 1965 Oxoniae

79 1985 326 2032 versaretur,
369 1997 475 2024 anno
517 1986 630 2024 1901
674 1985 723 2025 de
764 1985 920 2024 duobus
961 1985 1165 2025 codicibus
1207 1985 1464 2025 Seldensibus

78 2045 291 2094 quaerenti
317 2045 618 2085 accuratissime
643 2046 814 2095 rettulit,
847 2046 1020 2096 denique
1040 2045 1295 2085 Alfredum
1321 2046 1465 2085 Klotz

79 2103 367 2144 amicissimum
399 2106 469 2156 qui
507 2119 588 2145 non
626 2108 756 2145 solum
793 2107 1052 2159 plagularum
1090 2107 1466 2157 perlustrandarum

78 2163 257 2203 laborem
289 2167 449 2205 strenue
475 2179 631 2205 mecum
659 2168 836 2218 suscepit
862 2167 930 2206 sed
963 2168 1086 2206 etiam
1113 2167 1253 2206 multis
1284 2168 1384 2207 locis
1417 2167 1465 2206 de

77 2227 307 2265 recensione
334 2228 455 2277 atque
488 2227 767 2266 emendatione
794 2227 1136 2267 declamationum
1162 2229 1313 2278 optime
1347 2229 1465 2266 meri-

77 2287 144 2324 tus
176 2287 247 2325 est.

178 2378 212 2424 1)
237 2389 274 2423 p.
296 2381 353 2413 64.
454 2381 490 2424 2)
516 2391 551 2425 p.
574 2382 657 2422 430,
678 2382 735 2414 21.
836 2382 871 2425 3)
897 2391 932 2424 p.
956 2383 1037 2423 351,
1060 2382 1116 2414 22.
