1638 2560
597 133 891 171 PRAEFATIO.
1299 133 1440 170 XXVII

144 249 359 301 Perpensis
391 249 447 288 eis
481 262 585 299 quae
617 262 742 300 supra
783 251 1060 300 exposuimus,
1102 252 1275 301 apparet
1306 262 1442 288 recen-

51 312 210 351 sionem
234 309 576 350 declamationum
595 310 674 349 niti
694 309 898 350 codicibus
917 314 1004 350 BV
1029 313 1070 349 et
1088 314 1180 358 PS,
1205 310 1267 348 ita
1292 312 1443 359 tamen,

53 373 102 411 ut
125 372 258 411 locum
282 372 459 422 priorem
484 372 652 410 teneant
669 374 767 411 BV.
822 371 964 410 multis
990 371 1090 410 locis
1108 375 1145 410 B
1166 371 1274 410 solus
1302 383 1444 409 verum

52 432 138 472 sive
182 433 363 471 servavit
405 432 490 470 sive
534 431 774 470 facultatem
818 431 986 482 praebet
1029 431 1116 471 veri
1156 430 1442 483 investigandi.

51 492 200 544 quibus
231 505 281 532 ex
310 492 425 532 libris
459 491 703 531 varietatem
734 491 928 532 adnotavi
962 493 1177 544 integram.
1234 494 1443 543 praeterea

52 553 245 593 lectiones
276 554 485 606 graviores
523 552 707 592 codicum
737 555 872 593 ΜΗ]
903 552 1061 602 addidi,
1099 553 1196 604 quia
1227 566 1309 592 non
1340 552 1444 591 nihil

51 613 193 654 valent
210 613 263 653 ad
280 613 602 664 recuperandum
621 613 889 665 archetypum
914 614 1096 653 familiae
1117 624 1158 653 α.”
1211 627 1284 653 nec
1308 613 1443 652 minus

51 676 110 714 eis
145 674 381 714 illustratur
421 674 760 724 quemadmodum
803 674 1015 713 hominum
1058 674 1270 714 doctorum
1319 674 1444 713 medii

50 736 144 774 aevi
184 747 303 786 opere
346 737 468 785 atque
506 735 640 774 studio
682 737 816 774 textus
857 736 900 773 in
938 735 1114 775 deterius
1155 737 1339 774 mutatus
1377 736 1442 774 sit.

51 795 193 835 eodem
236 795 405 835 consilio
455 809 620 834 manum
665 796 835 834 alteram
885 809 1044 846 quoque
1094 796 1444 847 Montepessulani

51 856 273 907 apparatui
301 857 467 895 inserui.
523 855 629 895 unde
661 856 704 894 id
737 869 897 906 quoque
928 857 1148 906 lucramur,
1182 859 1230 895 ut
1261 856 1442 895 familiae

49 932 76 970 γ
107 917 291 967 exempla
323 917 509 956 omittere
541 917 659 956 licuit
694 919 858 967 praeter
894 930 1044 967 paucos
1080 918 1173 956 illos
1206 918 1333 966 locos,
1375 916 1443 955 ubi

51 978 152 1017 locis
177 977 400 1028 desperatis
426 979 501 1016 aut
526 977 700 1016 medella
726 978 853 1017 allata
880 983 941 1016 est
967 979 1039 1017 aut
1065 978 1194 1017 allata
1220 991 1305 1018 esse
1331 978 1442 1017 vide-

50 1037 183 1078 batur.
253 1051 300 1077 ex
345 1039 462 1089 copia
505 1039 665 1090 ingenti
709 1039 1052 1088 coniecturarum,
1100 1039 1442 1087 emendationum,

49 1098 380 1138 observationum
413 1111 437 1137 a
468 1099 567 1138 viris
600 1099 729 1138 doctis
754 1100 797 1137 in
826 1099 1073 1139 editionibus
1099 1112 1228 1150 usque
1262 1100 1314 1138 ad
1339 1099 1442 1138 Bur-

50 1172 245 1199 mannum
274 1159 528 1210 prolatarum
558 1172 762 1210 perpauca
800 1173 847 1198 ea
878 1162 1041 1199 'tantum
1071 1161 1176 1212 elegi
1218 1160 1366 1211 quibus
1398 1173 1441 1199 re

50 1233 149 1260 vera
179 1219 540 1259 declamationibus
572 1220 643 1258 lux
670 1221 848 1259 affertur.
905 1220 1154 1273 farraginem
1181 1224 1318 1260 autem
1348 1221 1442 1259 reli-

50 1293 175 1331 quam
201 1282 272 1332 qui
296 1293 536 1332 cognoscere
563 1282 688 1332 cupit,
720 1281 883 1320 evolvat
912 1281 1178 1320 Burmanni
1211 1282 1442 1330 editionem,

50 1341 123 1380 ubi
159 1341 295 1380 omnia
338 1341 413 1380 illa
454 1343 646 1393 congesta
687 1344 809 1392 atque
851 1341 1051 1392 disposita
1092 1343 1284 1382 inveniet.
1337 1355 1440 1393 quae

49 1404 145 1452 post
186 1402 467 1441 Burmannum
510 1402 564 1441 ad
607 1402 877 1442 emendandas
923 1403 1238 1443 declamationes
1279 1403 1442 1454 prolata

48 1465 147 1502 sunt
177 1464 376 1513 quantum
405 1464 450 1502 in
490 1464 648 1502 textum
680 1464 808 1513 recipi
844 1476 926 1502 non
960 1466 1199 1514 potuerunt,
1241 1465 1284 1502 in
1317 1463 1439 1502 adno-

50 1524 208 1563 tatione
239 1524 381 1563 critica
406 1523 613 1563 adnotavi.
670 1525 755 1574 ipse
787 1536 919 1574 pauca
943 1526 1095 1563 novavi
1124 1538 1254 1575 neque
1280 1524 1323 1563 id
1355 1524 1441 1563 sine

50 1584 231 1623 consilio.
297 1583 442 1623 melius
490 1585 598 1623 enim
645 1597 768 1634 quam
815 1586 948 1635 primo
999 1587 1164 1636 aspectu
1210 1585 1440 1634 credideris,

51 1643 397 1684 declamationum
433 1644 558 1683 verba
590 1645 746 1684 tradita
781 1647 883 1684 sunt.
945 1646 1177 1685 accuratius
1214 1647 1320 1685 enim
1352 1658 1440 1684 sen-

50 1706 274 1744 tentiarum
316 1718 422 1744 nexu
462 1707 673 1755 perspecto
724 1707 765 1745 et
808 1706 966 1745 ratione
1010 1706 1152 1746 habita
1196 1719 1277 1745 non
1320 1706 1440 1746 modo

50 1767 282 1816 corruptae,
322 1767 372 1804 ut
406 1767 467 1804 ita
505 1765 654 1815 dicam,
695 1766 1037 1806 declamationum
1077 1767 1332 1817 eloquentiae
1371 1766 1441 1806 sed

51 1827 175 1865 etiam
206 1825 398 1876 loquendi
429 1838 526 1865 usus
564 1826 635 1876 qui
673 1840 795 1877 quam
833 1828 1134 1867 accuratissime
1167 1827 1440 1867 observandus

51 1888 174 1937 atque
219 1899 266 1925 ex
305 1887 466 1937 scriptis
509 1899 611 1937 quae
653 1887 867 1939 indulgent
907 1889 1084 1927 sermoni
1123 1889 1304 1940 vulgari,
1346 1889 1439 1926 fflu-

51 1947 243 1986 strandus
263 1942 381 2000 estl),
407 1947 623 1998 apparebit
642 1948 791 1988 multas
815 1961 953 1987 earum
979 1949 1308 1988 emendationum
1334 1961 1439 1999 quae

51 2007 294 2046 videbantur
331 2020 417 2047 esse
448 2009 559 2047 lenes
596 2022 639 2047 re
675 2022 770 2048 vera
811 2009 918 2049 leves
961 2022 1059 2048 esse.
1116 2022 1240 2060 quam
1272 2009 1321 2049 ob
1354 2023 1440 2048 rem

50 2081 186 2106 meum
209 2071 375 2107 tantum
401 2071 489 2107 erat
514 2069 590 2107 hac
615 2069 658 2107 in
684 2068 859 2108 editione
886 2070 1070 2109 codicum
1095 2071 1288 2109 lectiones
1315 2083 1440 2121 quam

51 2130 354 2168 accuratissime
386 2130 566 2179 proferre
603 2132 725 2180 atque
757 2142 898 2169 earum
937 2131 1088 2169 auxilio
1123 2134 1320 2181 quantum
1353 2131 1440 2170 fieri

51 2188 198 2239 potuit,
228 2189 399 2229 maculis
431 2189 599 2230 detersis
625 2190 861 2241 mendisque
888 2190 1031 2230 deletis
1059 2192 1197 2230 conari
1222 2193 1439 2242 pristinam

51 2250 185 2288 textus
229 2249 399 2288 formam
442 2263 688 2301 recuperare.
756 2264 802 2290 ea
841 2254 1010 2290 utantur
1051 2251 1124 2290 alii
1162 2254 1285 2303 atque
1324 2264 1438 2290 accu-

51 2309 180 2348 ratius
210 2310 523 2361 intricatiusque
555 2312 755 2361 quantum
793 2312 924 2351 adhuc
957 2312 1045 2351 fieri
1077 2312 1230 2363 potuit,
1268 2315 1314 2351 ut
1347 2325 1439 2351 con-

154 2426 188 2471 1)
214 2425 403 2471 quaedam
430 2425 506 2461 alio
532 2425 615 2461 loco
641 2438 727 2462 mox
754 2438 814 2463 me
840 2427 1079 2473 prolaturum
1106 2438 1187 2464 esse
1215 2438 1334 2473 spero.
