1638 2560
509 85 829 123 DEGLAMATIO
855 85 908 122 VI
927 89 1080 122 14—16.
1400 85 1485 128 125

108 202 241 244 adhuc
270 215 351 242 non
376 215 477 254 opus
509 203 572 241 est
601 201 699 252 filio,
731 214 805 253 ego
837 202 921 241 iam
945 213 1054 254 rogo.
1105 209 1247 252 nempe
1274 201 1487 240 calamitas

107 265 182 304 tua
210 259 310 303 nata
341 265 403 303 est
432 264 526 314 post
563 263 779 314 epistolam
809 275 951 302 meam.
1013 262 1094 301 nisi
1124 263 1164 301 te
1198 262 1363 300 flentem
1394 274 1487 301 con-

108 324 235 364 solari
263 323 373 364 filius
404 324 613 374 voluisset,
645 325 739 363 ante
772 323 1011 363 caecitatem
1041 324 1159 362 tuam
1190 323 1346 362 exisset.
1402 322 1488 362 noli

105 384 264 436 mirari,
303 385 338 424 si
368 386 409 424 te
440 385 576 437 gratia
607 383 743 434 vinco;
781 385 875 423 ante
907 384 1071 423 exoravi
1100 382 1250 434 filium,
1287 396 1411 434 quam
1441 385 1488 422 tu

71 460 88 487 5
107 458 153 485 ro
253 458 283 485 s.

155 458 251 546 gagio
276 507 492 557 quisquam
522 503 763 558 figuratione
790 505 966 556 quadam
996 506 1040 543 in
1065 505 1141 544 hac
1164 502 1366 544 malorum
1397 517 1490 544 con-

107 567 265 607 dicione
301 566 477 606 iudicem
513 568 658 617 ponat,
696 566 860 605 fortuna
894 578 1044 617 quaeso
1083 565 1190 604 absit
1222 566 1335 604 cuius
1372 566 1490 604 tanta

107 627 320 668 calamitas
352 627 442 666 fuit.
507 626 731 666 abstulerat
764 627 926 677 quidem
957 626 1036 665 tibi
1067 627 1203 666 oculos
1238 626 1387 664 nimius
1419 625 1489 664 ad-

107 689 254 739 fectus,
293 690 334 727 et
364 688 414 728 de
446 688 624 738 quinque
662 700 798 726 rerum
829 687 1013 726 sensibus
1051 699 1146 738 pars
1178 699 1260 725 una
1294 686 1490 736 cessabat,

53 763 89 790 ιο
108 751 150 789 et
172 749 372 798 tenebras,
399 748 523 787 etiam
549 747 673 788 salvis
699 748 919 787 luminibus
946 748 1164 798 alternans,
1191 748 1384 787 continua
1409 760 1488 786 nox

108 809 288 849 duxerat.
349 810 482 848 maius
514 810 576 848 est
606 810 743 848 tamen
782 809 939 848 malum
974 809 1083 860 quod
1113 808 1171 848 sic
1208 808 1338 847 fletur.
1394 821 1490 847 nam
1510 809 1561 846 16

108 872 155 909 ut
184 871 330 910 merito
363 870 480 920 queri
515 870 646 920 possis
685 869 844 909 ablatas
882 869 1048 908 videndi
1077 870 1326 920 voluptates,
1364 869 1490 919 impe-

109 931 217 971 ditos
253 944 389 970 rerum
427 931 558 980 actus,
602 932 757 980 tamen,
805 931 840 969 si
876 943 958 969 non
995 930 1126 980 iniqui
1162 930 1314 969 iudices
1354 942 1490 969 sumus

108 1005 182 1031 nec
212 991 425 1031 ambitiose
456 992 611 1040 miseri,
649 992 743 1030 sunt
774 1004 877 1042 quae
914 991 977 1030 his
1004 990 1161 1039 ¹mederi
1196 990 1364 1041 possint.
1427 1003 1488 1029 re-

55 1066 90 1093 15
109 1053 258 1102 feram,
293 1064 375 1091 non
413 1052 544 1091 solum
577 1052 674 1102 quia
704 1052 901 1091 vincenda
939 1051 1058 1101 mihi,
1096 1051 1167 1091 sed
1197 1051 1328 1103 magis
1367 1052 1491 1090 etiam

111 1114 209 1164 quia
248 1112 492 1152 consolanda
530 1125 582 1152 es.
645 1125 741 1151 nam
772 1112 933 1163 quando
972 1125 1088 1152 omne
1125 1114 1374 1151 tormentum
1406 1125 1491 1151 cor-

110 1174 221 1224 poris
253 1173 378 1223 abest,
411 1173 604 1224 dolorque
635 1173 905 1212 membrorum
938 1174 1010 1223 qui
1040 1174 1171 1212 totam
1203 1173 1493 1224 cogitationem

110 1235 153 1273 in
185 1247 227 1274 se
263 1233 392 1285 rapit,
429 1233 603 1273 feliciter
640 1235 788 1284 cessat,
823 1235 1024 1284 superest,
1062 1235 1109 1272 ut
1140 1234 1291 1273 cruciet
1321 1234 1493 1272 nimium

111 1295 240 1334 otium
282 1296 324 1334 et
362 1294 525 1333 assidua
558 1295 689 1345 quies:
727 1307 808 1345 res,
848 1295 883 1334 si
913 1308 994 1333 non
1027 1295 1109 1333 sint
1139 1295 1396 1344 necessitate,
1433 1294 1491 1333 io-

57 1370 93 1397 so
112 1355 276 1395 eundae.
333 1368 428 1394 nam
458 1356 570 1394 visus
602 1355 795 1394 damnum
826 1356 1007 1394 sarciunt
1037 1355 1217 1405 reliquae
1247 1355 1492 1406 voluptates,

112 1416 223 1466 odor,
249 1417 404 1468 gustus,
428 1416 575 1466 tactus,
601 1416 782 1466 auditus3
814 1416 959 1467 quibus
985 1417 1200 1455 tamenetsi
1226 1415 1360 1455 deesse
1385 1428 1492 1455 sum-

111 1490 221 1517 mam
258 1475 470 1516 fatendum
508 1479 586 1526 est,
624 1489 705 1516 non
743 1478 804 1515 est
841 1478 978 1515 tamen
1014 1477 1215 1515 maximae
1247 1476 1492 1516 calamitatis

112 1537 201 1577 loco
233 1538 485 1577 numeranda
515 1550 660 1588 parum
691 1537 812 1589 plena
843 1537 1029 1576 felicitas.
1088 1537 1230 1576 domus
1263 1538 1369 1576 certe
1400 1549 1491 1588 pro-

112 1598 203 1648 pria
239 1598 448 1648 lectusque
488 1597 679 1650 genialis,
720 1599 942 1637 conventus
979 1598 1318 1648 propinquorum,
1362 1610 1492 1637 sermo

58 1673 93 1700 25
115 1660 354 1706 amicorum,
383 1658 474 1709 ipsa
510 1680 560 1685 -—
597 1658 706 1709 quod
737 1671 828 1697 raro
862 1658 1062 1711 contingit
1092 1680 1152 1685 ——
1183 1658 1353 1698 honesta
1386 1658 1492 1698 cala-

114 1718 235 1758 mitas
268 1720 310 1758 et
340 1718 383 1756 in
415 1732 654 1770 quacunque
686 1719 850 1758 fortuna
879 1719 1001 1758 beata
1032 1719 1218 1758 libertas:
1255 1721 1319 1758 tot
1349 1720 1492 1769 volup-

210 1863 232 1895 4
259 1871 390 1906 quam:
418 1859 484 1905 qd’
513 1865 549 1894 P
651 1863 671 1894 6
697 1846 882 1895 malort'm
907 1865 945 1894 B
1053 1863 1075 1895 8
1102 1859 1231 1895 oeulos
1257 1859 1331 1895 tibi
1357 1865 1400 1894 Μ

115 1911 160 1944 10
186 1908 353 1944 alternas
379 1914 408 1942 V
502 1911 547 1942 14
575 1907 796 1943 ambitiose:
825 1907 984 1943 ambitio
1010 1918 1058 1943 ne
1082 1914 1123 1951 J,
1149 1920 1174 1943 n
1200 1909 1243 1943 in
1268 1920 1285 1943 s
1310 1916 1343 1951 ις
1373 1908 1493 1943 ambi-

113 1957 217 1993 tione
244 1965 266 1992 ς’
387 1966 486 2002 quae
512 1956 617 1992 Dess.
637 1967 676 2002 p.
698 1958 764 2000 97;
791 1956 858 2002 qui
883 1971 914 1990 ω
1028 1956 1089 1992 his
1115 1956 1276 1992 mederi:
1303 1956 1364 1992 his
1389 1956 1494 1992 ederi

113 2011 195 2050 81⁷3
230 2005 389 2041 insideri
415 2011 493 2048 Μβς
528 2004 699 2040 misereri
731 2004 791 2040 his
823 2004 928 2040 ederi
954 2013 994 2049 «η
1027 2005 1172 2040 mederi
1203 2013 1249 2047 ys
1346 2005 1495 2051 possint

119 2060 204 2097 Vsa:
240 2055 327 2100 po‘s‘s
346 2060 398 2099 B3
434 2054 595 2099 possunt
620 2059 664 2088 Μ
770 2053 907 2098 quibus
942 2053 1087 2089 mederi
1122 2054 1245 2100 possit
1277 2054 1492 2097 Ascensius3

114 2102 254 2148 quibus
279 2102 424 2138 mederi
449 2101 638 2148 possimus
657 2101 752 2145 Bm
779 2102 846 2148 qui
872 2102 946 2137 sibi
965 2102 1110 2138 mederi
1135 2102 1285 2148 possint
1303 2103 1356 2138 H.
1371 2114 1411 2148 p.
1427 2105 1476 2138 57
1485 2118 1494 2146 3

114 2161 215 2196 quae
248 2151 393 2187 mederi
427 2150 578 2196 possint
611 2150 716 2186 Dess.
739 2163 779 2196 p.
801 2153 851 2186 97
986 2161 1084 2196 quae
1117 2150 1281 2186 referam
1315 2150 1395 2187 Sch.

117 2202 161 2234 15
194 2199 302 2245 quia:
336 2199 402 2245 qui
428 2205 455 2234 S
565 2198 844 2235 etiam—nam
869 2210 937 2235 om.
959 2204 985 2233 S
1104 2202 1148 2234 16
1182 2198 1417 2235 consulanda
1447 2205 1493 2242 B,

115 2249 160 2283 θό
187 2247 346 2283 solanda
372 2254 408 2283 Ρ
480 2258 518 2282 es
550 2253 624 2282 VP:
652 2248 710 2282 est
734 2253 814 2283 ΒΜ
836 2247 910 2293 (vel
934 2258 994 2283 res
1019 2259 1121 2294 supr.
1141 2249 1196 2294 m)
1224 2255 1249 2282 σ
1341 2251 1385 2282 18
1413 2259 1495 2283 cru-

115 2295 195 2331 ciat
220 2302 277 2340 Μ,
303 2308 395 2332 corr.
416 2310 458 2331 m
582 2299 626 2331 19
653 2295 809 2332 assidua
834 2308 879 2332 ex
904 2295 1057 2331 atsidua
1082 2302 1119 2331 Β
1239 2296 1425 2332 iocundae
1453 2310 1493 2330 a:

115 2344 305 2380 iucundae
331 2353 401 2387 βγσ
472 2347 518 2379 20
543 2344 627 2380 visu
646 2350 690 2380 Μ
759 2349 802 2380 21
825 2348 912 2391 post
936 2345 1062 2380 tactus
1089 2344 1175 2380 add.
1198 2344 1376 2380 odoratus
1404 2353 1423 2386 β

116 2393 270 2428 tametsi
296 2401 344 2436 βσ·
440 2393 589 2429 deesset
613 2399 684 2428 BV
776 2397 821 2428 25
847 2403 933 2428 rara
958 2399 998 2437 J,
1024 2404 1115 2429 corr.
1136 2401 1150 2427 c
