1638 2560
148 104 234 146 184
690 100 974 137 GLADIATOR

145 218 350 257 inimicum
381 220 495 256 tuum
521 217 664 256 saltem
689 214 866 266 optasti?
917 216 950 254 si
981 215 1225 255 mehercules
1251 214 1513 266 inexpiabiles

147 278 328 317 odiorum
371 289 512 316 causae
558 278 597 315 et
640 277 869 327 compositis
915 288 1072 326 quoque
1109 275 1259 315 fabulis
1301 276 1512 316 ulteriores

145 338 378 377 inimicitiae
411 339 590 387 fuissent,
623 338 753 375 ausim
783 337 924 386 dicere,
956 337 991 375 si
1022 338 1194 387 propter,
1217 336 1335 375 illum
1364 336 1512 377 liberos

145 397 401 449 perdidisses,
441 397 671 448 accipienda
707 398 842 436 tamen
880 398 967 435 erat
998 409 1022 435 a
1063 397 1226 436 fortuna
1262 397 1358 437 talis
1395 398 1512 438 satis-

145 460 279 508 factio,
312 459 416 497 certe
448 458 499 496 ad
524 458 730 496 vitandam
761 457 996 496 insolentiae
1029 458 1259 507 opinionem
1291 470 1396 508 quae
1426 457 1509 497 fere

144 518 381 557 immeritam
410 531 565 568 quoque
596 517 819 568 potentiam
848 518 989 568 carpit,
1020 530 1069 556 ne
1095 519 1313 569 vagaretur
1343 531 1417 568 per
1446 531 1511 557 ur-

144 579 230 617 bem
269 579 488 618 invidiosus
525 578 745 628 mendicus,
785 580 825 616 et
862 579 1106 617 calamitatis
1148 579 1303 618 auctori
1335 578 1512 618 criminis

76 639 126 676 19
146 651 264 677 causa
290 639 433 690 vulgus
459 635 558 689 <s>e
585 639 739 690 gereret
765 638 957 677 odiosum.
1003 640 1135 678 nescio
1157 638 1355 689 quomodo
1381 639 1511 678 omnis

143 712 215 749 pro
240 699 447 737 laborante
473 699 588 738 favor
614 701 684 748 est,
709 712 781 737 nec
808 699 893 737 ulla
917 701 1153 749 perpetuam
1178 700 1353 751 gratiam
1379 702 1513 739 servat

144 758 221 798 nisi
251 759 432 798 modesta
462 759 640 798 victoria.
694 761 831 798 nostra
862 760 1116 809 potissimum
1148 759 1360 799 clementia
1392 760 1508 799 susti·
1530 773 1566 800 io

143 821 297 869 neatur‚
334 832 383 858 ne
415 819 524 858 illius
556 820 627 858 alii
659 819 932 858 misereantur.
996 820 1146 869 facilis,
1180 821 1228 858 ut
1259 820 1511 860 animadver-

143 882 225 918 tere
256 892 326 918 vos
358 892 485 930 spero,
517 879 678 929 iudices,
711 880 950 919 defensionis
975 893 1087 920 meae
1114 893 1251 920 cursus
1278 882 1349 920 est.
1399 882 1510 920 ante-

145 952 265 989 quam
301 940 491 990 incipiam
527 940 672 979 habere
711 953 874 979 causam
910 942 1078 979 nimium
1115 940 1282 991 bonam,
1322 941 1388 980 hic
1427 943 1512 980 iam

145 1000 385 1038 conscientia
415 1000 592 1051 trepidat
626 1002 754 1039 oratio
788 1003 827 1040 et
852 1002 963 1040 velut
994 1002 1099 1040 inter
1122 1001 1238 1041 binos
1264 1001 1512 1052 deprehensa

144 1061 343 1109 scopulos,
394 1072 484 1098 cum
527 1061 639 1099 aliud
689 1061 901 1111 obiciatur,
952 1062 1063 1100 aliud
1108 1062 1400 1101 defendendum
1444 1062 1509 1112 sit,
1530 1075 1565 1102 15

144 1120 281 1159 haeret
305 1121 347 1158 in
373 1120 509 1159 dubio:
542 1134 631 1160 cum
656 1121 855 1160 beneficiis
880 1122 978 1161 meis
1005 1123 1236 1172 computare
1261 1135 1342 1162 non
1369 1122 1508 1162 audeo.

145 1180 385 1231 cognovistis
405 1181 691 1231 expositionem
711 1194 865 1231 causae,
886 1184 1039 1232 quanta
1059 1196 1259 1233 quamque
1280 1182 1511 1223 excedentia

143 1239 261 1278 fidem
299 1240 559 1280 adulescentis
597 1242 740 1292 optimi
777 1244 921 1281 merita
958 1245 1217 1282 narraverim.
1279 1244 1379 1283 haec
1409 1243 1510 1283 mihi

144 1302 276 1338 omnia
301 1302 383 1340 sine
411 1301 530 1340 dubio
555 1302 623 1339 ille
655 1304 871 1353 praestitit,
903 1303 972 1342 sed
998 1304 1095 1354 quid
1126 1302 1322 1344 interest?
1353 1304 1510 1343 debitor

143 1359 334 1399 delicatus
373 1373 469 1399 sum.
534 1362 631 1412 quid
668 1363 710 1400 in
741 1363 816 1402 hac
853 1365 968 1414 parte
1000 1364 1241 1403 defensionis
1275 1377 1411 1416 agam,
1447 1366 1508 1403 iu·
1528 1377 1566 1403 so

143 1419 277 1459 dices?
308 1421 455 1460 dicam:
486 1423 632 1461 referre
665 1424 837 1474 gratiam
868 1424 1069 1464 beneficiis
1102 1425 1224 1464 volui.
1279 1425 1389 1464 itane
1419 1426 1508 1464 tan-

142 1480 231 1518 dem
269 1481 396 1531 aliqui
427 1482 651 1521 mendicare
685 1483 802 1522 amici
832 1486 988 1535 patrem
1020 1498 1147 1535 aequo
1186 1486 1320 1525 animo
1351 1486 1510 1526 visurus

142 1539 246 1578 fuit?
309 1543 352 1579 at
380 1542 449 1579 ille
481 1556 543 1580 me
574 1543 743 1582 redemit
775 1545 838 1582 cui
869 1545 970 1583 nihil
1003 1542 1206 1598 debui<t>.
1263 1546 1395 1585 dicam
1425 1556 1510 1585 mc-

142 1602 226 1639 veri
256 1615 318 1639 me
350 1603 543 1651 supremis
576 1604 694 1642 amici
725 1606 804 1642 mei
835 1604 1046 1654 precibus?
1097 1607 1259 1658 egregia
1283 1619 1379 1646 vero
1404 1619 1510 1646 com-

238 1754 258 1786 3
284 1738 399 1787 libi²<0s
425 1759 461 1787 Β
544 1757 566 1787 4
592 1754 819 1799 perdidisset
845 1765 863 1798 β
944 1760 962 1791 7
991 1756 1187 1793 calamitas
1218 1764 1247 1792 V
1327 1761 1348 1793 8
1375 1768 1508 1793 causas

147 1805 218 1842 ved
274 1799 404 1846 volgus
424 1807 503 1835 ΒΜ
561 1812 599 1836 se
619 1805 766 1848 gereret
789 1806 936 1850 scripsi:
965 1807 1134 1851 egereret
1153 1820 1199 1850 ως
1225 1806 1415 1852 regereret
1440 1813 1462 1841 ς

142 1846 314 1882 odiosum
338 1849 484 1893 scripsi:
518 1849 689 1885 odiorum
714 1865 743 1885 ω
842 1856 861 1887 9
888 1864 935 1887 ne
960 1859 997 1888 Β
1067 1853 1148 1889 ulla
1175 1862 1210 1889 s':
1238 1853 1357 1890 ullam
1382 1869 1412 1889 ω

143 1897 264 1931 servet
289 1902 338 1941 M,
365 1908 454 1933 corr.
476 1911 534 1941 ηις
569 1900 732 1934 servaret
758 1908 776 1942 β
893 1904 937 1936 10
963 1901 1118 1937 vistoria
1143 1908 1194 1946 Β,
1222 1914 1241 1937 c
1266 1914 1367 1948 supr.
1389 1910 1412 1937 b

144 1947 185 1978 11
213 1943 477 1980 misereantur:
505 1948 634 1981 —antur
659 1949 700 1982 in
724 1959 796 1983 ras.
818 1955 854 1982 Β
926 1950 1206 1986 animadvetere
1233 1951 1342 1997 (-ete-
1367 1951 1408 1986 in
1433 1961 1507 1987 raa

140 2016 195 2051 vel
220 2016 480 2063 oblitteratum)
502 2024 540 2062 νς
569 2007 875 2064 εξηίῃὲᾱνθήθῐθ
895 2027 937 2056 Μ
954 2023 1005 2067 (m
1024 2033 1123 2068 supr.
1137 2023 1191 2069 m)
1269 2026 1314 2057 14
1339 2022 1509 2069 trepidat

141 2063 262 2099 oratio
284 2066 321 2099 et
334 2065 456 2101 Desa:
483 2066 688 2111 trepidatio
708 2068 805 2103 ratio
827 2070 864 2103 et
883 2075 962 2114 BV3
986 2070 1179 2117 trepidat}
1198 2070 1318 2107 oratio
1339 2073 1378 2106 et
1397 2071 1424 2118 (i
1443 2072 1507 2117 er.)

139 2153 195 2191 1¹¹3
221 2148 389 2193 trepidat
408 2151 446 2185 et
463 2150 560 2185 ratio
580 2165 622 2184 m
641 2163 755 2198 mary.
779 2160 826 2194 βό
886 2156 928 2188 15
954 2154 1167 2199 {obiciatur
1185 2161 1213 2189 V
1258 2119 1459 2191 defendi?11
1471 2161 1511 2190 Β

140 2199 183 2231 16
217 2195 351 2232 dubio:
379 2209 399 2232 o
426 2199 468 2233 in
492 2209 564 2234 ras.
589 2206 612 2232 b
724 2203 767 2234 17
801 2211 1007 2246 quamque:
1041 2214 1191 2248 quoque
1213 2209 1250 2238 Ρ
1365 2207 1407 2239 18
1440 2203 1506 2239 ad-

137 2243 366 2280 hulescentis
399 2252 425 2279 V
514 2250 556 2281 19
582 2246 648 2282 ille
674 2248 759 2283 add.
779 2263 807 2288 p
892 2250 1010 2296 {quid
1034 2257 1071 2285 Β
1155 2250 1320 2287 debitor:
1348 2251 1507 2299 dubito}

137 2292 168 2337 (t
193 2294 255 2337 er.)
274 2299 306 2327 J
402 2297 445 2328 22
473 2293 608 2339 aliqui:
637 2295 802 2341 aliquem
829 2312 858 2331 ω
938 2298 1042 2333 visu?
1064 2305 1110 2344 Β,
1136 2300 1158 2334 f·
1181 2300 1224 2335 in
1247 2311 1320 2336 ras.
1347 2302 1373 2335 2
1393 2301 1460 2335 litt.
1482 2307 1506 2334 b

138 2343 186 2395 2:⁹3
209 2340 342 2376 debuit
367 2342 489 2378 Desa:
518 2342 632 2378 debui
658 2359 704 2388 ως
733 2345 847 2380 retuli
875 2353 912 2390 53
945 2347 1103 2391 praebui
1129 2349 1203 2384 Bu.
1304 2351 1350 2383 24
1377 2359 1506 2394 supre-

135 2400 224 2424 m1s:
251 2390 461 2434 praesumis
488 2397 537 2435 M,
564 2403 606 2426 su
631 2403 730 2438 supr.
752 2407 793 2427 m
