1638 2560
199 90 286 134 ‘250
695 84 817 121 APES
842 83 1083 120 PAVPERIS

199 203 363 245 volent?
394 216 443 242 ne
475 203 684 240 hortorum
709 213 888 239 meorum
914 198 1079 238 floribus
1105 195 1313 237 insidant?
1343 209 1394 236 ne
1418 197 1463 235 in
1487 209 1575 235 meo

198 278 329 305 rorem
360 261 525 316 legant?
581 274 753 310 remove,
784 256 986 299 transfer.'
1037 257 1361 309 inpotentissime
1391 257 1577 307 tyranne,

201 324 307 376 quo?
368 322 565 373 numquid
607 324 693 360 tam
732 321 862 359 latum
906 319 1090 371 possideo
1129 318 1326 371 agellum,
1370 319 1418 356 ut
1460 317 1577 356 illum

201 398 293 437 apes
319 384 571 424 transvolare
595 395 676 421 non
707 379 891 432 possint?
941 393 1070 430 neque
1095 380 1233 419 tamen
1258 379 1420 418 tantum
1444 379 1577 417 inerat

199 446 352 497 pectori
376 458 464 484 meo
489 443 622 492 robur,
654 444 703 481 ut
726 455 805 481 non
837 441 1096 492 perturbarer
1127 439 1432 479 denuntiatione
1457 440 1577 478 notae
1615 450 1633 478 5

199 506 460 557 inpotentiae.
518 504 628 543 volui
659 503 884 552 relinquere
917 503 1048 541 avitos
1084 501 1188 539 lares
1220 501 1262 539 et
1299 500 1476 540 conscios
1507 511 1578 537 na-

200 568 345 606 talium
376 566 550 616 parietes
577 566 617 603 et
647 565 778 614 ipsam
810 562 1055 602 nutriculam
1082 573 1216 600 casam
1240 562 1403 611 iamque
1428 572 1578 611 paupe·

200 641 286 667 rem
318 628 451 666 focum
484 627 524 664 et
555 625 712 663 fumosa
745 625 855 662 tecta
888 625 928 662 et
960 623 1135 662 consitas
1167 621 1265 661 meis
1297 620 1484 660 manibus
1516 633 1578 660 ar·

200 687 385 727 busculas
418 686 641 725 destinatus
675 684 785 723 exsul
818 685 1003 722 omittere
1037 683 1300 722 decreveram.
1364 681 1487 731 volui,
1519 680 1579 719 iu-

203 748 320 798 dices,
353 747 552 796 decedere,
583 746 712 795 volui,
745 744 814 784 sed
844 744 1002 783 nullum
1033 744 1150 794 potui
1179 743 1362 782 invenire
1391 741 1580 794 agellum,
1601 754 1636 782 ιο

202 811 245 847 in
279 821 356 859 quo
389 821 468 846 non
499 806 600 845 mihi
631 807 787 844 vicinus
820 805 931 844 dives
965 806 1077 844 esset.

292 869 375 918 Nec
418 870 554 906 tamen
598 867 715 906 licuit
753 866 822 904 diu
861 878 1063 916 quaerere.
1127 864 1233 903 forte
1277 875 1439 903 serenus
1478 874 1582 914 pura

203 930 289 969 luce
322 929 491 967 fulserat
523 928 619 976 dies,
652 929 692 965 et
722 927 864 965 hilaris
896 927 1090 965 matutini
1122 925 1217 965 solis
1252 926 1369 975 tepor
1401 922 1453 962 ad
1484 923 1582 964 coti-

204 990 324 1029 diana
368 1002 489 1040 opera
532 989 678 1027 laetius
723 987 842 1026 solito
890 999 1033 1039 agmen
1078 985 1283 1025 effuderat.
1355 985 1454 1035 quin
1496 983 1582 1034 ipse

204 1051 405 1101 spectator
437 1048 579 1100 operis,
606 1070 664 1075 —
689 1049 906 1099 praecipua
937 1060 1111 1097 namque
1142 1047 1242 1085 haec
1267 1045 1369 1084 mihi
1394 1044 1581 1095 voluptas
1603 1057 1637 1084 15

205 1112 303 1160 erat,
330 1132 387 1136 --
413 1122 684 1160 processeram
716 1121 880 1159 sperans
912 1109 1009 1157 fore,
1042 1110 1089 1146 ut
1114 1107 1292 1146 viderem
1325 1104 1582 1156 quemadmo-

205 1171 300 1210 dum
332 1171 435 1209 aliae
467 1169 638 1209 libratae
669 1169 804 1220 pinnis
837 1181 958 1208 onera
990 1169 1229 1218 conferrent,
1262 1167 1367 1206 aliae
1399 1165 1583 1216 deposita

205 1232 362 1271 sarcina
398 1232 440 1269 in
478 1242 602 1269 novas
646 1231 955 1280 prorumperent
997 1228 1187 1280 praedas,
1231 1229 1289 1277 et,
1337 1238 1583 1278 quamquam

207 1293 376 1344 angusto
415 1290 674 1330 festinaretur
713 1290 843 1340 aditu,
887 1289 1008 1329 turba
1045 1292 1182 1328 tamen
1227 1288 1459 1328 exeuntium
1502 1299 1583 1325 non

206 1352 383 1391 obstaret
431 1351 696 1401 intrantibus,
747 1352 851 1390 aliae
901 1350 1147 1389 militaribus
1192 1350 1335 1389 castris
1385 1347 1586 1399 pellerent
1603 1361 1638 1387 2⁰

205 1414 348 1465 vulgus
385 1414 596 1463 ignavum,
638 1412 742 1450 aliae
780 1411 947 1463 longum
986 1423 1218 1462 permensae
1262 1411 1342 1448 iter
1385 1408 1583 1460 fatigatae

207 1474 428 1513 anhelitum
471 1472 694 1521 traherent,
738 1473 837 1511 haec
876 1472 926 1510 ad
971 1473 1171 1511 aestivum
1209 1471 1334 1510 solem
1378 1469 1584 1520 porrectas

207 1534 402 1584 panderet
436 1535 592 1583 pinnas.

160 1593 183 1629 5
299 1594 490 1633 Miserum
514 1607 590 1642 me,
622 1594 817 1645 ignoscite
843 1593 961 1632 modo
994 1592 1210 1645 gemitibus
1242 1592 1354 1641 meis,
1386 1603 1467 1629 non
1494 1589 1584 1628 flos-

209 1655 316 1694 culos
354 1654 511 1705 perdidi
554 1666 626 1692 nec
670 1653 819 1693 caduca
863 1654 962 1692 folia
1007 1654 1189 1705 proximo
1234 1652 1400 1703 lapsura
1443 1651 1583 1689 vento:
1604 1661 1638 1690 25

209 1727 320 1765 apes,
360 1728 448 1753 cum
480 1714 680 1764 volarent,
720 1714 936 1766 suffugium
970 1714 1183 1753 tenuitatis
1221 1725 1351 1761 meae,
1389 1711 1584 1751 solacium

209 1776 422 1815 senectutis
467 1776 594 1813 amisi.
664 1788 870 1825 nunquam
914 1788 976 1813 me
1022 1774 1122 1814 alias
1167 1786 1386 1825 pauperem
1428 1771 1584 1823 putavi.

307 1954 324 1985 1
353 1950 454 1986 volet
479 1957 524 1995 Β,
550 1963 575 1985 n
600 1963 701 1996 supr.
724 1958 746 1984 b
839 1950 1048 1985 insideant:
1077 1951 1110 1995 (e
1137 1961 1182 1985 επ
1206 1949 1233 1995 i)
1255 1955 1308 1994 B3
1334 1947 1521 1983 insidiant
1548 1952 1586 1990 1⁶3

209 2023 403 2070 insid3ant
429 2023 456 2069 (i
482 2025 544 2070 er.)
566 2029 608 2058 M
727 2010 809 2058 meO
831 2029 868 2057 Β
989 2027 1009 2058 2
1035 2011 1144 2069 Ιθςέῒ,
1169 2028 1197 2057 V
1315 2025 1335 2056 3
1362 2031 1514 2066 quoquo
1542 2025 1586 2062 P,

209 2083 300 2108 corr.
321 2087 348 2112 p
421 2073 517 2107 tam:
545 2071 679 2126 iam-B
752 2070 934 2116 angulum
953 2077 1033 2106 ΒΜ
1049 2072 1155 2118 (corr.
1178 2072 1214 2117 b)
1288 2074 1310 2106 4
1337 2079 1461 2115 neque
1487 2070 1588 2112 enim

210 2146 337 2179 tamen
364 2150 391 2177 V
484 2148 504 2178 6
531 2132 632 2179 volu¹
658 2150 695 2178 B
786 2147 805 2178 7
834 2154 988 2179 causam
1013 2150 1060 2188 B,
1087 2155 1178 2180 corr.
1201 2150 1224 2178 ὀ
1318 2145 1339 2177 8
1367 2139 1588 2178 arbusculas

209 2191 414 2228 transferre
441 2192 653 2228 destinatus
682 2200 702 2227 ς
800 2195 820 2227 9
855 2192 1029 2227 omittere
1056 2203 1124 2228 om.
1146 2199 1220 2227 aare
1321 2193 1364 2226 10
1396 2188 1499 2225 volui
1525 2188 1590 2224 de-

210 2241 342 2276 cedere
368 2240 513 2276 iudices
540 2247 567 2275 S
667 2244 710 2276 14
738 2239 922 2276 effuderet
948 2247 991 2284 P,
1018 2252 1109 2276 corr.
1130 2255 1157 2281 p
1255 2243 1299 2275 16
1324 2237 1590 2285 processerant

211 2295 292 2324 ΒΜ
372 2292 414 2324 17
442 2293 476 2325 et
503 2293 546 2324 23
574 2289 709 2334 pennis
736 2304 765 2323 ω
785 2293 935 2335 praeter
959 2295 997 2324 Β
1020 2290 1086 2325 ubi
1110 2300 1201 2325 corr.
1224 2295 1247 2322 ὸ
1327 2286 1470 2323 honera
1495 2292 1522 2320 V

212 2340 256 2372 20
282 2337 423 2383 pellere
449 2343 518 2372 BV
595 2341 639 2372 25
666 2337 838 2383 proxima
857 2343 894 2372 Β
976 2341 1020 2372 26
1049 2347 1156 2383 apes:
1185 2335 1306 2382 apisci
1326 2334 1361 2370 K
1379 2341 1431 2380 Β;
1458 2332 1589 2380 aspexi

213 2385 246 2420 K
272 2392 311 2430 1’;
338 2397 428 2432 apes
529 2397 614 2420 cum
642 2392 682 2420 11
776 2384 959 2432 effugium
985 2392 1048 2420 Βσ·
