<?xml version="1.0" encoding="UTF-8"?>
<!DOCTYPE html PUBLIC "-//W3C//DTD XHTML 1.0 Transitional//EN"
    "http://www.w3.org/TR/xhtml1/DTD/xhtml1-transitional.dtd">
<html xmlns="http://www.w3.org/1999/xhtml" xml:lang="en" lang="en">
 <head>
  <title>
</title>
<meta http-equiv="Content-Type" content="text/html;charset=utf-8" />
  <meta name='ocr-system' content='tesseract 3.04.00' />
  <meta name='ocr-capabilities' content='ocr_page ocr_carea ocr_par ocr_line ocrx_word'/>
</head>
<body>
  <div class='ocr_page' id='page_1' title='image "./quintilianiquaef00lehnuoft_0214.png"; bbox 0 0 1638 2560; ppageno 0'>
   <div class='ocr_carea' id='block_1_1' title="bbox 105 1130 155 1167">
    <p class='ocr_par' dir='ltr' id='par_1_1' title="bbox 105 1130 155 1167">
     <span class='ocr_line' id='line_1_1' title="bbox 105 1130 155 1167; baseline 0 0"><span class='ocrx_word' id='word_1_1' title='bbox 105 1130 155 1167; x_wconf 78' lang='lat'><strong>13</strong></span> 
     </span>
    </p>
   </div>
   <div class='ocr_carea' id='block_1_2' title="bbox 178 113 1001 159">
    <p class='ocr_par' dir='ltr' id='par_1_2' title="bbox 178 113 1001 159">
     <span class='ocr_line' id='line_1_2' title="bbox 178 113 1001 159; baseline 0.002 -12"><span class='ocrx_word' id='word_1_2' title='bbox 178 116 263 159; x_wconf 81' lang='lat'><strong>178</strong></span> <span class='ocrx_word' id='word_1_3' title='bbox 719 113 1001 150; x_wconf 80' lang='lat' dir='ltr'><strong>GLADIATOR</strong></span> 
     </span>
    </p>
   </div>
   <div class='ocr_carea' id='block_1_3' title="bbox 173 227 1612 2031">
    <p class='ocr_par' dir='ltr' id='par_1_3' title="bbox 173 227 1612 2031">
     <span class='ocr_line' id='line_1_3' title="bbox 175 227 1541 280; baseline -0.002 -10"><span class='ocrx_word' id='word_1_4' title='bbox 175 231 274 270; x_wconf 88' lang='lat' dir='ltr'><strong>meis</strong></span> <span class='ocrx_word' id='word_1_5' title='bbox 304 230 423 269; x_wconf 91' lang='lat' dir='ltr'><strong>finem</strong></span> <span class='ocrx_word' id='word_1_6' title='bbox 454 229 542 268; x_wconf 90' lang='lat' dir='ltr'><strong>dari</strong></span> <span class='ocrx_word' id='word_1_7' title='bbox 572 227 732 280; x_wconf 79' lang='lat' dir='ltr'><strong>placet?</strong></span> <span class='ocrx_word' id='word_1_8' title='bbox 793 241 936 279; x_wconf 82' lang='lat' dir='ltr'><strong>parum</strong></span> <span class='ocrx_word' id='word_1_9' title='bbox 968 229 1028 266; x_wconf 87' lang='lat' dir='ltr'><strong>est</strong></span> <span class='ocrx_word' id='word_1_10' title='bbox 1060 227 1167 278; x_wconf 90' lang='lat' dir='ltr'><strong>quod</strong></span> <span class='ocrx_word' id='word_1_11' title='bbox 1197 228 1359 267; x_wconf 86' lang='lat' dir='ltr'><strong>insanos</strong></span> <span class='ocrx_word' id='word_1_12' title='bbox 1390 227 1541 278; x_wconf 83' lang='lat' dir='ltr'><strong>pertuli</strong></span> 
     </span>
     <span class='ocr_line' id='line_1_4' title="bbox 176 288 1538 339; baseline 0 -11"><span class='ocrx_word' id='word_1_13' title='bbox 176 291 318 330; x_wconf 82' lang='lat' dir='ltr'><strong>fluctus</strong></span> <span class='ocrx_word' id='word_1_14' title='bbox 357 292 396 329; x_wconf 91' lang='lat' dir='ltr'><strong>et</strong></span> <span class='ocrx_word' id='word_1_15' title='bbox 427 290 555 329; x_wconf 86' lang='lat' dir='ltr'><strong>saevis</strong></span> <span class='ocrx_word' id='word_1_16' title='bbox 592 289 898 339; x_wconf 73' lang='lat' dir='ltr'><strong>tempestatibus</strong></span> <span class='ocrx_word' id='word_1_17' title='bbox 937 289 1170 327; x_wconf 86' lang='lat' dir='ltr'><strong>commissus</strong></span> <span class='ocrx_word' id='word_1_18' title='bbox 1202 288 1370 328; x_wconf 85' lang='lat' dir='ltr'><strong>arbitrio</strong></span> <span class='ocrx_word' id='word_1_19' title='bbox 1400 290 1538 328; x_wconf 85' lang='lat' dir='ltr'><strong>vento-</strong></span> 
     </span>
     <span class='ocr_line' id='line_1_5' title="bbox 175 348 1540 402; baseline -0.001 -12"><span class='ocrx_word' id='word_1_20' title='bbox 175 365 265 390; x_wconf 86' lang='lat' dir='ltr'><strong>rum</strong></span> <span class='ocrx_word' id='word_1_21' title='bbox 306 348 504 402; x_wconf 84' lang='lat' dir='ltr'>pependi?</span> <span class='ocrx_word' id='word_1_22' title='bbox 574 363 718 400; x_wconf 88' lang='lat' dir='ltr'><strong>parum</strong></span> <span class='ocrx_word' id='word_1_23' title='bbox 762 351 839 398; x_wconf 84' lang='lat' dir='ltr'><strong>est,</strong></span> <span class='ocrx_word' id='word_1_24' title='bbox 884 348 989 398; x_wconf 92' lang='lat' dir='ltr'><strong>quod</strong></span> <span class='ocrx_word' id='word_1_25' title='bbox 1032 349 1075 386; x_wconf 90' lang='lat' dir='ltr'><strong>in</strong></span> <span class='ocrx_word' id='word_1_26' title='bbox 1118 348 1293 388; x_wconf 72' lang='lat' dir='ltr'><strong>nefarias</strong></span> <span class='ocrx_word' id='word_1_27' title='bbox 1335 348 1540 388; x_wconf 82' lang='lat' dir='ltr'><strong>latronum</strong></span> 
     </span>
     <span class='ocr_line' id='line_1_6' title="bbox 176 408 1539 461; baseline -0.001 -11"><span class='ocrx_word' id='word_1_28' title='bbox 176 423 315 450; x_wconf 87' lang='lat' dir='ltr'><strong>manus</strong></span> <span class='ocrx_word' id='word_1_29' title='bbox 346 410 495 461; x_wconf 87' lang='lat' dir='ltr'><strong>praeda</strong></span> <span class='ocrx_word' id='word_1_30' title='bbox 525 411 700 460; x_wconf 83' lang='lat' dir='ltr'><strong>perveni,</strong></span> <span class='ocrx_word' id='word_1_31' title='bbox 732 422 834 460; x_wconf 91' lang='lat' dir='ltr'><strong>quae</strong></span> <span class='ocrx_word' id='word_1_32' title='bbox 866 409 1010 447; x_wconf 90' lang='lat' dir='ltr'><strong>ultima</strong></span> <span class='ocrx_word' id='word_1_33' title='bbox 1035 409 1234 448; x_wconf 88' lang='lat' dir='ltr'><strong>malorum</strong></span> <span class='ocrx_word' id='word_1_34' title='bbox 1259 408 1383 448; x_wconf 87' lang='lat' dir='ltr'><strong>etiam</strong></span> <span class='ocrx_word' id='word_1_35' title='bbox 1407 421 1539 449; x_wconf 85' lang='lat' dir='ltr'><strong>servo-</strong></span> 
     </span>
     <span class='ocr_line' id='line_1_7' title="bbox 175 467 1596 520; baseline 0 -10"><span class='ocrx_word' id='word_1_36' title='bbox 175 485 263 510; x_wconf 87' lang='lat' dir='ltr'><strong>rum</strong></span> <span class='ocrx_word' id='word_1_37' title='bbox 301 470 478 510; x_wconf 88' lang='lat' dir='ltr'><strong>condicio</strong></span> <span class='ocrx_word' id='word_1_38' title='bbox 514 472 592 520; x_wconf 88' lang='lat' dir='ltr'><strong>est,</strong></span> <span class='ocrx_word' id='word_1_39' title='bbox 631 469 714 509; x_wconf 89' lang='lat' dir='ltr'><strong>sine</strong></span> <span class='ocrx_word' id='word_1_40' title='bbox 753 470 983 520; x_wconf 82' lang='lat' dir='ltr'><strong>exceptione</strong></span> <span class='ocrx_word' id='word_1_41' title='bbox 1014 467 1195 508; x_wconf 80' lang='lat' dir='ltr'><strong>venalis?</strong></span> <span class='ocrx_word' id='word_1_42' title='bbox 1256 469 1349 509; x_wconf 88' lang='lat' dir='ltr'><strong>inde</strong></span> <span class='ocrx_word' id='word_1_43' title='bbox 1385 482 1468 519; x_wconf 89' lang='lat' dir='ltr'><strong>me,</strong></span> <span class='ocrx_word' id='word_1_44' title='bbox 1505 470 1540 509; x_wconf 86' lang='lat' dir='ltr'><strong>si</strong></span> <span class='ocrx_word' id='word_1_45' title='bbox 1577 484 1596 511; x_wconf 76' lang='lat'>⁵</span> 
     </span>
     <span class='ocr_line' id='line_1_8' title="bbox 176 529 1540 581; baseline -0.001 -11"><span class='ocrx_word' id='word_1_46' title='bbox 176 531 377 581; x_wconf 82' lang='lat' dir='ltr'><strong>voluisset,</strong></span> <span class='ocrx_word' id='word_1_47' title='bbox 410 543 538 570; x_wconf 92' lang='lat' dir='ltr'><strong>emere</strong></span> <span class='ocrx_word' id='word_1_48' title='bbox 569 531 703 581; x_wconf 91' lang='lat' dir='ltr'><strong>potuit</strong></span> <span class='ocrx_word' id='word_1_49' title='bbox 730 530 924 569; x_wconf 88' lang='lat' dir='ltr'><strong>inimicus.</strong></span> <span class='ocrx_word' id='word_1_50' title='bbox 974 543 1119 580; x_wconf 85' lang='lat' dir='ltr'><strong>parum</strong></span> <span class='ocrx_word' id='word_1_51' title='bbox 1144 531 1215 579; x_wconf 88' lang='lat' dir='ltr'><strong>est,</strong></span> <span class='ocrx_word' id='word_1_52' title='bbox 1249 529 1357 580; x_wconf 88' lang='lat' dir='ltr'><strong>quod</strong></span> <span class='ocrx_word' id='word_1_53' title='bbox 1381 543 1446 569; x_wconf 90' lang='lat' dir='ltr'><strong>me</strong></span> <span class='ocrx_word' id='word_1_54' title='bbox 1471 530 1540 568; x_wconf 91' lang='lat' dir='ltr'><strong>diu</strong></span> 
     </span>
     <span class='ocr_line' id='line_1_9' title="bbox 173 589 1540 642; baseline 0 -12"><span class='ocrx_word' id='word_1_55' title='bbox 173 593 329 642; x_wconf 84' lang='lat' dir='ltr'><strong>piratae</strong></span> <span class='ocrx_word' id='word_1_56' title='bbox 355 591 397 629; x_wconf 90' lang='lat' dir='ltr'><strong>in</strong></span> <span class='ocrx_word' id='word_1_57' title='bbox 417 604 571 630; x_wconf 88' lang='lat' dir='ltr'><strong>carcere</strong></span> <span class='ocrx_word' id='word_1_58' title='bbox 590 591 801 641; x_wconf 85' lang='lat' dir='ltr'><strong>retentum,</strong></span> <span class='ocrx_word' id='word_1_59' title='bbox 829 591 923 640; x_wconf 88' lang='lat' dir='ltr'><strong>quia</strong></span> <span class='ocrx_word' id='word_1_60' title='bbox 948 589 1241 640; x_wconf 86' lang='lat' dir='ltr'><strong>redemptorem</strong></span> <span class='ocrx_word' id='word_1_61' title='bbox 1264 590 1347 629; x_wconf 91' lang='lat' dir='ltr'><strong>illis</strong></span> <span class='ocrx_word' id='word_1_62' title='bbox 1372 589 1540 630; x_wconf 83' lang='lat' dir='ltr'><strong>divitem</strong></span> 
     </span>
     <span class='ocr_line' id='line_1_10' title="bbox 174 650 1539 702; baseline 0 -12"><span class='ocrx_word' id='word_1_63' title='bbox 174 653 435 702; x_wconf 82' lang='lat' dir='ltr'><strong>promiseram</strong></span> <span class='ocrx_word' id='word_1_64' title='bbox 470 653 645 701; x_wconf 84' lang='lat' dir='ltr'><strong>patrem,</strong></span> <span class='ocrx_word' id='word_1_65' title='bbox 682 651 724 689; x_wconf 91' lang='lat' dir='ltr'><strong>in</strong></span> <span class='ocrx_word' id='word_1_66' title='bbox 762 650 902 689; x_wconf 89' lang='lat' dir='ltr'><strong>ludum</strong></span> <span class='ocrx_word' id='word_1_67' title='bbox 932 650 1198 690; x_wconf 87' lang='lat' dir='ltr'><strong>vendiderunt</strong></span> <span class='ocrx_word' id='word_1_68' title='bbox 1234 652 1443 701; x_wconf 77' lang='lat' dir='ltr'><strong>tamquam</strong></span> <span class='ocrx_word' id='word_1_69' title='bbox 1475 651 1539 690; x_wconf 87' lang='lat' dir='ltr'><strong>de·</strong></span> 
     </span>
     <span class='ocr_line' id='line_1_11' title="bbox 175 710 1541 762; baseline -0.001 -11"><span class='ocrx_word' id='word_1_70' title='bbox 175 710 307 762; x_wconf 85' lang='lat' dir='ltr'><strong>cepti‘?</strong></span> <span class='ocrx_word' id='word_1_71' title='bbox 358 711 465 762; x_wconf 90' lang='lat' dir='ltr'><strong>quod</strong></span> <span class='ocrx_word' id='word_1_72' title='bbox 498 711 719 750; x_wconf 84' lang='lat' dir='ltr'><strong>cotidianae</strong></span> <span class='ocrx_word' id='word_1_73' title='bbox 751 723 909 762; x_wconf 83' lang='lat' dir='ltr'><strong>pugnae</strong></span> <span class='ocrx_word' id='word_1_74' title='bbox 941 710 1202 750; x_wconf 82' lang='lat' dir='ltr'><strong>meditatione</strong></span> <span class='ocrx_word' id='word_1_75' title='bbox 1233 712 1319 750; x_wconf 88' lang='lat' dir='ltr'><strong>tam</strong></span> <span class='ocrx_word' id='word_1_76' title='bbox 1344 711 1413 750; x_wconf 88' lang='lat' dir='ltr'><strong>diu</strong></span> <span class='ocrx_word' id='word_1_77' title='bbox 1437 711 1541 750; x_wconf 85' lang='lat' dir='ltr'><strong>mori</strong></span> 
     </span>
     <span class='ocr_line' id='line_1_12' title="bbox 174 771 1596 822; baseline 0.002 -12"><span class='ocrx_word' id='word_1_78' title='bbox 174 772 322 812; x_wconf 67' lang='lat' dir='ltr'><strong>didici?</strong></span> <span class='ocrx_word' id='word_1_79' title='bbox 385 771 490 822; x_wconf 90' lang='lat' dir='ltr'><strong>quod</strong></span> <span class='ocrx_word' id='word_1_80' title='bbox 521 772 782 821; x_wconf 87' lang='lat' dir='ltr'><strong>compositus,</strong></span> <span class='ocrx_word' id='word_1_81' title='bbox 815 773 1011 821; x_wconf 86' lang='lat' dir='ltr'><strong>armatus,</strong></span> <span class='ocrx_word' id='word_1_82' title='bbox 1042 771 1228 811; x_wconf 89' lang='lat' dir='ltr'><strong>inductus</strong></span> <span class='ocrx_word' id='word_1_83' title='bbox 1259 771 1471 822; x_wconf 85' lang='lat' dir='ltr'><strong>perieram,</strong></span> <span class='ocrx_word' id='word_1_84' title='bbox 1505 772 1540 811; x_wconf 89' lang='lat' dir='ltr'><strong>si</strong></span> <span class='ocrx_word' id='word_1_85' title='bbox 1559 787 1596 814; x_wconf 78' lang='grc' dir='ltr'><strong>ιο</strong></span> 
     </span>
     <span class='ocr_line' id='line_1_13' title="bbox 173 831 1539 883; baseline 0 -12"><span class='ocrx_word' id='word_1_86' title='bbox 173 832 315 872; x_wconf 87' lang='lat' dir='ltr'><strong>melior</strong></span> <span class='ocrx_word' id='word_1_87' title='bbox 347 833 496 871; x_wconf 91' lang='lat' dir='ltr'><strong>amicus</strong></span> <span class='ocrx_word' id='word_1_88' title='bbox 533 832 714 882; x_wconf 84' lang='lat' dir='ltr'><strong>fuissem,</strong></span> <span class='ocrx_word' id='word_1_89' title='bbox 751 833 829 871; x_wconf 90' lang='lat' dir='ltr'><strong>nisi</strong></span> <span class='ocrx_word' id='word_1_90' title='bbox 860 845 922 870; x_wconf 89' lang='lat' dir='ltr'><strong>me</strong></span> <span class='ocrx_word' id='word_1_91' title='bbox 958 844 1063 871; x_wconf 86' lang='lat' dir='ltr'><strong>nova</strong></span> <span class='ocrx_word' id='word_1_92' title='bbox 1095 832 1207 871; x_wconf 89' lang='lat' dir='ltr'><strong>velut</strong></span> <span class='ocrx_word' id='word_1_93' title='bbox 1237 831 1280 870; x_wconf 89' lang='lat' dir='ltr'><strong>in</strong></span> <span class='ocrx_word' id='word_1_94' title='bbox 1316 834 1440 883; x_wconf 86' lang='lat' dir='ltr'><strong>portu</strong></span> <span class='ocrx_word' id='word_1_95' title='bbox 1471 831 1539 871; x_wconf 89' lang='lat' dir='ltr'><strong>ad-</strong></span> 
     </span>
     <span class='ocr_line' id='line_1_14' title="bbox 175 892 1540 943; baseline 0.001 -12"><span class='ocrx_word' id='word_1_96' title='bbox 175 895 263 932; x_wconf 89' lang='lat' dir='ltr'><strong>orta</strong></span> <span class='ocrx_word' id='word_1_97' title='bbox 293 894 510 942; x_wconf 84' lang='lat' dir='ltr'><strong>tempestas</strong></span> <span class='ocrx_word' id='word_1_98' title='bbox 535 892 713 942; x_wconf 89' lang='lat' dir='ltr'><strong>paternis</strong></span> <span class='ocrx_word' id='word_1_99' title='bbox 739 892 889 931; x_wconf 87' lang='lat' dir='ltr'><strong>laribus</strong></span> <span class='ocrx_word' id='word_1_100' title='bbox 916 894 1113 931; x_wconf 85' lang='lat' dir='ltr'><strong>extorrem</strong></span> <span class='ocrx_word' id='word_1_101' title='bbox 1139 894 1179 932; x_wconf 92' lang='lat' dir='ltr'><strong>et</strong></span> <span class='ocrx_word' id='word_1_102' title='bbox 1203 892 1417 932; x_wconf 83' lang='lat' dir='ltr'><strong>necessarii</strong></span> <span class='ocrx_word' id='word_1_103' title='bbox 1444 905 1540 943; x_wconf 93' lang='lat' dir='ltr'><strong>quo-</strong></span> 
     </span>
     <span class='ocr_line' id='line_1_15' title="bbox 175 951 1541 1003; baseline -0.001 -11"><span class='ocrx_word' id='word_1_104' title='bbox 175 966 251 1003; x_wconf 88' lang='lat' dir='ltr'><strong>que</strong></span> <span class='ocrx_word' id='word_1_105' title='bbox 294 952 422 991; x_wconf 88' lang='lat' dir='ltr'><strong>victus</strong></span> <span class='ocrx_word' id='word_1_106' title='bbox 466 952 626 1002; x_wconf 86' lang='lat' dir='ltr'><strong>inopem</strong></span> <span class='ocrx_word' id='word_1_107' title='bbox 670 952 817 991; x_wconf 87' lang='lat' dir='ltr'><strong>circum</strong></span> <span class='ocrx_word' id='word_1_108' title='bbox 861 953 913 991; x_wconf 91' lang='lat' dir='ltr'><strong>ad</strong></span> <span class='ocrx_word' id='word_1_109' title='bbox 956 953 1107 992; x_wconf 91' lang='lat' dir='ltr'><strong>alienas</strong></span> <span class='ocrx_word' id='word_1_110' title='bbox 1151 953 1331 993; x_wconf 85' lang='lat' dir='ltr'><strong>mitteret</strong></span> <span class='ocrx_word' id='word_1_111' title='bbox 1374 951 1541 992; x_wconf 83' lang='lat' dir='ltr'><strong>domos?</strong></span> 
     </span>
     <span class='ocr_line' id='line_1_16' title="bbox 174 1013 1540 1065; baseline 0.001 -14"><span class='ocrx_word' id='word_1_112' title='bbox 174 1013 298 1063; x_wconf 89' lang='lat' dir='ltr'><strong>pudet</strong></span> <span class='ocrx_word' id='word_1_113' title='bbox 335 1025 564 1051; x_wconf 88' lang='lat' dir='ltr'><strong>enumerare</strong></span> <span class='ocrx_word' id='word_1_114' title='bbox 604 1013 894 1051; x_wconf 78' lang='lat' dir='ltr'><strong>calamitatium</strong></span> <span class='ocrx_word' id='word_1_115' title='bbox 931 1026 1111 1052; x_wconf 90' lang='lat' dir='ltr'><strong>mearum</strong></span> <span class='ocrx_word' id='word_1_116' title='bbox 1149 1013 1315 1065; x_wconf 84' lang='lat' dir='ltr'><strong>gradus:</strong></span> <span class='ocrx_word' id='word_1_117' title='bbox 1352 1015 1540 1064; x_wconf 86' lang='lat' dir='ltr'><strong>piratam,</strong></span> 
     </span>
     <span class='ocr_line' id='line_1_17' title="bbox 175 1074 1598 1123; baseline 0.003 -12"><span class='ocrx_word' id='word_1_118' title='bbox 175 1074 375 1123; x_wconf 84' lang='lat' dir='ltr'><strong>lanistam,</strong></span> <span class='ocrx_word' id='word_1_119' title='bbox 408 1074 573 1123; x_wconf 89' lang='lat' dir='ltr'><strong>patrem.</strong></span> <span class='ocrx_word' id='word_1_120' title='bbox 1561 1088 1598 1115; x_wconf 79' lang='lat'><strong>15</strong></span> 
     </span>
     <span class='ocr_line' id='line_1_18' title="bbox 265 1132 1541 1184; baseline 0.002 -13"><span class='ocrx_word' id='word_1_121' title='bbox 265 1132 418 1183; x_wconf 89' lang='lat' dir='ltr'><strong>Atquin</strong></span> <span class='ocrx_word' id='word_1_122' title='bbox 454 1146 547 1183; x_wconf 85' lang='lat' dir='ltr'><strong>pars</strong></span> <span class='ocrx_word' id='word_1_123' title='bbox 585 1133 664 1172; x_wconf 88' lang='lat' dir='ltr'><strong>ista</strong></span> <span class='ocrx_word' id='word_1_124' title='bbox 703 1133 898 1183; x_wconf 83' lang='lat' dir='ltr'><strong>criminis,</strong></span> <span class='ocrx_word' id='word_1_125' title='bbox 941 1134 1110 1184; x_wconf 90' lang='lat' dir='ltr'><strong>iudices,</strong></span> <span class='ocrx_word' id='word_1_126' title='bbox 1146 1135 1226 1173; x_wconf 91' lang='lat' dir='ltr'><strong>mei</strong></span> <span class='ocrx_word' id='word_1_127' title='bbox 1262 1147 1343 1173; x_wconf 90' lang='lat' dir='ltr'><strong>non</strong></span> <span class='ocrx_word' id='word_1_128' title='bbox 1381 1134 1541 1173; x_wconf 83' lang='lat' dir='ltr'><strong>defendi</strong></span> 
     </span>
     <span class='ocr_line' id='line_1_19' title="bbox 174 1193 1539 1246; baseline 0.002 -15"><span class='ocrx_word' id='word_1_129' title='bbox 174 1195 336 1243; x_wconf 84' lang='lat' dir='ltr'><strong>meruit,</strong></span> <span class='ocrx_word' id='word_1_130' title='bbox 375 1193 442 1232; x_wconf 90' lang='lat' dir='ltr'><strong>sed</strong></span> <span class='ocrx_word' id='word_1_131' title='bbox 477 1193 644 1232; x_wconf 90' lang='lat' dir='ltr'><strong>laudari.</strong></span> <span class='ocrx_word' id='word_1_132' title='bbox 706 1206 834 1244; x_wconf 90' lang='lat' dir='ltr'><strong>neque</strong></span> <span class='ocrx_word' id='word_1_133' title='bbox 873 1195 979 1233; x_wconf 91' lang='lat' dir='ltr'><strong>enim</strong></span> <span class='ocrx_word' id='word_1_134' title='bbox 1015 1194 1171 1245; x_wconf 83' lang='lat' dir='ltr'><strong>reperio</strong></span> <span class='ocrx_word' id='word_1_135' title='bbox 1211 1194 1308 1246; x_wconf 91' lang='lat' dir='ltr'><strong>quid</strong></span> <span class='ocrx_word' id='word_1_136' title='bbox 1340 1195 1384 1234; x_wconf 91' lang='lat' dir='ltr'><strong>in</strong></span> <span class='ocrx_word' id='word_1_137' title='bbox 1420 1195 1539 1234; x_wconf 90' lang='lat' dir='ltr'><strong>rebus</strong></span> 
     </span>
     <span class='ocr_line' id='line_1_20' title="bbox 174 1253 1612 1306; baseline 0.001 -14"><span class='ocrx_word' id='word_1_138' title='bbox 174 1254 358 1292; x_wconf 89' lang='lat' dir='ltr'><strong>humanis</strong></span> <span class='ocrx_word' id='word_1_139' title='bbox 384 1253 620 1305; x_wconf 86' lang='lat' dir='ltr'><strong>excogitarit</strong></span> <span class='ocrx_word' id='word_1_140' title='bbox 643 1255 788 1293; x_wconf 85' lang='lat' dir='ltr'><strong>natura</strong></span> <span class='ocrx_word' id='word_1_141' title='bbox 813 1255 1085 1305; x_wconf 83' lang='lat' dir='ltr'><strong>praestantius</strong></span> <span class='ocrx_word' id='word_1_142' title='bbox 1111 1255 1303 1305; x_wconf 85' lang='lat' dir='ltr'><strong>amicitia,</strong></span> <span class='ocrx_word' id='word_1_143' title='bbox 1326 1255 1424 1306; x_wconf 91' lang='lat' dir='ltr'><strong>quid</strong></span> <span class='ocrx_word' id='word_1_144' title='bbox 1448 1268 1540 1295; x_wconf 91' lang='lat' dir='ltr'><strong>con·</strong></span> <span class='ocrx_word' id='word_1_145' title='bbox 1604 1269 1612 1280; x_wconf 65' lang='lat'>⁸</span> 
     </span>
     <span class='ocr_line' id='line_1_21' title="bbox 175 1313 1540 1367; baseline 0.001 -15"><span class='ocrx_word' id='word_1_146' title='bbox 175 1313 309 1352; x_wconf 88' lang='lat' dir='ltr'><strong>cordia</strong></span> <span class='ocrx_word' id='word_1_147' title='bbox 353 1315 491 1352; x_wconf 91' lang='lat' dir='ltr'><strong>contra</strong></span> <span class='ocrx_word' id='word_1_148' title='bbox 534 1314 737 1353; x_wconf 88' lang='lat' dir='ltr'><strong>fortunam</strong></span> <span class='ocrx_word' id='word_1_149' title='bbox 780 1316 909 1355; x_wconf 88' lang='lat' dir='ltr'><strong>maius</strong></span> <span class='ocrx_word' id='word_1_150' title='bbox 954 1315 1158 1354; x_wconf 88' lang='lat' dir='ltr'><strong>auxilium.</strong></span> <span class='ocrx_word' id='word_1_151' title='bbox 1229 1329 1324 1354; x_wconf 87' lang='lat' dir='ltr'><strong>nam</strong></span> <span class='ocrx_word' id='word_1_152' title='bbox 1365 1315 1540 1367; x_wconf 87' lang='lat' dir='ltr'><strong>primum</strong></span> 
     </span>
     <span class='ocr_line' id='line_1_22' title="bbox 174 1374 1597 1427; baseline 0.004 -15"><span class='ocrx_word' id='word_1_153' title='bbox 174 1375 332 1424; x_wconf 86' lang='lat' dir='ltr'><strong>praeter</strong></span> <span class='ocrx_word' id='word_1_154' title='bbox 363 1376 494 1413; x_wconf 87' lang='lat' dir='ltr'><strong>cetera</strong></span> <span class='ocrx_word' id='word_1_155' title='bbox 520 1374 712 1413; x_wconf 87' lang='lat' dir='ltr'><strong>animalia</strong></span> <span class='ocrx_word' id='word_1_156' title='bbox 741 1375 873 1414; x_wconf 88' lang='lat' dir='ltr'><strong>induit</strong></span> <span class='ocrx_word' id='word_1_157' title='bbox 904 1378 1051 1416; x_wconf 88' lang='lat' dir='ltr'><strong>nostris</strong></span> <span class='ocrx_word' id='word_1_158' title='bbox 1081 1376 1310 1427; x_wconf 83' lang='lat' dir='ltr'><strong>pectoribus</strong></span> <span class='ocrx_word' id='word_1_159' title='bbox 1337 1376 1540 1426; x_wconf 88' lang='lat' dir='ltr'><strong>quandam</strong></span> <span class='ocrx_word' id='word_1_160' title='bbox 1558 1390 1597 1417; x_wconf 61' lang='grc' dir='ltr'><strong>πο</strong></span> 
     </span>
     <span class='ocr_line' id='line_1_23' title="bbox 175 1435 1540 1488; baseline 0.003 -16"><span class='ocrx_word' id='word_1_161' title='bbox 175 1435 406 1473; x_wconf 87' lang='lat' dir='ltr'><strong>societatem</strong></span> <span class='ocrx_word' id='word_1_162' title='bbox 438 1447 539 1484; x_wconf 88' lang='lat' dir='ltr'><strong>quae</strong></span> <span class='ocrx_word' id='word_1_163' title='bbox 570 1436 709 1474; x_wconf 89' lang='lat' dir='ltr'><strong>mutuo</strong></span> <span class='ocrx_word' id='word_1_164' title='bbox 742 1436 914 1487; x_wconf 86' lang='lat' dir='ltr'><strong>gaudere</strong></span> <span class='ocrx_word' id='word_1_165' title='bbox 946 1449 1171 1488; x_wconf 86' lang='lat' dir='ltr'><strong>congressu,</strong></span> <span class='ocrx_word' id='word_1_166' title='bbox 1204 1437 1439 1476; x_wconf 84' lang='lat' dir='ltr'><strong>contrahere</strong></span> <span class='ocrx_word' id='word_1_167' title='bbox 1469 1449 1540 1487; x_wconf 90' lang='lat' dir='ltr'><strong>po·</strong></span> 
     </span>
     <span class='ocr_line' id='line_1_24' title="bbox 174 1494 1539 1546; baseline 0.003 -14"><span class='ocrx_word' id='word_1_168' title='bbox 174 1495 307 1545; x_wconf 91' lang='lat' dir='ltr'><strong>pulos,</strong></span> <span class='ocrx_word' id='word_1_169' title='bbox 352 1494 517 1534; x_wconf 87' lang='lat' dir='ltr'><strong>condere</strong></span> <span class='ocrx_word' id='word_1_170' title='bbox 560 1495 677 1534; x_wconf 85' lang='lat' dir='ltr'><strong>urbes</strong></span> <span class='ocrx_word' id='word_1_171' title='bbox 723 1496 881 1536; x_wconf 87' lang='lat' dir='ltr'><strong>edocuit</strong></span> <span class='ocrx_word' id='word_1_172' title='bbox 925 1498 982 1546; x_wconf 86' lang='lat' dir='ltr'><strong>et,</strong></span> <span class='ocrx_word' id='word_1_173' title='bbox 1027 1510 1116 1535; x_wconf 93' lang='lat' dir='ltr'><strong>cum</strong></span> <span class='ocrx_word' id='word_1_174' title='bbox 1153 1496 1354 1536; x_wconf 89' lang='lat' dir='ltr'><strong>mentibus</strong></span> <span class='ocrx_word' id='word_1_175' title='bbox 1391 1498 1539 1536; x_wconf 87' lang='lat' dir='ltr'><strong>nostris</strong></span> 
     </span>
     <span class='ocr_line' id='line_1_25' title="bbox 175 1554 1540 1608; baseline 0.002 -15"><span class='ocrx_word' id='word_1_176' title='bbox 175 1556 305 1593; x_wconf 87' lang='lat' dir='ltr'><strong>varios</strong></span> <span class='ocrx_word' id='word_1_177' title='bbox 336 1554 571 1605; x_wconf 87' lang='lat' dir='ltr'><strong>imposuerit</strong></span> <span class='ocrx_word' id='word_1_178' title='bbox 601 1557 751 1605; x_wconf 84' lang='lat' dir='ltr'><strong>motus,</strong></span> <span class='ocrx_word' id='word_1_179' title='bbox 788 1557 944 1595; x_wconf 89' lang='lat' dir='ltr'><strong>nullum</strong></span> <span class='ocrx_word' id='word_1_180' title='bbox 974 1558 1154 1608; x_wconf 87' lang='lat' dir='ltr'><strong>profecto</strong></span> <span class='ocrx_word' id='word_1_181' title='bbox 1193 1558 1399 1597; x_wconf 91' lang='lat' dir='ltr'><strong>meliorem</strong></span> <span class='ocrx_word' id='word_1_182' title='bbox 1429 1557 1540 1596; x_wconf 90' lang='lat' dir='ltr'><strong>beni-</strong></span> 
     </span>
     <span class='ocr_line' id='line_1_26' title="bbox 175 1614 1539 1670; baseline 0.002 -17"><span class='ocrx_word' id='word_1_183' title='bbox 175 1614 352 1653; x_wconf 86' lang='lat' dir='ltr'><strong>volentia</strong></span> <span class='ocrx_word' id='word_1_184' title='bbox 388 1615 531 1654; x_wconf 85' lang='lat' dir='ltr'><strong>tribuit</strong></span> <span class='ocrx_word' id='word_1_185' title='bbox 569 1615 780 1655; x_wconf 87' lang='lat' dir='ltr'><strong>adfectum.</strong></span> <span class='ocrx_word' id='word_1_186' title='bbox 846 1617 942 1667; x_wconf 89' lang='lat' dir='ltr'><strong>quid</strong></span> <span class='ocrx_word' id='word_1_187' title='bbox 979 1619 1085 1657; x_wconf 91' lang='lat' dir='ltr'><strong>enim</strong></span> <span class='ocrx_word' id='word_1_188' title='bbox 1122 1618 1227 1658; x_wconf 88' lang='lat' dir='ltr'><strong>foret</strong></span> <span class='ocrx_word' id='word_1_189' title='bbox 1263 1618 1438 1658; x_wconf 84' lang='lat' dir='ltr'><strong>humano</strong></span> <span class='ocrx_word' id='word_1_190' title='bbox 1472 1631 1539 1670; x_wconf 88' lang='lat' dir='ltr'><strong>ge-</strong></span> 
     </span>
     <span class='ocr_line' id='line_1_27' title="bbox 175 1675 1595 1728; baseline 0.004 -16"><span class='ocrx_word' id='word_1_191' title='bbox 175 1687 268 1713; x_wconf 90' lang='lat' dir='ltr'><strong>nere</strong></span> <span class='ocrx_word' id='word_1_192' title='bbox 304 1675 477 1724; x_wconf 81' lang='lat' dir='ltr'><strong>felicius‚</strong></span> <span class='ocrx_word' id='word_1_193' title='bbox 521 1676 556 1714; x_wconf 89' lang='lat' dir='ltr'><strong>si</strong></span> <span class='ocrx_word' id='word_1_194' title='bbox 593 1688 727 1715; x_wconf 91' lang='lat' dir='ltr'><strong>omnes</strong></span> <span class='ocrx_word' id='word_1_195' title='bbox 766 1689 849 1716; x_wconf 87' lang='lat' dir='ltr'><strong>esse</strong></span> <span class='ocrx_word' id='word_1_196' title='bbox 889 1680 1052 1728; x_wconf 89' lang='lat' dir='ltr'><strong>possent</strong></span> <span class='ocrx_word' id='word_1_197' title='bbox 1092 1677 1238 1718; x_wconf 79' lang='lat' dir='ltr'><strong>amici?</strong></span> <span class='ocrx_word' id='word_1_198' title='bbox 1299 1692 1381 1718; x_wconf 90' lang='lat' dir='ltr'><strong>non</strong></span> <span class='ocrx_word' id='word_1_199' title='bbox 1419 1679 1539 1728; x_wconf 74' lang='lat' dir='ltr'><strong>bella,</strong></span> <span class='ocrx_word' id='word_1_200' title='bbox 1558 1692 1595 1720; x_wconf 80' lang='lat'><strong>25</strong></span> 
     </span>
     <span class='ocr_line' id='line_1_28' title="bbox 176 1735 1539 1789; baseline 0.004 -16"><span class='ocrx_word' id='word_1_201' title='bbox 176 1735 399 1785; x_wconf 82' lang='lat' dir='ltr'><strong>seditiones,</strong></span> <span class='ocrx_word' id='word_1_202' title='bbox 430 1736 653 1786; x_wconf 87' lang='lat' dir='ltr'><strong>latrocinia,</strong></span> <span class='ocrx_word' id='word_1_203' title='bbox 684 1737 774 1776; x_wconf 89' lang='lat' dir='ltr'><strong>lites</strong></span> <span class='ocrx_word' id='word_1_204' title='bbox 801 1739 1010 1788; x_wconf 87' lang='lat' dir='ltr'><strong>ceteraque</strong></span> <span class='ocrx_word' id='word_1_205' title='bbox 1041 1740 1149 1778; x_wconf 89' lang='lat' dir='ltr'><strong>mala</strong></span> <span class='ocrx_word' id='word_1_206' title='bbox 1179 1751 1281 1789; x_wconf 86' lang='lat' dir='ltr'><strong>quae</strong></span> <span class='ocrx_word' id='word_1_207' title='bbox 1312 1738 1539 1778; x_wconf 88' lang='lat' dir='ltr'><strong>hominibus</strong></span> 
     </span>
     <span class='ocr_line' id='line_1_29' title="bbox 176 1796 1539 1850; baseline 0.004 -17"><span class='ocrx_word' id='word_1_208' title='bbox 176 1807 222 1833; x_wconf 87' lang='lat' dir='ltr'><strong>ex</strong></span> <span class='ocrx_word' id='word_1_209' title='bbox 254 1806 294 1833; x_wconf 91' lang='lat' dir='ltr'><strong>se</strong></span> <span class='ocrx_word' id='word_1_210' title='bbox 325 1796 423 1845; x_wconf 88' lang='lat' dir='ltr'><strong>ipsis</strong></span> <span class='ocrx_word' id='word_1_211' title='bbox 454 1799 551 1834; x_wconf 89' lang='lat' dir='ltr'><strong>nata</strong></span> <span class='ocrx_word' id='word_1_212' title='bbox 583 1798 693 1846; x_wconf 89' lang='lat' dir='ltr'><strong>sunt,</strong></span> <span class='ocrx_word' id='word_1_213' title='bbox 730 1798 914 1838; x_wconf 81' lang='lat' dir='ltr'><strong>fortunae</strong></span> <span class='ocrx_word' id='word_1_214' title='bbox 949 1800 1216 1839; x_wconf 88' lang='lat' dir='ltr'><strong>accessissent.</strong></span> <span class='ocrx_word' id='word_1_215' title='bbox 1279 1799 1321 1838; x_wconf 92' lang='lat' dir='ltr'><strong>id</strong></span> <span class='ocrx_word' id='word_1_216' title='bbox 1353 1800 1449 1850; x_wconf 90' lang='lat' dir='ltr'><strong>quia</strong></span> <span class='ocrx_word' id='word_1_217' title='bbox 1479 1800 1539 1838; x_wconf 91' lang='lat' dir='ltr'><strong>ni-</strong></span> 
     </span>
     <span class='ocr_line' id='line_1_30' title="bbox 175 1854 1539 1909; baseline 0.004 -16"><span class='ocrx_word' id='word_1_218' title='bbox 175 1854 300 1893; x_wconf 90' lang='lat' dir='ltr'><strong>mium</strong></span> <span class='ocrx_word' id='word_1_219' title='bbox 327 1856 398 1894; x_wconf 93' lang='lat' dir='ltr'><strong>deo</strong></span> <span class='ocrx_word' id='word_1_220' title='bbox 424 1856 554 1895; x_wconf 85' lang='lat' dir='ltr'><strong>visum</strong></span> <span class='ocrx_word' id='word_1_221' title='bbox 580 1859 650 1906; x_wconf 89' lang='lat' dir='ltr'><strong>est,</strong></span> <span class='ocrx_word' id='word_1_222' title='bbox 683 1859 726 1895; x_wconf 89' lang='lat' dir='ltr'><strong>at</strong></span> <span class='ocrx_word' id='word_1_223' title='bbox 751 1860 855 1897; x_wconf 88' lang='lat' dir='ltr'><strong>certe</strong></span> <span class='ocrx_word' id='word_1_224' title='bbox 886 1859 1064 1899; x_wconf 87' lang='lat' dir='ltr'><strong>honestis</strong></span> <span class='ocrx_word' id='word_1_225' title='bbox 1092 1860 1301 1899; x_wconf 87' lang='lat' dir='ltr'><strong>convenire</strong></span> <span class='ocrx_word' id='word_1_226' title='bbox 1326 1859 1539 1909; x_wconf 83' lang='lat' dir='ltr'><strong>mentibus,</strong></span> 
     </span>
     <span class='ocr_line' id='line_1_31' title="bbox 173 1914 1539 1971; baseline 0.005 -18"><span class='ocrx_word' id='word_1_227' title='bbox 173 1914 292 1954; x_wconf 91' lang='lat' dir='ltr'><strong>fidem</strong></span> <span class='ocrx_word' id='word_1_228' title='bbox 324 1917 467 1966; x_wconf 89' lang='lat' dir='ltr'><strong>colere,</strong></span> <span class='ocrx_word' id='word_1_229' title='bbox 506 1917 651 1955; x_wconf 87' lang='lat' dir='ltr'><strong>amoris</strong></span> <span class='ocrx_word' id='word_1_230' title='bbox 684 1919 857 1969; x_wconf 86' lang='lat' dir='ltr'><strong>gratiam</strong></span> <span class='ocrx_word' id='word_1_231' title='bbox 887 1919 1034 1959; x_wconf 88' lang='lat' dir='ltr'><strong>referre</strong></span> <span class='ocrx_word' id='word_1_232' title='bbox 1066 1920 1249 1960; x_wconf 90' lang='lat' dir='ltr'><strong>omnibus</strong></span> <span class='ocrx_word' id='word_1_233' title='bbox 1280 1920 1539 1971; x_wconf 76' lang='lat' dir='ltr'><strong>temporibus,</strong></span> 
     </span>
     <span class='ocr_line' id='line_1_32' title="bbox 174 1975 1597 2031; baseline 0.005 -18"><span class='ocrx_word' id='word_1_234' title='bbox 174 1975 357 2014; x_wconf 88' lang='lat' dir='ltr'><strong>omnibus</strong></span> <span class='ocrx_word' id='word_1_235' title='bbox 383 1976 567 2027; x_wconf 86' lang='lat' dir='ltr'><strong>gentibus</strong></span> <span class='ocrx_word' id='word_1_236' title='bbox 592 1978 851 2028; x_wconf 88' lang='lat' dir='ltr'><strong>praecipuum</strong></span> <span class='ocrx_word' id='word_1_237' title='bbox 877 1982 917 2018; x_wconf 88' lang='lat' dir='ltr'><strong>et</strong></span> <span class='ocrx_word' id='word_1_238' title='bbox 939 1980 1233 2030; x_wconf 88' lang='lat' dir='ltr'><strong>quodammodo</strong></span> <span class='ocrx_word' id='word_1_239' title='bbox 1261 1993 1419 2020; x_wconf 87' lang='lat' dir='ltr'><strong>sacrum</strong></span> <span class='ocrx_word' id='word_1_240' title='bbox 1443 1980 1540 2031; x_wconf 77' lang='lat' dir='ltr'><strong>fuit3</strong></span> <span class='ocrx_word' id='word_1_241' title='bbox 1559 1994 1597 2022; x_wconf 73' lang='lat'><strong>³0</strong></span> 
     </span>
    </p>
   </div>
   <div class='ocr_carea' id='block_1_4' title="bbox 173 2103 1540 2355">
    <p class='ocr_par' dir='ltr' id='par_1_4' title="bbox 173 2103 1540 2355">
     <span class='ocr_line' id='line_1_33' title="bbox 270 2103 1540 2158; baseline 0.006 -10"><span class='ocrx_word' id='word_1_242' title='bbox 270 2117 291 2148; x_wconf 86' lang='lat'>3</span> <span class='ocrx_word' id='word_1_243' title='bbox 318 2103 608 2158; x_wconf 73' lang='lat' dir='ltr'><strong>quod¹¹1¹1efarias</strong></span> <span class='ocrx_word' id='word_1_244' title='bbox 633 2122 670 2151; x_wconf 99' lang='grc' dir='ltr'><em>Β</em></span> <span class='ocrx_word' id='word_1_245' title='bbox 771 2120 792 2151; x_wconf 88' lang='grc'>4</span> <span class='ocrx_word' id='word_1_246' title='bbox 818 2118 902 2153; x_wconf 89' lang='lat' dir='ltr'><strong>veni</strong></span> <span class='ocrx_word' id='word_1_247' title='bbox 927 2125 959 2153; x_wconf 82' lang='lat' dir='ltr'><em>J</em></span> <span class='ocrx_word' id='word_1_248' title='bbox 1064 2123 1083 2155; x_wconf 85' lang='grc'>7</span> <span class='ocrx_word' id='word_1_249' title='bbox 1108 2120 1314 2155; x_wconf 86' lang='lat' dir='ltr'><strong>retentum:</strong></span> <span class='ocrx_word' id='word_1_250' title='bbox 1341 2120 1359 2155; x_wconf 88' lang='lat' dir='ltr'><strong>t</strong></span> <span class='ocrx_word' id='word_1_251' title='bbox 1383 2120 1540 2156; x_wconf 79' lang='lat' dir='ltr'><strong>alterum</strong></span> 
     </span>
     <span class='ocr_line' id='line_1_34' title="bbox 173 2162 1539 2213; baseline 0.004 -16"><span class='ocrx_word' id='word_1_252' title='bbox 173 2162 215 2197; x_wconf 75' lang='lat' dir='ltr'><strong>in</strong></span> <span class='ocrx_word' id='word_1_253' title='bbox 239 2174 311 2198; x_wconf 81' lang='lat' dir='ltr'><strong>ras.</strong></span> <span class='ocrx_word' id='word_1_254' title='bbox 334 2169 356 2196; x_wconf 70' lang='grc' dir='ltr'><strong><em>υ</em></strong></span> <span class='ocrx_word' id='word_1_255' title='bbox 431 2166 451 2197; x_wconf 85' lang='grc'><strong>9</strong></span> <span class='ocrx_word' id='word_1_256' title='bbox 479 2163 617 2199; x_wconf 89' lang='lat' dir='ltr'><strong>cotidie</strong></span> <span class='ocrx_word' id='word_1_257' title='bbox 643 2173 662 2206; x_wconf 78' lang='grc' dir='ltr'>β</span> <span class='ocrx_word' id='word_1_258' title='bbox 737 2168 778 2199; x_wconf 94' lang='grc'><strong>11</strong></span> <span class='ocrx_word' id='word_1_259' title='bbox 806 2167 955 2211; x_wconf 83' lang='lat' dir='ltr'><strong>portum</strong></span> <span class='ocrx_word' id='word_1_260' title='bbox 982 2176 1000 2210; x_wconf 78' lang='grc' dir='ltr'><strong><em>β</em></strong></span> <span class='ocrx_word' id='word_1_261' title='bbox 1074 2168 1209 2203; x_wconf 84' lang='lat' dir='ltr'><strong>adorta</strong></span> <span class='ocrx_word' id='word_1_262' title='bbox 1235 2175 1272 2204; x_wconf 66' lang='lat'><strong>5:</strong></span> <span class='ocrx_word' id='word_1_263' title='bbox 1300 2167 1485 2213; x_wconf 84' lang='lat' dir='ltr'><strong>adoptata</strong></span> <span class='ocrx_word' id='word_1_264' title='bbox 1509 2182 1539 2202; x_wconf 88' lang='grc' dir='ltr'><em>ω</em></span> 
     </span>
     <span class='ocr_line' id='line_1_35' title="bbox 175 2210 1538 2262; baseline 0.006 -18"><span class='ocrx_word' id='word_1_265' title='bbox 175 2213 220 2245; x_wconf 84' lang='grc'><strong>14</strong></span> <span class='ocrx_word' id='word_1_266' title='bbox 246 2210 443 2245; x_wconf 83' lang='lat' dir='ltr'><strong>enuntiare</strong></span> <span class='ocrx_word' id='word_1_267' title='bbox 469 2219 496 2245; x_wconf 71' lang='lat' dir='ltr'><strong>«f</strong></span> <span class='ocrx_word' id='word_1_268' title='bbox 590 2212 866 2249; x_wconf 87' lang='lat' dir='ltr'><strong>calamitatium</strong></span> <span class='ocrx_word' id='word_1_269' title='bbox 891 2221 946 2250; x_wconf 86' lang='lat' dir='ltr'><strong>M:</strong></span> <span class='ocrx_word' id='word_1_270' title='bbox 980 2215 1243 2252; x_wconf 72' lang='lat' dir='ltr'><strong>calamitatum</strong></span> <span class='ocrx_word' id='word_1_271' title='bbox 1266 2222 1304 2251; x_wconf 92' lang='grc' dir='ltr'><em>Β</em></span> <span class='ocrx_word' id='word_1_272' title='bbox 1328 2216 1355 2262; x_wconf 91' lang='lat' dir='ltr'><strong>(i</strong></span> <span class='ocrx_word' id='word_1_273' title='bbox 1378 2227 1480 2262; x_wconf 73' lang='lat' dir='ltr'><strong>swpr.</strong></span> <span class='ocrx_word' id='word_1_274' title='bbox 1502 2217 1538 2262; x_wconf 67' lang='grc' dir='ltr'><strong>ὁ)</strong></span> 
     </span>
     <span class='ocr_line' id='line_1_36' title="bbox 178 2262 1467 2309; baseline 0.005 -17"><span class='ocrx_word' id='word_1_275' title='bbox 178 2264 251 2301; x_wconf 63' lang='lat' dir='ltr'><strong>ved</strong></span> <span class='ocrx_word' id='word_1_276' title='bbox 323 2262 365 2293; x_wconf 81' lang='lat'><strong>17</strong></span> <span class='ocrx_word' id='word_1_277' title='bbox 392 2269 439 2294; x_wconf 91' lang='lat' dir='ltr'><strong>ne</strong></span> <span class='ocrx_word' id='word_1_278' title='bbox 465 2265 510 2304; x_wconf 84' lang='lat' dir='ltr'><strong>B;</strong></span> <span class='ocrx_word' id='word_1_279' title='bbox 536 2271 605 2295; x_wconf 91' lang='lat' dir='ltr'><strong>nec</strong></span> <span class='ocrx_word' id='word_1_280' title='bbox 632 2267 674 2295; x_wconf 79' lang='lat' dir='ltr'><em>M</em></span> <span class='ocrx_word' id='word_1_281' title='bbox 746 2265 789 2297; x_wconf 88' lang='lat'><strong>18</strong></span> <span class='ocrx_word' id='word_1_282' title='bbox 816 2263 1058 2309; x_wconf 83' lang='lat' dir='ltr'><strong>excogitarit:</strong></span> <span class='ocrx_word' id='word_1_283' title='bbox 1085 2264 1274 2301; x_wconf 74' lang='lat' dir='ltr'><strong>ialterum</strong></span> <span class='ocrx_word' id='word_1_284' title='bbox 1293 2265 1336 2300; x_wconf 76' lang='lat' dir='ltr'><strong>in</strong></span> <span class='ocrx_word' id='word_1_285' title='bbox 1353 2271 1467 2301; x_wconf 66' lang='lat' dir='ltr'><strong>raab</strong></span> 
     </span>
     <span class='ocr_line' id='line_1_37' title="bbox 173 2306 1540 2355; baseline 0.005 -14"><span class='ocrx_word' id='word_1_286' title='bbox 173 2306 275 2352; x_wconf 89' lang='lat' dir='ltr'><strong>quod</strong></span> <span class='ocrx_word' id='word_1_287' title='bbox 304 2307 386 2344; x_wconf 80' lang='lat' dir='ltr'><strong>Obr.</strong></span> <span class='ocrx_word' id='word_1_288' title='bbox 498 2311 543 2342; x_wconf 84' lang='lat'><strong>20</strong></span> <span class='ocrx_word' id='word_1_289' title='bbox 569 2310 733 2353; x_wconf 85' lang='lat' dir='ltr'><strong>praeter:</strong></span> <span class='ocrx_word' id='word_1_290' title='bbox 761 2310 860 2345; x_wconf 86' lang='lat' dir='ltr'><strong>inter</strong></span> <span class='ocrx_word' id='word_1_291' title='bbox 885 2320 904 2353; x_wconf 82' lang='grc' dir='ltr'><strong><em>β</em></strong></span> <span class='ocrx_word' id='word_1_292' title='bbox 1012 2312 1155 2348; x_wconf 84' lang='lat' dir='ltr'><strong>indidit</strong></span> <span class='ocrx_word' id='word_1_293' title='bbox 1180 2321 1199 2355; x_wconf 80' lang='grc' dir='ltr'><strong><em>β</em></strong></span> <span class='ocrx_word' id='word_1_294' title='bbox 1308 2315 1353 2347; x_wconf 83' lang='lat'><strong>23</strong></span> <span class='ocrx_word' id='word_1_295' title='bbox 1379 2313 1540 2348; x_wconf 89' lang='lat' dir='ltr'><strong>benevo-</strong></span> 
     </span>
    </p>
   </div>
   <div class='ocr_carea' id='block_1_5' title="bbox 171 2354 1543 2451">
    <p class='ocr_par' dir='ltr' id='par_1_5' title="bbox 171 2354 1543 2451">
     <span class='ocr_line' id='line_1_38' title="bbox 171 2354 1543 2408; baseline 0.004 -18"><span class='ocrx_word' id='word_1_296' title='bbox 171 2354 292 2390; x_wconf 86' lang='lat' dir='ltr'><strong>lentia</strong></span> <span class='ocrx_word' id='word_1_297' title='bbox 317 2361 385 2390; x_wconf 62' lang='lat' dir='ltr'><strong>Mo*</strong></span> <span class='ocrx_word' id='word_1_298' title='bbox 468 2359 513 2390; x_wconf 79' lang='lat'><strong>24</strong></span> <span class='ocrx_word' id='word_1_299' title='bbox 538 2367 675 2402; x_wconf 87' lang='lat' dir='ltr'><strong>genere</strong></span> <span class='ocrx_word' id='word_1_300' title='bbox 701 2369 767 2394; x_wconf 86' lang='lat' dir='ltr'><strong>om.</strong></span> <span class='ocrx_word' id='word_1_301' title='bbox 788 2364 834 2403; x_wconf 78' lang='lat' dir='ltr'><strong>B,</strong></span> <span class='ocrx_word' id='word_1_302' title='bbox 862 2360 945 2395; x_wconf 84' lang='lat' dir='ltr'><strong>add.</strong></span> <span class='ocrx_word' id='word_1_303' title='bbox 973 2362 1015 2396; x_wconf 75' lang='lat' dir='ltr'><strong>in</strong></span> <span class='ocrx_word' id='word_1_304' title='bbox 1043 2373 1156 2408; x_wconf 68' lang='lat' dir='ltr'><strong>marg.</strong></span> <span class='ocrx_word' id='word_1_305' title='bbox 1177 2368 1200 2395; x_wconf 70' lang='lat' dir='ltr'><strong><em>b</em></strong></span> <span class='ocrx_word' id='word_1_306' title='bbox 1286 2364 1332 2396; x_wconf 80' lang='lat'><strong>25</strong></span> <span class='ocrx_word' id='word_1_307' title='bbox 1358 2360 1479 2396; x_wconf 89' lang='lat' dir='ltr'><strong>omnis</strong></span> <span class='ocrx_word' id='word_1_308' title='bbox 1504 2366 1543 2396; x_wconf 83' lang='lat' dir='ltr'><em>B</em></span> 
     </span>
     <span class='ocr_line' id='line_1_39' title="bbox 173 2404 690 2451; baseline 0.004 -13"><span class='ocrx_word' id='word_1_309' title='bbox 173 2406 218 2438; x_wconf 83' lang='lat'><strong>28</strong></span> <span class='ocrx_word' id='word_1_310' title='bbox 249 2404 315 2439; x_wconf 89' lang='lat' dir='ltr'><strong>aut</strong></span> <span class='ocrx_word' id='word_1_311' title='bbox 340 2409 377 2438; x_wconf 91' lang='grc' dir='ltr'><em>Β</em></span> <span class='ocrx_word' id='word_1_312' title='bbox 401 2405 455 2450; x_wconf 87' lang='lat' dir='ltr'><strong>(at</strong></span> <span class='ocrx_word' id='word_1_313' title='bbox 478 2415 579 2450; x_wconf 75' lang='lat' dir='ltr'><strong>supr.</strong></span> <span class='ocrx_word' id='word_1_314' title='bbox 601 2406 636 2451; x_wconf 67' lang='grc' dir='ltr'><strong>ὀ)</strong></span> <span class='ocrx_word' id='word_1_315' title='bbox 662 2412 690 2439; x_wconf 82' lang='lat' dir='ltr'><strong><em>V</em></strong></span> 
     </span>
    </p>
   </div>
  </div>
 </body>
</html>
