1638 2560
553 90 873 130 DECLAMATIO
898 90 987 128 VIII
1006 95 1159 128 19—22.
1464 91 1551 136 165

173 210 335 249 tantum
377 209 585 261 languoris
630 207 831 247 medicum
876 207 1078 257 quaesisse
1128 204 1300 246 causas?
1351 207 1553 258 quaesivit

174 269 369 321 quicquid
399 269 604 309 nesciebat
635 271 676 308 et
706 280 802 307 usus
833 268 1042 307 occasione
1078 268 1286 307 rarissima
1315 268 1359 306 111
1394 280 1553 306 0111110111

174 330 309 371 voluit
329 329 521 382 proficere
546 331 781 369 novitatem.
833 328 891 367 dii
915 328 1163 377 inmortales,
1190 329 1388 378 quantum
1411 328 1554 367 infelix

173 391 331 430 iuvenis
370 392 546 440 animae,
584 391 782 441 quantum
822 390 1048 441 sanguinis,
1090 390 1287 439 quantum
1323 388 1469 428 habuit
1506 401 1553 428 ex

141 465 156 492 ⁵
175 453 265 492 vita
306 453 377 502 qui
418 452 591 502 pertulit
633 450 814 490 ordinem
860 450 1120 501 longissimae
1169 447 1417 489 curationis?
1484 450 1553 488 vix

176 524 296 564 aegre
337 513 483 552 misero
523 511 641 552 licuit
676 512 798 560 mori,
843 512 911 549 vix
948 523 973 549 a
1010 510 1253 549 cruciatibus
1294 509 1376 549 suis
1418 511 1554 549 anima

177 573 345 612 dimissa
369 574 441 612 est.
490 574 702 612 inventum
732 573 888 622 putatis
914 583 999 610 esse
1029 569 1295 623 languorem?
1343 572 1555 610 inventum

175 635 238 674 eet
266 633 385 672 illum
415 634 595 684 potuisse
628 634 774 672 sanari.
837 632 1011 683 agedum
1043 633 1268 671 commento
1298 633 1387 682 tuo,
1424 643 1554 681 senex,

176 694 370 745 superbus
397 694 544 743 exulta,
569 694 694 733 habes
721 692 829 744 quod
853 692 1004 742 liberis,
1037 692 1144 743 quod
1168 691 1418 743 parentibus,
1447 692 1556 742 quod

122 768 159 795 ιο
176 756 366 806 inputare
391 755 551 794 saeculo
569 756 711 805 possis,
731 754 864 793 fecisffi
888 753 1088 792 medicum
1106 753 1310 804 parricida
1334 753 1554 792 meliorem.

177 815 280 855 libet
314 815 562 855 mehercules
598 816 750 854 intueri
786 828 863 865 par
902 814 1015 852 illud.
1085 827 1252 866 aegrum
1295 813 1442 853 videtis
1484 814 1555 852 ho-

175 876 328 915 minem
359 877 520 926 qualem
557 889 638 915 non
670 876 867 915 salutares
898 875 1147 914 medentium
1178 887 1340 923 manus,
1378 886 1459 913 non
1492 887 1556 914 ars

177 937 344 976 inventa
380 949 453 987 pro
485 937 590 986 vita,
629 936 698 976 sed
735 936 815 974 diri
851 936 1030 975 ferarum
1072 935 1284 985 rabidique
1321 947 1477 974 morsus
1516 936 1558 974 et

178 997 416 1036 animalium
452 998 579 1037 fames
618 998 768 1036 satiata
807 996 1013 1045 destituit,
1054 996 1147 1034 hinc
1185 996 1312 1034 alium
1348 997 1393 1034 in
1430 1008 1556 1035 novas

123 1071 159 1098 15
177 1058 284 1098 vires
326 1071 543 1109 recensque
580 1057 705 1097 robur
746 1056 904 1096 reddito
941 1058 1082 1109 vigore
1126 1058 1368 1108 surgentem.
1431 1057 1556 1095 vultis

178 1120 291 1168 scire,
322 1119 487 1169 iudices,
518 1118 624 1158 unde
655 1118 812 1158 venerit
842 1120 960 1157 tanta
992 1115 1234 1157 diversitas?
1290 1117 1408 1155 inum
1439 1119 1558 1167 pater

178 1181 354 1229 curavit,
391 1180 498 1218 hunc
535 1181 677 1218 mater.
742 1175 985 1229 quantum’,
1023 1179 1176 1228 inquit,
1209 1174 1372 1217 ‘misera
1406 1178 1558 1228 pertuli

177 1240 374 1289 laborem,
412 1240 508 1279 dum
545 1242 631 1279 tam
668 1252 859 1291 magnam
899 1239 1014 1278 foveo
1054 1237 1297 1278 tristitiam?
1359 1251 1440 1277 non
1478 1238 1558 1277 fuit

177 1301 279 1339 mihi
314 1302 404 1340 rixa
447 1314 537 1340 cum
574 1301 724 1340 morbis
762 1313 834 1339 nec
873 1312 963 1339 cum
1006 1299 1271 1351 repugnantis
1311 1299 1558 1338 valetudinis

124 1375 159 1401 20
177 1363 311 1414 rigore
342 1363 559 1401 contentio.
610 1363 720 1401 totus
744 1362 789 1399 111
818 1360 1006 1400 lacrimas
1030 1372 1332 1410 maeroremque
1357 1360 1558 1399 resolutus

179 1422 321 1461 oderat
350 1422 494 1471 lucem,
518 1422 737 1473 respuebat
761 1421 882 1470 cibos,
913 1420 1150 1460 fastidiebat
1174 1421 1343 1460 haustus
1364 1422 1406 1460 et
1429 1421 1558 1459 vitam

178 1483 389 1533 parricidii
419 1483 571 1533 pudore
606 1482 801 1535 fugiebat.
863 1483 907 1520 in
939 1482 1048 1521 omni
1085 1481 1403 1532 proclamatione
1434 1482 1557 1533 gemi-

178 1545 304 1593 tuque
335 1543 479 1592 frater,
512 1544 581 1582 1110
608 1543 747 1582 diebus
773 1555 821 1582 ac
855 1543 1040 1582 noctibus
1073 1543 1350 1594 cogitationes,
1380 1541 1451 1580 ille
1475 1546 1559 1581 tor-

181 1604 331 1654 quebat
356 1601 518 1643 oculos?
571 1604 619 1643 de
647 1604 791 1654 quibus
822 1605 868 1642 tu
901 1605 1032 1656 aegris
1061 1604 1333 1653 impotissima
1357 1602 1558 1642 medicina

125 1677 160 1704 25
180 1665 354 1703 mentita
384 1663 453 1704 es‘?
515 1677 596 1704 non
633 1665 731 1714 fuit,
769 1676 851 1703 non
887 1665 968 1703 fuit
999 1665 1085 1704 solo
1123 1665 1318 1716 languore
1354 1664 1559 1714 periturus

181 1738 299 1775 quem
332 1737 413 1764 non
444 1727 582 1776 potuit
612 1738 684 1765 nec
709 1738 817 1765 mors
848 1725 988 1764 fratris
1014 1725 1204 1764 occidere.
1257 1720 1373 1775 tquid
1402 1720 1559 1776 igitur'‚

179 1786 315 1835 inquit
346 1787 573 1825 misenima
604 1787 858 1834 feminarum,
891 1781 1139 1825 ‘saevissime
1166 1798 1295 1834 3011οΧ,
1328 1798 1374 1824 ex
1399 1786 1475 1824 hae
1499 1797 1561 1824 re-

181 1846 415 1885 cordatione
452 1848 709 1886 tristissimae
747 1846 934 1886 orbitatis
968 1846 1019 1886 ad
1055 1847 1128 1886 hos
1160 1847 1298 1885 vultus
1336 1846 1560 1896 faciemque

181 1906 454 1946 converteris?
505 1908 590 1947 sine
622 1907 743 1946 dubio
775 1907 882 1947 filius
914 1908 975 1947 est
1006 1910 1047 1946 et
1077 1909 1171 1958 post
1203 1908 1462 1959 gravissimas
1495 1906 1561 1952 de-

127 1981 163 2008 30
181 1969 458 2008 nuntiationes
489 1968 670 2008 redditus
704 1965 838 2007 vitae?

273 2028 353 2068 Sed
388 2030 575 2081 ignoscat
611 2031 776 2078 natura,
812 2030 962 2080 pietas,
1000 2041 1081 2068 non
1114 2030 1175 2068 est
1206 2029 1401 2068 solacium
1438 2028 1562 2067 matri
1581 2025 1633 2062 22

279 2184 301 2216 5
334 2181 558 2216 curationis:
585 2180 741 2216 -ationi-
766 2182 810 2217 in
834 2193 907 2217 ras.
928 2186 966 2215 Β
1087 2184 1107 2215 6
1141 2181 1236 2216 suis:
1264 2181 1339 2216 -ui-
1365 2182 1407 2216 in
1431 2191 1506 2216 ras.
1527 2185 1565 2214 Β

183 2232 204 2264 9
231 2228 474 2276 superexalta
499 2234 579 2264 ΒΜ
679 2229 798 2274 quod:
826 2229 893 2276 qui
920 2235 956 2263 Ρ
1055 2228 1164 2265 libris
1191 2236 1228 2264 P
1337 2233 1379 2264 11
1413 2229 1562 2274 partem

183 2276 275 2313 illuc
305 2284 333 2312 V
439 2281 483 2313 13
514 2277 716 2323 rapidique
741 2284 773 2313 J
884 2281 926 2313 17
960 2277 1128 2325 pertuli}
1152 2284 1190 2313 Β
1298 2281 1341 2313 19
1374 2286 1563 2322 repugna·

182 2349 233 2385 fis
260 2356 298 2385 P
392 2349 617 2386 valitudinis
649 2356 677 2384 V
795 2354 840 2386 22
866 2338 1009 2396 deore
1034 2356 1071 2385 Β
1188 2354 1233 2385 23
1258 2349 1510 2395 torquebatur
1534 2354 1568 2382 J

184 2402 230 2433 24
255 2398 576 2445 impotentissima
602 2407 630 2433 «r
