1638 2560
196 128 249 171 18
483 132 501 150 ο
641 120 814 158 PARIES
839 117 1102 155 PALMATVS

193 255 303 294 rogo,
335 240 439 291 quod
465 240 561 279 duos
592 239 752 288 separat
775 235 908 274 media
941 234 1072 283 domo,
1101 233 1143 271 te
1174 231 1375 283 integram
1403 242 1555 279 sanam,

194 303 308 341 illum
344 301 541 340 infelicem
578 311 737 338 caecum
773 295 1038 349 contumeliae
1074 293 1346 345 opportunum
1381 289 1555 330 iniuriae

194 363 369 411 facilem,
408 363 542 399 utrum
578 359 660 398 filio
700 358 900 397 irascatur
937 368 989 394 an
1025 353 1170 394 uxori?
1226 348 1367 402 ‘nolo',
1408 349 1555 402 inquit,

198 421 384 471 ‘iuvenis‚
421 422 546 459 utaris
585 431 752 458 amoena
789 418 931 456 domus
968 417 1102 467 parte,
1140 428 1191 453 ne
1223 415 1279 452 sic
1317 425 1420 463 quae
1457 411 1554 451 niti-

196 483 370 522 dioribus
400 482 515 520 tectis
548 480 754 519 elaborata
785 479 890 527 sunt,
923 477 1154 528 pertineam,
1185 473 1237 514 ad
1268 473 1404 513 oculos
1433 468 1554 512 tuos?
1593 482 1611 510 5

197 543 284 593 quis
315 544 399 581 tam
437 542 557 580 stulte
593 539 779 579 irascitur
810 550 944 587 caeco,
981 538 1028 575 ut
1057 537 1174 587 putet
1203 534 1313 574 illius
1350 534 1556 583 interesse,

195 603 263 641 ubi
292 602 472 641 habitare
502 599 714 640 iubeatur?
776 601 816 638 te
848 600 983 650 potius
1014 598 1084 635 ille
1117 596 1351 645 summovit,
1381 595 1464 634 tuis
1495 593 1556 632 in-

194 663 343 702 vidiam
374 663 469 701 fecit
499 662 616 712 odiis,
654 660 730 699 tibi
762 659 877 698 dicit:
915 655 1123 707 ‘sufficiat‚
1161 657 1261 696 satis
1293 657 1372 707 est,
1407 655 1556 695 habeas

194 725 382 762 maiorem
414 723 550 761 domus
582 724 746 773 partem.
810 719 1012 758 absentem
1044 719 1147 769 puta
1177 717 1380 766 miserum,
1410 717 1455 755 in
1484 727 1556 766 pa-

194 784 316 823 ternis
349 783 503 822 sedibus
529 783 704 833 aliquem
731 780 924 832 angulum
947 775 1157 829 relinque.'
1207 779 1338 829 pater,
1369 777 1440 828 qui
1470 775 1555 816 filio
1576 787 1613 814 ιο

196 844 267 882 sub
298 856 467 883 noverca
505 843 689 894 adsignat
726 842 919 881 secretam
957 840 1098 879 domus
1129 840 1305 890 partem,
1342 836 1558 877 confitetur

195 904 308 942 uxori
339 916 378 943 se
411 904 593 943 abdicare
624 916 704 941 non
734 914 860 953 posse.

285 964 445 1003 Transit
475 964 526 1002 ad
557 963 667 1002 aliud
692 975 815 1014 genus
841 961 1099 1000 defensionis:
1131 960 1208 999 sibi
1234 971 1398 999 causam
1423 957 1557 998 caedis

196 1037 276 1063 non
306 1024 443 1073 fuisse,
475 1037 561 1062 cum
593 1024 657 1062 hic
687 1023 800 1062 heres
830 1023 1017 1062 inventus
1055 1022 1109 1060 sit
1140 1020 1319 1060 omnium
1348 1019 1556 1060 bonorum.

198 1085 285 1134 quis
318 1084 422 1122 enim
453 1084 554 1123 alius
587 1096 668 1123 esse
701 1083 859 1132 debeat,
897 1084 943 1121 ut
972 1082 1066 1121 huic
1102 1080 1400 1132 properandum
1433 1079 1558 1120 fuerit
1577 1090 1614 1119 15

199 1145 248 1182 ad
285 1143 572 1183 hereditatem?
631 1144 736 1183 filius
779 1144 950 1194 scriptus
994 1156 1074 1181 non
1111 1143 1228 1181 timet
1263 1141 1558 1193 paenitentiam

197 1206 436 1243 testamenti.
487 1206 661 1243 omnium
685 1204 879 1243 bonorum
910 1204 1022 1242 heres
1051 1203 1213 1242 relictus
1240 1204 1311 1242 est.
1355 1215 1437 1241 non
1462 1213 1557 1253 ergo

198 1264 440 1303 irascebatur
464 1267 590 1315 pater⁷
621 1278 709 1304 cum
735 1265 849 1303 daret
874 1266 1066 1303 secretam
1091 1264 1231 1303 domus
1256 1264 1426 1314 partem.
1475 1274 1558 1301 non

197 1327 363 1374 possunt
398 1325 482 1363 tibi.
505 1325 659 1364 diversa
684 1325 887 1375 prodesse3
926 1324 1063 1363 eadem
1095 1324 1268 1363 obiceres
1300 1336 1388 1374 reo,
1425 1323 1460 1362 si
1492 1335 1556 1362 ex-

198 1385 405 1424 heredatus
437 1387 551 1424 esset.
615 1386 715 1437 elige
746 1387 883 1424 utrum
913 1385 1033 1425 voles.
1085 1386 1119 1423 si
1150 1385 1268 1424 scivit
1299 1397 1341 1424 se
1374 1396 1459 1424 esse
1489 1384 1556 1423 he·
1577 1396 1615 1423 πο

197 1445 346 1495 redem‚
388 1458 519 1484 amare
555 1447 710 1496 patrem
753 1445 908 1495 debuit3
952 1446 986 1484 si
1029 1446 1250 1496 ignoravit,
1293 1458 1374 1484 non
1414 1443 1558 1483 habuit

201 1505 306 1553 quod
337 1507 513 1554 speraret
544 1519 590 1544 ex
619 1507 746 1556 patris
777 1507 916 1545 morte.
976 1507 1177 1556 reliquum
1209 1507 1288 1556 est,
1323 1507 1370 1544 ut
1401 1505 1559 1545 intuea-

199 1577 305 1613 mur,
340 1565 409 1602 ille
447 1567 517 1614 qui
552 1567 688 1615 periit,
725 1566 773 1605 ab
804 1569 894 1605 utro
925 1567 1054 1618 magis
1085 1569 1267 1607 vestrum
1299 1565 1558 1606 desideretur.

130 1627 177 1663 17
291 1624 345 1662 Te
382 1625 522 1674 opinor
557 1626 621 1664 hic
658 1627 819 1678 gravius
858 1627 982 1666 afficit
1020 1627 1149 1677 dolor,
1188 1627 1455 1678 inpatientius
1491 1627 1558 1666 hie

200 1684 333 1722 luctus
365 1686 579 1735 exanimat,
611 1688 650 1724 te
683 1699 782 1736 quae
814 1687 992 1726 obsoleta
1020 1689 1204 1738 protinus
1236 1687 1353 1737 nube,
1385 1689 1426 1727 et
1455 1689 1558 1727 tem·
1577 1697 1615 1727 25

298 1790 314 1820 1
343 1787 458 1831 quod:
486 1788 551 1832 qui
575 1795 612 1823 P
701 1800 723 1824 a
747 1790 874 1825 media
898 1796 924 1824 S
1013 1791 1051 1826 te
1077 1802 1144 1827 om.
1165 1797 1209 1827 M
1302 1794 1322 1826 2
1355 1789 1464 1827 illam
1490 1799 1559 1834 αβγ

202 1837 221 1868 3
248 1835 389 1869 uttrum
408 1836 460 1870 vel
479 1836 618 1871 utirum
638 1837 696 1883 (cf.
719 1838 740 1874 l.
760 1840 823 1884 20)
844 1845 873 1873 V
939 1839 1138 1875 irascatur:
1166 1841 1343 1885 separata
1361 1854 1384 1874 e
1463 1842 1486 1874 4
1509 1849 1558 1874 ne

202 1906 255 1940 sic
275 1917 372 1951 quae
391 1907 512 1943 Desa:
539 1908 733 1953 nescisque
756 1886 945 1955 (nescigue
957 1918 1003 1956 Β,
1022 1888 1199 1957 ῃθεοίῗῃιθ
1224 1913 1266 1959 V)
1287 1926 1335 1958 ω;
1354 1923 1404 1948 ne
1421 1910 1517 1948 haec
1537 1919 1560 1946 ς·

202 1958 222 1988 5
251 1965 326 1989 non
351 1955 565 2009 pertine-ant
589 1962 644 2000 M3
676 1967 749 1992 non
774 1958 964 2002 pertinent
995 1960 1092 2005 Sch.;
1126 1960 1234 2009 (an)
1258 1960 1480 2007 pertineant
1504 1960 1558 1996 H.

194 2014 234 2047 p.
257 2005 303 2037 54
395 2006 414 2037 7
442 2003 586 2039 abltare
610 2010 647 2038 Β
736 2007 756 2039 8
782 2005 921 2042 habeas
946 2014 1038 2052 BM3
1063 2008 1179 2044 habes
1205 2010 1340 2054 reliqui
1425 2011 1446 2044 9
1471 2018 1560 2055 par-

200 2052 277 2085 tem
309 2049 440 2085 domus
471 2061 491 2094 β
588 2051 741 2088 absente
765 2060 803 2088 Β
895 2058 934 2098 in
959 2057 1053 2101 puta
1078 2063 1121 2091 M
1225 2057 1403 2093 miseram
1427 2063 1466 2093 P

202 2101 246 2132 10
274 2098 442 2135 sedibus:
474 2099 607 2134 edibus
633 2109 652 2142 β
736 2101 817 2146 qui:
857 2103 940 2147 quis
965 2110 1035 2138 BV
1103 2108 1146 2140 11
1173 2117 1374 2142 novercam
1397 2111 1469 2141 BV

201 2170 395 2216 adsignat:
423 2171 639 2217 adsignavit
663 2178 711 2217 1⁸3
742 2173 892 2220 asignat
916 2181 943 2209 S
1034 2180 1076 2212 15
1102 2153 1178 2213 liiic
1202 2184 1240 2212 Β
1324 2182 1369 2214 16
1395 2177 1562 2214 eredita-

199 2243 276 2277 tem
302 2249 339 2277 Β
420 2235 655 2288 paenitentia
681 2246 693 2290 (
713 2247 719 2253 '
736 2247 863 2290 posuit
881 2248 917 2293 b)
936 2254 973 2282 Β
1063 2253 1106 2285 18
1131 2237 1344 2286 irasssbatur
1362 2257 1401 2286 Β
1482 2260 1559 2286 non

199 2326 266 2351 om.
288 2320 331 2349 M
426 2318 469 2350 19
494 2303 652 2360 pddesse
671 2322 707 2350 Β
802 2321 846 2351 20
871 2318 1072 2356 heredatus
1098 2328 1153 2365 Μ,
1180 2334 1270 2359 corr.
1291 2337 1334 2358 m
1413 2324 1559 2359 utrum:

199 2364 339 2405 utirum
365 2369 394 2397 V
461 2363 510 2398 si:
538 2363 644 2418 sis-B
715 2368 756 2398 21
784 2366 934 2411 {amare
954 2374 996 2402 M
1065 2373 1109 2404 23
1137 2370 1251 2407 abuto
1272 2373 1363 2418 M(1.·
1380 2383 1482 2417 supr.
1503 2373 1559 2418 m)

200 2415 245 2446 24
289 2421 457 2457 gravius:
502 2422 626 2457 gravis
663 2418 731 2446 BV
835 2418 878 2448 25
916 2417 1026 2461 teque
1065 2418 1235 2455 absoleta
1273 2434 1303 2455 ω
1337 2424 1485 2465 praeter
1521 2425 1561 2465 S,
