1638 2560
33 0 70 21 ᾧ
85 0 150 24 'ff-'⁴'
169 0 198 13 ²⁵
210 0 261 23 '¹3³⁷‘

0 0 74 75 {J
119 23 126 29 ³
143 25 147 27 ⁴
208 43 228 66 ξ»

485 86 805 125 DECLAMATIO
830 86 883 122 XI
901 89 1032 122 8—10.
1362 85 1451 129 215

8 219 14 221 ”
73 204 189 255 mico,
217 203 298 246 nisi
326 204 486 244 vixeris.
547 215 621 242 nec
651 215 803 251 vereor,
833 201 1004 251 iudices,
1035 214 1085 240 ne
1117 201 1269 252 putetis
1300 202 1452 240 utrius-

73 278 151 316 que
192 266 375 311 nostrum
418 263 636 303 orbitatem
680 262 804 303 simili
846 275 931 302 esse
975 262 1132 301 rafione
1182 262 1448 301 tractandam.

71 325 337 366 admoventur
378 337 429 364 en
473 337 562 364 ecce
609 325 748 363 contra
798 324 987 362 lacrimas
1029 335 1139 362 meas
1188 322 1307 362 liberi
1349 336 1450 373 quos

70 399 189 426 nemo
223 388 371 426 nosset.
433 386 562 436 patris
598 385 822 424 innocentis
860 384 980 423 occisi
1019 384 1114 423 sunt
1150 383 1312 435 parvuli
1349 397 1450 434 quos

34 459 52 488 5
70 459 178 486 nunc
207 447 315 487 circa
343 446 499 497 templa
529 445 702 494 ferretis,
733 446 840 484 circa
866 457 965 495 quos
997 457 1038 484 se
1070 444 1291 483 celebraret
1314 446 1451 484 vestra

70 508 241 548 laetitia.
302 506 459 547 facinus
496 508 575 556 est,
609 506 778 555 iudices,
809 506 1005 544 minorem
1037 516 1121 544 esse
1151 506 1451 544 transactarum

68 568 261 608 morinum
291 567 601 607 miserationem.
652 579 732 605 non
757 566 920 605 invenio
946 565 1285 616 quemadmodum
1313 566 1450 606 liberis

69 628 257 680 prodesse
282 627 426 668 debeat
450 627 587 667 odium
618 627 758 678 patris.
809 627 1015 678 perierunt
1040 626 1165 666 etiam
1188 627 1251 665 ilh'
1277 640 1449 677 quorum

68 701 143 728 nec
172 691 291 741 pater
321 688 492 728 debebat
523 688 661 727 occidi.
723 701 787 726 me
819 689 1026 737 miserum,
1060 687 1168 737 quod
1199 688 1257 727 sic
1290 700 1449 738 quoque

13 762 52 790 ιο
68 749 199 789 multa
234 749 446 789 habiturus
484 761 525 788 es
558 749 703 799 quibus
742 761 815 800 ego
849 750 919 798 qui
950 747 1196 797 vindicabor,
1233 748 1448 787 invideam.

69 810 312 850 osculaberis
357 812 450 849 ante
494 811 713 861 perituros,
758 809 994 859 alloqueris,
1045 809 1215 859 accipies
1260 822 1449 860 suprema

67 870 262 911 mandata
293 873 335 910 et
363 872 605 910 moriturum
635 872 677 909 te
708 870 899 908 continuo
931 870 1155 920 promittes.
1215 869 1448 909 exonerabis

67 932 242 983 gemitus
271 933 382 980 tuos,
419 943 511 970 cum
541 943 723 970 meorum
754 931 939 981 sepulcra
976 929 1217 969 numerabis.
1280 930 1449 970 siccabit

67 992 218 1042 oculos,
249 991 356 1043 quod
381 1004 513 1030 meam
543 1004 650 1031 nunc
676 1004 835 1042 quoque
860 991 1049 1042 respicies
1075 1004 1246 1030 vacuam
1272 991 1446 1030 domum.

13 1065 49 1092 ιε
67 1065 132 1092 me
161 1052 371 1092 miserum!
403 1052 593 1103 pauperis
623 1054 784 1091 tantum
810 1052 1004 1091 solacium
1035 1053 1218 1090 futurum
1250 1054 1311 1091 est
1340 1052 1448 1102 quod
1469 1051 1522 1089 10

67 1125 183 1164 pares
226 1125 374 1152 sumus.
439 1111 564 1164 quid?
608 1113 716 1163 quod
757 1114 802 1151 in
845 1113 934 1163 ipsa
979 1113 1266 1163 conparatione
1304 1114 1447 1152 mortis

66 1186 147 1213 non
183 1173 292 1213 idem
329 1174 539 1225 patientur
575 1173 695 1212 liberi
732 1171 821 1213 tui?
884 1173 1116 1212 occidentur
1147 1186 1226 1212 uno
1262 1174 1446 1213 fortassis

66 1234 169 1285 ictu,
207 1236 248 1273 et
285 1236 363 1274 erit
399 1234 501 1273 ultio
539 1234 726 1274 manibus
759 1236 948 1273 contenta
983 1233 1192 1273 carnificis.
1255 1235 1446 1285 parvulos

65 1307 175 1334 meos
212 1295 360 1335 occidit
397 1295 588 1345 quicquid
628 1295 708 1334 fuit
746 1297 835 1334 tota
877 1295 1042 1334 civitate
1082 1295 1274 1344 telorum,
1316 1296 1446 1334 omnis

11 1368 48 1395 ὀ
66 1368 202 1406 serus,
239 1356 368 1395 omnis
401 1358 528 1404 aetas,
567 1357 697 1394 omnis
728 1355 955 1394 infirmitas.
1017 1356 1120 1394 nihil
1152 1357 1213 1394 est
1245 1355 1445 1395 crudelius

65 1418 195 1455 morte
224 1416 434 1455 hominum
466 1429 565 1466 quos
598 1417 771 1467 populus
804 1416 967 1465 occidit,
1006 1418 1047 1455 et
1078 1416 1186 1455 solus
1218 1416 1283 1456 hic
1314 1417 1445 1456 exitus

66 1478 140 1526 est,
171 1489 196 1515 a
228 1489 308 1527 quo
339 1490 420 1516 non
452 1479 513 1516 est
543 1490 616 1516 nec
648 1477 910 1516 cadaveribus
942 1477 1057 1516 salva
1082 1477 1319 1515 reverentia.
1370 1477 1446 1516 hoc

65 1550 129 1576 me
159 1550 268 1577 nunc
294 1538 528 1589 conplorare
559 1539 721 1576 tantum
754 1538 908 1589 putatis
935 1537 1042 1588 quod
1073 1551 1154 1576 non
1186 1551 1275 1577 sum
1306 1537 1444 1578 liberis

65 1597 164 1637 meis
196 1599 290 1637 ante
322 1597 522 1637 satiatus?
584 1599 706 1637 miser
737 1611 829 1650 ego,
867 1611 939 1638 nec
971 1597 1023 1636 ad
1055 1598 1253 1637 cadavera
1283 1599 1444 1649 accessi,

10 1671 46 1698 25
65 1671 146 1697 non
170 1658 214 1697 in
245 1659 429 1710 sepulcra
460 1659 658 1697 maiorum
690 1661 789 1698 meis
821 1659 1007 1697 manibus
1041 1659 1180 1709 intuli,
1218 1672 1291 1698 nec
1328 1660 1445 1699 licuit

65 1731 186 1770 super
214 1720 306 1769 ipsa
336 1732 505 1770 corpora
535 1720 802 1770 proclamare:
835 1715 931 1759 ‘non
963 1716 1066 1759 feci?

156 1778 325 1825 Qualem
349 1792 424 1832 ego
455 1780 584 1829 illum,
615 1782 763 1831 pata-ia,
794 1780 953 1831 perdidi
979 1780 1099 1829 diem,
1130 1792 1221 1819 cum
1247 1781 1366 1820 duces
1393 1780 1443 1819 ab

163 1959 182 1991 1
210 1955 243 1991 si
266 1962 297 1990 V
365 1967 494 1992 verear
519 1965 538 1999 β
611 1956 773 1992 iudices:
800 1957 853 1992 im
877 1963 921 2001 P,
946 1958 1052 2002 infra
1077 1968 1182 1993 versu
1208 1956 1295 1993 add.
1315 1957 1374 1992 uti
1396 1971 1442 2001 ιη

63 2003 165 2039 unde
191 2010 218 2039 s
321 2015 368 2040 ne
394 2016 462 2041 cm.
484 2014 504 2048 β
619 2009 640 2040 3
667 2016 713 2041 en
739 2017 806 2042 om.
828 2014 899 2048 βγσ·
1012 2009 1032 2040 6
1058 2005 1221 2040 iudices:
1247 2017 1301 2040 un
1327 2014 1346 2048 β

64 2054 86 2086 8
112 2051 191 2087 illis
216 2061 244 2087 «r
339 2057 360 2088 9
386 2064 456 2089 nec
482 2065 549 2090 om.
570 2060 598 2088 V
691 2054 830 2090 debeat
856 2069 880 2088 α
980 2057 1025 2089 10
1050 2053 1270 2089 habiturus:
1298 2053 1442 2089 bibitu-

63 2111 127 2135 rus
153 2109 174 2143 ρ
251 2101 444 2137 invideam
469 2114 514 2138 ex
538 2102 631 2138 —iam
658 2104 763 2148 (corr.
785 2102 852 2148 b?)
872 2109 909 2137 Β
1006 2106 1049 2137 11
1083 2103 1288 2148 perituros:
1316 2113 1374 2138 -os
1400 2103 1442 2138 in

63 2160 137 2186 rac.
164 2155 202 2184 Β
314 2154 357 2185 12
391 2150 643 2186 exonerabilis
673 2157 753 2187 ΒΜ
782 2151 856 2197 (-li·
888 2163 937 2187 er.
966 2152 1036 2196 Μ);
1068 2151 1318 2186 exhonerabis
1350 2160 1370 2193 β

66 2224 111 2256 14
134 2233 252 2258 nnnc:
279 2223 354 2258 vivi
382 2229 425 2258 Μ
518 2224 695 2270 respitias
726 2230 755 2258 V
862 2227 904 2259 17
932 2209 1130 2271 patia‘isstux
1160 2230 1188 2258 1·
1293 2224 1442 2259 occide-

63 2269 143 2306 rint
165 2276 205 2315 νς
231 2271 408 2307 occident
434 2280 453 2314 β
554 2276 597 2307 19
623 2273 798 2319 quicquit
823 2278 861 2307 Β
956 2272 1142 2319 telo{rum
1169 2274 1223 2317 (ro
1250 2273 1313 2317 er.)
1334 2278 1372 2307 Β

65 2321 110 2352 23
137 2318 362 2364 conplurare
389 2326 439 2363 M,
465 2332 556 2357 corr.
578 2335 620 2355 m
724 2323 812 2356 ante
837 2320 970 2356 liberis
995 2321 1090 2356 meis
1116 2327 1143 2355 v
1247 2324 1291 2356 25
1318 2320 1358 2355 in
1385 2332 1442 2356 se—

63 2390 197 2436 pulcra
220 2392 422 2428 maiorum:
450 2394 490 2428 in
510 2393 705 2440 sepultura
730 2381 913 2430 maioer
939 2400 976 2428 Β
1060 2397 1104 2429 27
1131 2394 1258 2439 patria
1284 2393 1393 2428 illum
1419 2399 1447 2426 V
