1638 2560
511 106 831 144 DECLAMATIO
858 107 910 143 VI
931 111 1035 143 1-4,
1379 107 1466 150 113

85 225 310 275 temperare
334 222 471 273 potuit
491 218 655 262 officia?
693 223 759 262 lex
782 222 1022 273 parentibus
1040 223 1085 261 in
1107 223 1341 262 calamitate
1360 222 1465 262 ferre

86 296 205 335 opem
242 282 423 334 iubebat,
455 285 625 334 uterque
662 295 807 334 parens
846 284 934 322 erat
971 283 1204 323 calamitate
1242 283 1465 333 devinctus,

85 356 190 384 unus
221 345 358 384 autem
389 356 618 383 succurrere
644 344 806 394 utrique
830 357 911 383 non
936 345 1108 395 poterat,
1140 344 1298 383 invenit
1328 346 1466 383 tamen

85 400 252 457 (viam)
275 403 487 456 ingeniosa
511 405 657 455 pietas,
690 406 730 444 et
755 405 916 455 utrique
943 405 1130 444 subvenit
1153 404 1363 456 dispendio
1390 405 1464 444 sui.

49 479 67 507 5
85 465 172 517 ipse
202 466 316 505 venit
346 465 399 504 ad
428 466 599 517 patrem,
630 479 694 504 me
725 465 882 504 remisit
913 465 966 504 ad
996 467 1178 504 matrem.
1228 466 1304 504 hoc
1330 465 1363 505 si
1397 465 1462 504 de·
1488 466 1514 502 3

85 526 329 566 fendendum
365 527 444 576 est,
485 539 658 578 agnosco
695 526 824 577 partis
861 538 989 576 meas,
1035 539 1199 565 causam
1235 525 1465 576 planctibus

87 599 217 639 agam
279 587 373 626 fiere
417 588 526 626 enim
570 589 676 626 certe
720 599 792 638 per
836 586 968 638 legem
1004 587 1110 626 licet.
1175 587 1359 637 alioquin
1396 587 1467 626 diu

85 647 251 691 laudare
282 660 363 687 11011
396 647 567 698 expedit.
631 647 846 699 diligenter
877 647 1088 687 defendere
1127 649 1374 687 contrarium
1405 649 1467 687 est

86 707 238 748 actioni
267 709 447 748 nostrae:
479 710 526 747 ut
556 709 816 759 impetremus
849 708 982 758 funus,
1013 722 1236 748 moramur:
1269 708 1368 747 dum
1392 721 1465 748 nos

32 783 68 810 10
85 768 314 820 litigamus,
346 768 442 807 dum
473 769 579 808 circa
611 769 784 809 cadaver
814 770 996 808 nostrum
1028 769 1116 808 orbi
1146 769 1338 820 rixamur,
1370 769 1466 808 dum

86 830 225 881 agitur
261 842 382 869 causa
426 829 622 880 defuncti,
667 829 764 868 dum
807 830 989 880 sepulcro
1033 830 1122 881 lege
1165 829 1466 880 praescribitur,

87 889 183 928 dum
208 890 356 929 dantur
386 890 570 942 legitima
596 890 819 929 dicentibus
851 893 1046 941 tempora,
1077 890 1274 941 putrescit
1303 891 1467 930 interim

83 963 230 1001 corpus
273 963 345 990 nec
394 953 527 990 totum
575 952 619 990 111
664 951 768 991 sicco
818 950 934 990 iacet.
998 951 1172 990 cadaver
1212 952 1263 990 ab
1303 951 1466 991 incursu

87 1011 223 1051 avium
265 1012 520 1062 ferarumque
563 1013 726 1051 tantum
768 1012 1050 1051 miserantium
1091 1025 1238 1051 corona
1279 1012 1465 1051 custodit.

32 1085 67 1114 15
86 1073 360 1111 convenerunt
397 1072 520 1111 etiam
557 1072 681 1111 alieni
717 1074 923 1123 parentes,
962 1074 1072 1112 totus
1109 1074 1152 1111 in
1190 1073 1466 1123 spectaculum

86 1132 260 1184 populus
291 1133 439 1172 effusus
472 1134 543 1183 est,
576 1135 617 1172 et
647 1133 786 1185 ignoto
818 1147 976 1184 quoque
1009 1133 1167 1184 corpori
1197 1133 1360 1185 publica
1390 1134 1464 1172 hu-

85 1193 261 1232 manitas
293 1194 410 1244 quasi
442 1194 639 1244 quasdam
669 1195 766 1233 fecit
797 1195 994 1244 exequias.
1047 1194 1195 1233 deflent
1228 1207 1364 1233 omnes
1395 1194 1465 1234 ho-

85 1253 232 1303 mines,
269 1253 424 1304 dolent,
462 1255 731 1305 plurimorum
767 1256 903 1294 tamen
941 1255 1015 1293 illa
1053 1268 1131 1294 vox
1170 1256 1248 1294 est:
1294 1251 1466 1295 ‘iuvenis

85 1314 314 1365 insepultus
353 1316 469 1354 iacet.
533 1316 654 1355 miser
697 1329 770 1355 nec
810 1317 968 1366 patrem
1011 1315 1135 1354 habet
1180 1316 1350 1354 fortasse
1393 1328 1468 1355 nec

31 1389 68 1416 20
86 1372 286 1414 matrem?
335 1375 419 1415 iam
443 1377 616 1415 hominis
642 1376 815 1428 figuram
839 1378 1020 1416 vetustas
1050 1389 1177 1426 paene
1204 1376 1465 1427 consumpsit,

86 1435 169 1474 iam
200 1436 312 1475 lenta
342 1436 457 1475 tabes
489 1437 532 1475 111
563 1438 714 1475 terram
747 1437 930 1487 defluxit,
968 1437 1051 1476 iam
1082 1437 1217 1475 soluta
1253 1438 1343 1476 cute
1376 1449 1466 1476 ossa

86 1495 302 1535 nudantur.
365 1497 588 1547 quamlibet
625 1497 833 1537 duraveris
872 1498 1024 1547 animo,
1062 1510 1143 1536 non
1174 1498 1298 1536 ferres
1328 1499 1466 1537 tamen

87 1556 178 1607 ista,
211 1558 247 1596 si
277 1557 442 1596 videres.

180 1616 258 1656 Sed
290 1618 429 1656 audire
455 1620 562 1657 certe
593 1620 726 1669 potes:
758 1619 828 1657 1110
855 1620 916 1658 est
940 1618 1047 1657 filius
1073 1622 1210 1658 noster
1235 1620 1348 1658 cuius
1375 1631 1465 1670 spes

31 1691 69 1718 25
87 1678 197 1728 ipsas
224 1679 459 1728 amavimus,
491 1692 611 1729 quem
643 1679 751 1730 apud
776 1679 912 1718 omnia
942 1679 1096 1730 templa
1128 1680 1168 1718 et
1194 1679 1333 1719 surdos
1359 1681 1464 1719 votis

87 1738 181 1777 deos
213 1738 472 1789 superstitem
502 1739 658 1790 precati
690 1752 838 1789 sumus,
871 1753 894 1778 a
927 1753 1007 1790 quo
1034 1740 1196 1791 sepeliri
1222 1742 1465 1791 optavimus,

85 1798 156 1843 ille
189 1799 375 1838 amabilis
406 1799 559 1850 infans,
596 1801 666 1839 ille
696 1800 867 1840 blandus
899 1813 1011 1851 puer,
1048 1801 1117 1839 ille
1150 1801 1308 1840 iuvenis
1341 1801 1465 1840 etiam

88 1860 181 1899 ante
212 1860 288 1899 hoc
319 1859 470 1899 crimen
500 1861 724 1911 piissimus,
761 1861 849 1910 ille,
887 1861 981 1902 dum
1013 1874 1088 1912 par
1125 1862 1290 1900 fortuna
1320 1875 1464 1912 paren-

86 1920 191 1959 tium
221 1921 318 1970 fuit,
355 1933 576 1972 propensus
609 1923 652 1960 in
689 1935 867 1961 amorem
898 1923 971 1961 tui.
1033 1923 1218 1972 mentior,
1257 1923 1336 1961 nisi
1374 1935 1466 1961 cum

30 1994 68 2021 ³0
86 1982 358 2032 peregrinatio
396 1995 485 2021 mea
523 1995 595 2021 nos
633 1982 856 2033 diduceret,
894 1983 1040 2022 maluit
1078 1995 1162 2022 esse
1195 1996 1286 2022 cum
1323 1985 1463 2022 matre.

86 2054 149 2080 me
180 2055 252 2092 per
284 2043 420 2081 omnia
450 2044 580 2081 maria
602 2043 854 2093 volitantem,
886 2045 932 2082 ut
957 2044 1048 2094 plus
1074 2043 1157 2082 filio
1183 2043 1464 2095 relinquerem,

87 2101 349 2141 circumvenit
374 2103 532 2142 saevius
555 2104 643 2154 ipso
661 2104 765 2143 mari
790 2103 1058 2143 latrocinium.
1110 2104 1332 2143 describam
1356 2118 1462 2144 nunc
1487 2103 1511 2140 4

183 2197 204 2228 2
230 2193 363 2229 iubeat
388 2202 407 2236 β
493 2198 515 2229 4
541 2194 641 2230 viam
667 2195 803 2232 addidi
900 2199 920 2230 6
947 2196 1074 2241 partes
1100 2196 1203 2231 codd.
1225 2200 1375 2251 praeter
1399 2202 1470 2230 BV

88 2267 133 2300 10
158 2265 324 2301 rixamus
356 2272 385 2300 V
480 2270 522 2302 11
550 2266 628 2313 legi
652 2257 699 2302 B¹
772 2267 1021 2314 perscribitur
1051 2274 1080 2302 V
1133 2305 1135 2307 ,
1174 2271 1217 2303 17
1245 2256 1409 2313 exeqhas
1429 2274 1467 2302 B

87 2316 133 2348 24
158 2315 286 2359 potest
310 2320 380 2349 BV
473 2318 518 2350 28
544 2315 714 2357 fortuna:
741 2317 879 2351 natura
904 2322 947 2351 Μ
1040 2316 1257 2362 parentium
1283 2323 1334 2352 B:
1365 2318 1462 2351 -tum

85 2362 221 2408 reliqui
318 2366 363 2398 30
390 2363 595 2400 deduceret
619 2373 673 2400 ασ
755 2368 799 2400 31
827 2363 1061 2400 volutantem
1088 2371 1124 2400 Ρ
1204 2364 1281 2400 filio
1307 2376 1407 2410 supr.
1431 2370 1466 2399 Ρ

86 2413 132 2445 32
159 2410 364 2447 circovenit
389 2419 426 2447 P

159 2478 374 2511 Qvnvrumnu
394 2486 668 2507 nzannA'rxouzs
689 2480 736 2507 ed.
755 2480 781 2506 L
790 2487 806 2506 e
813 2480 834 2506 h
842 2489 862 2506 n
871 2489 886 2507 e
894 2483 936 2507 rt.
1225 2477 1246 2509 8
