1638 2560
460 122 781 160 DECLAMATIO
806 123 841 158 X
862 127 906 159 19
934 123 988 159 XI
1008 127 1113 160 1-2.
1389 123 1476 166 2οΊ

190 237 509 288 Expectaveram
534 237 711 289 quidem,
741 240 789 278 ut
816 238 865 277 de
890 238 1046 278 inimici
1069 239 1150 277 mei
1174 238 1374 289 supplicio
1398 251 1479 278 non
1505 239 1527 275 1

100 299 378 350 quaereretur,
414 311 488 338 nec
523 312 588 338 me
626 298 758 349 decipi
794 311 913 349 posse
954 298 1202 339 credideram
1241 299 1286 338 in
1325 299 1481 338 ultione

101 371 224 410 quam
246 358 349 398 mihi
373 358 544 399 debebat
569 360 713 399 civitas
738 361 825 399 tam
850 359 969 399 liberi
994 359 1156 410 doloris,
1185 359 1255 399 sed
1280 361 1481 410 quatenus

99 432 147 459 eo
177 419 378 458 malorum
407 421 589 459 novitate
619 421 798 471 perveni,
829 422 878 459 ut
906 421 951 459 in
982 420 1163 460 vindicta
1193 420 1370 471 primum
1399 421 1482 459 mei

63 494 81 521 5
99 480 305 520 consulere
335 479 446 532 leges
478 493 526 519 ac
554 481 648 519 iura
678 481 857 530 velletis,
889 494 1053 532 quaeso,
1087 494 1138 520 ne
1171 482 1261 532 quis
1291 480 1480 532 prodesse

98 541 271 592 pauperi
300 540 403 580 velit
434 541 541 592 quod
564 554 639 581 nec
664 541 825 580 defendi
855 544 992 593 potest
1019 542 1106 581 sine
1138 554 1283 594 genere
1313 553 1480 592 poenae.

98 600 192 652 plus
221 603 401 640 meretur
431 602 520 652 pati
550 601 670 641 homo
696 603 778 652 qui,
810 602 847 641 si
876 603 957 653 ipsi
988 602 1163 653 creditis,
1195 602 1314 642 debet
1342 602 1480 641 occidi.

99 661 176 701 hoc
206 663 268 701 est
292 663 392 713 quin
421 663 557 712 immo,
589 662 754 711 iudices,
786 663 895 713 quod
919 675 1039 713 super
1064 676 1202 703 omnes
1227 663 1481 702 calamitates

99 735 211 762 meas
240 722 347 762 ferre
376 735 458 761 non
489 735 671 774 possum:
702 723 865 763 videtur
895 723 974 763 sibi
1005 724 1105 763 satis
1136 724 1284 763 vixisse
1315 735 1482 775 pauper,

46 795 83 824 ιο
100 785 318 835 postquam
349 783 496 823 occidit
524 783 672 823 liberos
702 797 825 824 meos.
882 797 1028 835 operae
1058 785 1234 836 pretium
1266 786 1387 835 putat
1418 797 1482 823 co-

99 856 191 883 ram
219 844 478 894 impatientia
501 857 593 884 mea
623 844 782 884 felicem
807 857 1084 884 consummare
1120 848 1279 896 patrem
1311 846 1352 884 et
1381 857 1482 897 gau-

101 903 261 943 diorum
297 917 462 944 suorum
493 906 676 944 satietati
706 906 781 945 hoc
813 919 972 956 quoque
1004 905 1147 956 adicit,
1184 908 1234 944 ut
1265 906 1483 945 orbitatem

99 977 234 1004 meam
268 964 408 1004 liberis
445 965 528 1005 suis
564 966 778 1017 relinquat*
842 966 962 1005 fidem
993 968 1188 1016 vestram,
1225 966 1388 1016 iudices,
1432 979 1482 1005 ne

99 1027 258 1076 pereat,
295 1025 403 1076 quod
440 1026 588 1065 ultioni
627 1039 740 1066 meae
778 1027 952 1079 configit
987 1027 1116 1066 bonus
1154 1030 1282 1078 pater.
1346 1028 1483 1066 actum

47 1097 83 1126 ιι
102 1087 191 1125 erat
220 1084 270 1124 de
298 1086 458 1126 solaciis
482 1088 594 1138 meis,
626 1087 661 1126 si
692 1087 841 1126 liberos
873 1100 965 1127 suos
997 1100 1152 1139 pauper
1175 1088 1318 1128 mallet
1342 1087 1481 1127 occidi.

99 1146 203 1185 illud
238 1146 378 1196 plane,
420 1147 592 1198 iudices,
636 1148 761 1187 etiam
797 1148 841 1187 in
883 1148 959 1187 hac
998 1148 1189 1200 pauperis
1229 1148 1482 1199 impudentia

100 1208 237 1257 miror,
262 1207 410 1247 liberos
434 1221 544 1248 meos
569 1208 724 1259 pudore
744 1209 935 1259 deceptae
955 1209 1134 1249 civitatis
1160 1209 1318 1259 occidit,
1338 1209 1482 1248 deinde

99 1280 164 1306 me
196 1267 398 1307 crudelem
428 1271 557 1309 vocat.
613 1270 805 1320 parvulos
837 1282 931 1309 suos
964 1270 1153 1319 ostendit,
1185 1270 1348 1322 allegat,
1377 1272 1482 1309 tam-

101 1340 224 1378 quam
254 1341 335 1367 non
366 1342 441 1381 ego
473 1330 608 1380 potius
641 1343 790 1380 querar
819 1330 894 1369 hoc
926 1330 974 1369 de
1001 1343 1206 1381 quoquam
1236 1332 1351 1382 patre
1382 1330 1483 1379 fieri,

46 1401 83 1428 ὀ
100 1400 174 1427 nec
204 1388 408 1441 intellegit
439 1392 636 1440 quantum
667 1390 812 1430 debeat
843 1391 896 1429 ad
926 1391 1225 1442 impatientiam
1256 1391 1385 1430 nostri
1413 1391 1481 1430 do-

100 1449 197 1489 loris
229 1450 428 1500 accedere,
459 1451 494 1490 si
524 1463 668 1501 passus
700 1464 789 1490 sum
821 1451 928 1501 quod
959 1453 1001 1491 et
1030 1452 1074 1490 in
1104 1452 1259 1491 ultione
1289 1452 1483 1491 miserum

100 1511 173 1549 est.
233 1510 391 1549 facinus
422 1513 501 1560 est,
531 1512 697 1561 iudices,
729 1525 973 1562 quemquam
1004 1513 1285 1551 calamitatum
1316 1525 1480 1552 suarum
1504 1513 1529 1549 2

100 1570 298 1610 invidiam
328 1572 427 1621 pati.
491 1572 547 1611 sic
578 1572 775 1612 ultionem
806 1586 938 1612 meam
969 1573 1122 1612 debetis
1155 1573 1346 1624 aspicere,
1377 1574 1481 1612 tam-

102 1643 227 1681 quam
265 1633 307 1670 et
348 1631 495 1671 liberos
540 1645 633 1672 suos
677 1646 833 1684 pauper
876 1634 1078 1673 occider-lt.
1141 1646 1215 1673 nec
1253 1647 1318 1673 me
1361 1633 1482 1683 fallit,

47 1703 83 1730 25
101 1690 265 1741 iudices,
289 1692 501 1743 plerosque
521 1693 679 1732 credere
705 1694 1012 1733 callidissimum
1038 1707 1256 1745 pauperem
1281 1707 1354 1733 nec
1378 1695 1483 1733 mori

101 1751 223 1802 velle,
261 1754 302 1790 et
331 1752 408 1791 hoc
440 1753 547 1803 quod
577 1754 706 1793 nudat
735 1755 939 1806 iugulum,
976 1757 1116 1806 pectus
1149 1755 1336 1806 opponit,
1375 1757 1482 1794 artes

103 1823 189 1852 esse
219 1825 294 1863 pro
319 1813 417 1852 vita.
468 1813 538 1853 sed
569 1827 644 1866 ego
675 1815 793 1854 illum
824 1828 905 1854 non
935 1816 1052 1855 credo
1083 1817 1259 1865 mentiri,
1292 1829 1379 1868 ego,
1411 1816 1482 1883 qui

102 1872 185 1911 scio
223 1873 320 1941 quid
356 1874 601 1914 maluissem.
652 1888 861 1926 nunquam
891 1875 966 1916 hoc
998 1876 1191 1916 adversus
1223 1889 1294 1916 nos
1326 1876 1482 1928 excogi-

102 1934 231 1973 tasset
266 1934 346 1973 nisi
382 1935 760 1985 impatientissimus
797 1939 913 1988 pater
956 1939 997 1976 et
1033 1937 1136 1976 hanc
1173 1949 1326 1988 poenae
1369 1950 1481 1976 meae

203 2089 220 2120 1
247 2087 514 2132 xpectaveram
535 2089 674 2134 (nempe
693 2087 723 2123 E
742 2090 923 2125 miniator
938 2090 1091 2135 pinqere
1110 2090 1246 2134 omisit>
1262 2094 1300 2123 Β
1360 2091 1381 2123 3
1402 2089 1482 2124 tam

103 2144 172 2169 om.
198 2140 226 2168 V
320 2138 340 2170 6
366 2135 528 2180 pauperi
553 2136 732 2181 prodesse
761 2143 789 2171 V
885 2141 903 2172 7
931 2148 970 2172 se
996 2137 1071 2183 ipsi
1095 2144 1127 2172 J
1224 2141 1268 2172 12
1295 2136 1431 2173 adicit:
1459 2148 1481 2171 a

103 2193 149 2218 επ
174 2193 266 2218 corr.
289 2189 331 2218 Μ
428 2188 472 2219 14
499 2184 688 2231 contingit
713 2193 741 2220 σ
837 2189 880 2221 16
909 2196 953 2221 ac
971 2191 1018 2230 Β,
1043 2185 1070 2220 h
1095 2196 1197 2231 supr.
1218 2193 1242 2220 ⁶
1342 2188 1385 2220 17
1412 2197 1482 2230 pu-

104 2230 211 2266 dore:
238 2230 364 2266 furore
386 2231 451 2267 Gr.
524 2235 568 2267 18
595 2232 733 2280 angat
751 2239 830 2268 ΒΜ
902 2238 946 2268 19
974 2245 1125 2279 quoque
1146 2241 1182 2269 P
1248 2237 1293 2269 20
1320 2233 1435 2269 debet
1460 2239 1487 2267 ι’

105 2283 149 2314 21
183 2280 222 2314 et
245 2291 314 2316 om.
336 2286 392 2324 Μ,
418 2291 519 2326 supr.
539 2295 582 2316 m
705 2285 751 2317 23
783 2282 968 2317 invidiam
993 2282 1092 2328 pati:
1119 2295 1158 2318 m
1183 2282 1266 2329 pati
1293 2284 1334 2318 in
1359 2293 1432 2318 ras.
1461 2287 1487 2315 ι’

105 2331 150 2362 24
177 2328 226 2363 ad
252 2330 292 2363 et
316 2335 361 2372 P,
388 2329 439 2363 ad
464 2329 532 2364 del.
555 2341 654 2365 man.
676 2333 700 2365 3
797 2330 883 2366 falli
910 2336 960 2374 Μ,
986 2332 1003 2365 t
1027 2342 1128 2376 supr.
1149 2345 1192 2366 m
1290 2334 1336 2365 26
1362 2330 1483 2365 nuda-

103 2377 186 2411 tum
210 2376 342 2423 iugulo
368 2383 449 2412 ΒΜ
476 2377 549 2423 (vel
573 2379 695 2414 nudat
719 2378 895 2426 iugulum
921 2391 1022 2424 supr.
1042 2381 1098 2425 ιιι)
1222 2383 1266 2414 27
1300 2389 1370 2425 ego
1397 2378 1481 2423 qui:

104 2435 175 2470 ego
202 2435 275 2471 que
300 2431 380 2460 ΒΜ
401 2425 474 2473 (vel
499 2426 565 2472 qui
590 2438 691 2473 supr.
711 2428 768 2473 m)
868 2430 912 2463 28
940 2427 1033 2473 quid
1058 2439 1103 2464 ex
1128 2427 1230 2473 quod
1254 2433 1292 2462 Β
