1638 2560
105 647 153 683 11

180 111 268 154 346
578 108 780 144 INFAMIS
806 108 859 143 IN
884 107 1099 143 MATREM
1124 107 1160 143 Π

179 225 278 264 mihi
327 224 472 263 dixerit
511 224 600 274 ille,
643 224 690 262 de
731 237 810 274 quo
854 224 983 262 nescit
1030 235 1082 261 an
1124 222 1281 262 dixerit.
1346 222 1443 273 quid
1485 224 1557 274 aiS,

179 288 310 325 mater
333 283 563 336 inpatiens?
625 285 685 323 ita
716 284 760 322 in
790 285 919 323 morte
950 283 1026 321 filii
1056 283 1119 322 tui
1154 283 1257 322 nihil
1289 283 1403 323 aliud
1434 283 1486 322 ad
1515 285 1557 323 te

179 346 355 397 pertinet
386 358 506 396 quam
541 344 637 395 quid
667 345 828 383 locutus
862 342 943 383 sit?
1005 338 1084 393 ita',
1126 345 1161 383 si
1191 344 1455 395 respondero,
1495 357 1556 384 re-

178 406 307 445 mittis
338 405 616 456 parricidium,
654 406 855 444 tormenta
887 417 968 443 non
1008 403 1160 444 obicis?
1222 417 1246 444 o
1282 405 1558 444 inconsultam

177 467 413 505 muliebrem
454 479 610 516 semper
651 465 885 504 amentiam!
927 465 1025 516 quid
1065 465 1224 505 iuvenis
1263 465 1308 504 in
1342 464 1555 505 tormentis
1592 479 1609 506 5

178 527 333 576 dixerit,
364 528 574 577 tamquam
605 527 777 578 ignoret,
809 526 1052 577 interrogat:
1085 525 1188 564 nihil
1218 539 1282 565 me
1315 526 1554 577 comperisse

176 600 255 626 non
288 587 425 636 credit,
456 589 667 637 tamquam
699 588 800 625 sciat
832 586 929 636 quid
961 586 1118 625 dixerit.

264 648 404 686 Fidem
436 647 655 686 communis
695 648 922 698 sanguinis,
962 646 1084 685 fidem
1122 647 1396 686 communium
1427 647 1553 687 malo-

174 708 280 746 rum!
319 721 368 746 ne
399 707 607 758 parricidii
639 720 702 746 me
734 708 834 747 velis
868 708 1024 759 agitare
1057 709 1276 758 secretum,
1307 721 1357 747 ne
1389 707 1554 747 calami-

174 768 326 807 tatibus
358 768 505 807 nostris
538 781 703 820 gravem
741 769 870 808 facias
909 768 1181 808 innocentiam
1220 770 1347 808 tuam.
1403 768 1553 808 viderit
1572 783 1607 810 ιο

174 829 271 879 quid
302 829 494 867 meruerit
517 828 673 868 iuvenis
699 829 786 868 ille:
820 842 893 880 ego
919 830 1003 867 iam
1027 842 1193 879 possum
1219 842 1409 880 suprema
1439 841 1551 869 reve-

172 891 252 928 reri
284 891 324 928 et
354 891 447 939 post
479 889 632 928 exitum
668 890 778 928 unici
808 891 989 928 revertor
1019 890 1062 928 in
1092 892 1261 940 patrem.
1324 890 1456 929 maior
1486 889 1552 928 de-

172 950 320 988 functis
366 949 501 989 liberis
543 950 789 1001 praestanda
829 951 1056 990 reverentia
1098 951 1176 1001 est,
1219 963 1292 990 nec
1335 950 1553 1001 quicquam

172 1010 304 1049 minus
337 1012 524 1049 convenit
565 1011 787 1050 adfectibus
826 1011 987 1060 matris,
1029 1024 1151 1061 quam
1189 1012 1225 1050 si
1261 1011 1461 1051 insultare
1492 1012 1551 1051 vi-

171 1070 315 1109 deatur
347 1072 486 1110 occiso.
548 1070 592 1109 in
634 1073 809 1123 gratiam
846 1084 910 1110 me
949 1084 1039 1110 cum
1070 1071 1154 1111 filio
1192 1071 1352 1111 reduxit
1384 1071 1550 1122 orbitas,
1570 1084 1605 1113 15

169 1132 273 1169 iram
304 1133 483 1170 nostram
513 1144 621 1171 mors
654 1144 793 1171 severa
822 1133 1046 1182 conposuit.
1111 1134 1209 1183 quin
1240 1132 1363 1171 immo
1395 1132 1548 1184 recogi-

168 1192 276 1230 tanti
306 1192 406 1230 mihi
436 1193 568 1230 totum
594 1193 735 1231 secreti
766 1194 876 1232 illius
909 1193 1103 1243 ordinem,
1136 1192 1246 1232 subit
1269 1193 1399 1232 tacita
1429 1192 1548 1232 mise-

168 1252 292 1301 ratio,
328 1254 521 1302 quantam
555 1266 627 1304 ego
660 1253 827 1291 debeam
857 1254 1125 1293 reverentiam
1162 1253 1246 1292 filio
1279 1267 1400 1304 quem
1431 1254 1548 1304 potui

167 1314 358 1362 torquere
390 1313 510 1363 solus,
543 1326 661 1363 quem
692 1315 811 1364 potui
842 1315 951 1354 solus
984 1314 1174 1354 occidere.

259 1372 504 1424 Perseveras,
532 1374 654 1426 cogis,
673 1374 830 1414 instas?
879 1375 1053 1414 invicem
1071 1377 1124 1426 te,
1149 1374 1307 1424 mulier,
1326 1375 1546 1426 interrogo,
1566 1388 1602 1415 so

166 1445 238 1470 cur
269 1434 303 1472 si
333 1435 448 1473 tanto
481 1447 599 1484 opere
633 1435 794 1474 volebas
837 1435 937 1474 scire
969 1436 1067 1486 quid
1098 1437 1409 1487 interrogarem,
1449 1434 1547 1486 quid

166 1493 236 1530 ille
269 1494 511 1544 loqueretur,
543 1508 624 1534 non
649 1497 848 1546 inruperis
882 1496 924 1534 in
957 1497 1237 1547 quaestionem
1269 1508 1391 1546 quam
1422 1495 1546 1535 nullis

166 1553 380 1604 ministris,
431 1555 552 1594 nullis
604 1556 834 1596 custodibus
885 1557 1113 1596 vallaverat
1165 1555 1312 1607 pater?
1392 1557 1545 1607 quanto

166 1613 328 1664 melius,
371 1617 518 1665 mater,
561 1617 694 1666 ipsum
739 1616 916 1656 adisses?
989 1619 1142 1668 quanto
1186 1618 1332 1656 fortius
1375 1616 1546 1655 interro-

165 1686 300 1724 gasses
332 1674 439 1713 una‘?
479 1679 629 1726 quanto
661 1677 737 1715 tibi
768 1678 887 1727 plura
920 1677 1113 1718 dixisset?
1170 1679 1259 1728 quis
1291 1679 1350 1727 te,
1386 1677 1542 1727 mulier,
1563 1690 1598 1718 25

166 1733 345 1774 adfectus
390 1735 543 1787 abegit,
584 1738 734 1787 tenuit,
780 1737 978 1777 exclusit?
1043 1751 1216 1790 agnosco
1260 1738 1543 1777 verecundiam

164 1795 297 1833 tuam:
323 1796 508 1846 timuisti,
535 1797 664 1847 credo,
690 1812 751 1847 ne,
775 1798 871 1837 siin
890 1799 961 1838 illo
983 1801 1135 1839 secreto
1156 1799 1370 1838 fuissemus
1393 1811 1543 1848 omnes,

164 1855 356 1894 occidisse
389 1856 516 1895 filium
548 1857 747 1897 diceretur
778 1860 818 1897 et
849 1861 990 1898 mater.

255 1914 388 1955 Instas
426 1919 563 1956 tamen
605 1920 644 1957 et
684 1919 819 1958 miseri
858 1921 963 1959 senis
1005 1933 1076 1959 ora
1114 1920 1282 1959 diducis.
1343 1921 1446 1971 puta
1477 1932 1541 1958 me

262 2144 280 2175 1
301 2145 388 2187 post
413 2141 478 2176 ille
505 2142 590 2177 add.
618 2154 691 2188 que
717 2150 754 2178 Β
891 2147 914 2178 4
940 2132 1188 2190 parricidium
1213 2151 1251 2180 Β
1363 2155 1439 2180 11011
1465 2143 1540 2180 obi.

159 2189 270 2225 torm.
299 2198 318 2232 β
435 2194 455 2225 6
483 2189 691 2237 interroget
722 2198 751 2226 V
864 2196 907 2227 12
934 2194 1043 2238 patre
1069 2199 1106 2228 Β
1228 2196 1272 2228 13
1299 2192 1483 2239 quicquid
1508 2198 1546 2228 Ρ

163 2263 208 2296 14
233 2261 354 2306 patris
382 2270 403 2296 ς
512 2266 554 2297 15
583 2251 665 2299 cgm
690 2270 727 2298 B
824 2268 868 2299 18
895 2265 1078 2310 quoniam
1102 2265 1212 2311 potui
1233 2272 1270 2301 P
1364 2268 1410 2300 20
1435 2265 1477 2300 in
1502 2265 1542 2300 te

159 2320 253 2356 rogo
284 2316 313 2344 V
423 2314 467 2346 21
494 2313 694 2357 tantopere
725 2318 839 2355 VM&
958 2318 1002 2348 22
1030 2314 1198 2360 cruperis
1225 2320 1262 2349 Ρ
1375 2324 1489 2360 quem
1518 2319 1548 2347 V

160 2361 206 2392 23
233 2359 416 2404 quantam
447 2366 476 2394 V
555 2363 598 2395 26
625 2361 888 2396 verecondiam
915 2368 951 2396 Ρ
1032 2366 1076 2397 27
1104 2363 1178 2398 nisi
1203 2368 1241 2397 Β
1321 2364 1367 2397 29
1393 2363 1539 2397 tamen:

158 2406 254 2442 meis
281 2413 331 2453 M,
357 2419 449 2444 corr.
475 2422 517 2442 m
617 2409 773 2444 deducis
800 2424 846 2454 ω;
873 2421 965 2446 corr.
995 2418 1016 2444 ς
