1638 2560
395 119 812 157 DECLAMATloNES
837 98 951 157 xvii.
979 120 1110 156 xvm.
1351 121 1438 164 387

54 235 196 276 morbo
233 237 422 286 moritur,
461 234 671 275 minimum
712 238 774 275 est
811 235 920 286 quod
957 236 1167 275 erubescit.
1230 237 1440 287 praeterea

55 298 253 337 secretum
299 296 518 348 elegeram,
567 310 617 335 ne
659 297 936 347 superveniret
977 298 1046 347 qui
1089 310 1154 336 me
1193 296 1436 347 prohiberet.

54 357 123 398 sed
156 356 281 397 dices:
324 357 423 409 quid
459 369 540 396 non
571 356 730 407 bibisti,
769 369 860 396 cum
896 355 1064 396 monui?
1096 357 1165 396 sed
1197 357 1286 397 dico
1319 358 1439 408 quod,

53 431 145 458 cum
177 419 267 468 quis
302 417 380 457 sibi
410 430 576 457 manum
611 418 702 457 vult
731 418 894 468 inicere,
926 419 961 457 si
999 418 1258 468 superveniat
1290 418 1438 470 aliquis

14 493 33 519 ε»
52 478 123 530 qui
153 478 346 531 gaudeat,
378 479 449 530 qui
480 478 679 517 vindicari
713 491 753 517 se
789 480 925 529 putet,
964 479 998 518 si
1030 481 1202 518 mortem
1234 479 1438 530 inspiciat,

50 538 483 579 statim—dissentiet
503 534 580 593 (=
594 551 639 588 Ρ.
664 541 764 585 316,
784 534 844 594 2).
890 552 982 579 cum
1008 540 1278 590 supervenisti
1303 540 1345 579 et
1373 553 1437 578 me

49 600 366 653 interrogavisti,
398 600 494 639 dum
522 600 764 650 respondere
790 601 912 652 cogis,
938 600 1044 639 redit
1069 600 1298 652 indignatio
1324 601 1437 651 mihi,

50 662 92 701 et
121 661 228 712 perit
252 662 462 712 susceptae
488 661 630 700 mortis
657 660 787 700 ardor.
851 674 924 713 ego
950 663 1118 712 propter
1144 662 1303 711 patrem
1334 663 1438 700 mori

49 734 226 773 possum,
258 733 394 761 coram
419 723 536 773 patre
562 734 643 760 non
668 733 842 772 possum.
901 734 991 760 cum
1017 723 1298 772 supervenisti,
1330 723 1438 773 perit

0 780 32 823 ib
51 782 172 822 ardor
201 783 344 822 mortis
378 784 418 821 et
449 783 622 833 utroque
654 795 719 821 me
750 782 917 821 resolvit
949 782 1107 821 affectu.

131 855 176 892 Ρ.
204 844 304 889 318,
333 844 360 882 9
397 844 431 882 si
468 842 633 882 dixeris:
670 855 751 882 non
783 843 843 881 fui
874 855 1084 894 passurus,
1120 843 1155 882 si
1191 842 1330 882 bibere
1364 856 1435 883 vo-

47 903 203 953 luisses,
233 903 303 943 sed
335 903 510 954 qualiter
539 903 614 942 hoc
646 906 707 942 est
736 903 964 954 probabile,
997 916 1087 943 cum
1118 916 1182 942 me
1215 903 1334 943 hodie
1369 916 1434 943 co-

49 965 156 1004 neris
170 964 360 1004 occidere.
411 977 492 1003 non
506 976 593 1003 eras
607 963 828 1014 passurus?
851 964 1012 1014 quando
1025 965 1109 1003 iam
1122 964 1241 1004 inicis
1261 963 1437 1004 manus?

668 1121 817 1160 XVIII.

0 1218 28 1247 ιε
131 1219 175 1255 Ρ.
203 1207 302 1252 324,
329 1208 389 1246 20
420 1208 467 1246 ut
499 1207 622 1246 altius
655 1206 808 1256 ordiar,
845 1206 950 1246 iuste
982 1206 1031 1245 de
1072 1207 1160 1245 viro
1194 1218 1428 1257 conqueror.

49 1267 294 1306 adulterium
313 1266 361 1306 de
387 1281 452 1306 me
476 1267 596 1306 facile
617 1268 843 1318 suspicatus
864 1279 917 1316 es,
937 1268 1018 1306 cito
1045 1266 1264 1306 credidisti.
1316 1269 1433 1306 tuum

49 1329 137 1367 erat
168 1341 215 1366 ex
252 1327 388 1367 debito
428 1327 601 1367 foederis
634 1327 858 1379 coniugalis
894 1327 1136 1376 pudicitiam
1176 1340 1309 1366 meam
1341 1328 1433 1367 aliis

51 1400 248 1427 enarrare.
311 1390 358 1427 tu
399 1401 494 1427 vero
537 1388 672 1427 fictam
709 1387 1006 1438 impudentiam
1046 1400 1178 1426 meam
1220 1388 1433 1427 ostendisti

49 1449 201 1499 populo
232 1461 304 1499 per
335 1449 472 1488 vultus
498 1448 722 1498 tristitiam,
754 1461 826 1499 per
857 1448 1079 1498 fastidium,
1110 1462 1183 1499 per
1215 1449 1430 1499 querelam.

0 1523 30 1549 20
132 1522 177 1558 Ρ.
205 1510 306 1556 327,
331 1511 392 1549 22
423 1508 492 1549 sed
517 1508 635 1548 dicis:
667 1509 865 1548 formosus
891 1509 981 1549 fuit.
1033 1509 1102 1548 sed
1135 1510 1226 1559 quis
1258 1521 1340 1548 non
1371 1511 1434 1549 est

48 1570 247 1608 formosus
285 1569 392 1609 filius
433 1570 573 1619 matri,
615 1569 739 1609 etiam
770 1571 806 1608 si
841 1569 1025 1619 claudus,
1066 1570 1102 1609 si
1133 1569 1287 1609 debilis.
1350 1583 1432 1609 non

49 1631 238 1670 amantur
268 1629 344 1669 filii
370 1643 394 1670 a
418 1630 615 1669 matribus
642 1630 862 1669 secundum
886 1630 1046 1670 vultum
1071 1631 1112 1669 et
1137 1630 1431 1680 apparentiam,

48 1690 117 1730 sed
149 1693 210 1730 est
239 1691 283 1728 in
324 1690 406 1730 filio
451 1691 574 1729 matri
615 1691 748 1730 nescio
782 1690 879 1741 quid
919 1690 1080 1730 homine
1121 1691 1355 1741 formosius,
1397 1692 1431 1731 si

47 1753 329 1803 argumentum
363 1753 487 1791 sumis
529 1764 575 1790 ex
606 1751 747 1791 forma.
810 1751 941 1791 multa
979 1754 1114 1791 autem
1153 1751 1292 1791 debuit
1324 1765 1430 1792 com-

0 1825 28 1852 us
47 1812 203 1851 misisse
233 1813 392 1851 iuvenis
423 1808 594 1864 (prius)
627 1824 749 1862 quam
786 1812 984 1851 incestum
1016 1812 1296 1852 committeret.
1360 1813 1430 1852 sed

47 1872 130 1922 dic,
167 1872 216 1912 ab
250 1874 341 1912 utro
373 1873 548 1911 incestus
581 1885 710 1911 sermo
741 1873 916 1923 primum
948 1872 1150 1923 procedat.
1215 1873 1429 1912 audebitne

47 1933 121 1972 hoc
152 1945 295 1985 rogare
327 1932 435 1971 filius
466 1934 638 1972 matrem
670 1935 734 1972 etc.
768 1927 827 1987 (Ρ.
855 1934 955 1979 328,
984 1928 1070 1986 17).

131 2006 174 2042 Ρ.
202 1995 302 2039 329,
327 1995 386 2032 24
418 1993 565 2032 ferrem
598 1992 727 2032 adhuc
759 1993 1004 2044 suspiciones
1037 1996 1140 2044 tuas,
1176 1994 1210 2032 si
1243 1994 1427 2034 dissimu-

46 2054 179 2093 lanter
211 2054 376 2106 egisses,
415 2053 449 2093 si
480 2067 552 2093 nos
586 2053 801 2105 diligenter
839 2056 955 2094 nocte
994 2056 1034 2093 et
1066 2053 1130 2094 die
1162 2054 1428 2104 observasses,

0 2124 30 2155 ιο
48 2114 116 2154 sed
158 2127 231 2165 pro
271 2114 406 2153 debito
452 2116 628 2165 oportet,
670 2116 716 2153 ut
746 2114 875 2153 filium
905 2117 1095 2165 torqueas
1129 2116 1170 2154 et
1213 2116 1427 2154 tormentis

47 2174 187 2214 multis
226 2174 383 2227 affligas
422 2176 493 2225 qui
536 2177 624 2213 tum
666 2187 745 2214 non
784 2188 824 2214 es
862 2177 1029 2227 neganti
1066 2176 1302 2215 crediturus.
1366 2189 1427 2214 re-

48 2247 236 2286 sponsum
268 2248 349 2275 non
381 2236 492 2274 caret
529 2235 769 2274 certitudine
809 2235 915 2286 quod
954 2237 1044 2286 quis
1076 2249 1157 2276 non
1189 2237 1324 2275 animo
1357 2235 1427 2275 sed

47 2295 183 2335 dolore
223 2295 449 2346 respondet.
513 2295 563 2334 ab
604 2309 726 2335 uxore
768 2297 1009 2336 naturaliter
1046 2297 1149 2336 nihil
1188 2297 1359 2345 scivisti,
1402 2309 1427 2334 a

47 2356 204 2395 familia
227 2357 479 2407 interrogata
503 2353 620 2406 nihil,
646 2369 670 2395 a
694 2356 778 2396 filio
797 2357 911 2395 nihil.
968 2370 1095 2395 unum
1121 2370 1216 2408 ergo
1235 2357 1310 2396 hoc
1337 2356 1425 2395 scis.

0 2427 30 2456 ιε
49 2416 151 2455 nihil
183 2418 289 2456 enim
321 2418 490 2466 invenis,
521 2418 703 2466 maritus,
735 2417 933 2466 dominus,
964 2419 1091 2468 pater.

1137 2483 1206 2518 ⁸25*
