<?xml version="1.0" encoding="UTF-8"?>
<!DOCTYPE html PUBLIC "-//W3C//DTD XHTML 1.0 Transitional//EN"
    "http://www.w3.org/TR/xhtml1/DTD/xhtml1-transitional.dtd">
<html xmlns="http://www.w3.org/1999/xhtml" xml:lang="en" lang="en">
 <head>
  <title>
</title>
<meta http-equiv="Content-Type" content="text/html;charset=utf-8" />
  <meta name='ocr-system' content='tesseract 3.04.00' />
  <meta name='ocr-capabilities' content='ocr_page ocr_carea ocr_par ocr_line ocrx_word'/>
</head>
<body>
  <div class='ocr_page' id='page_1' title='image "./quintilianiquaef00lehnuoft_0143.png"; bbox 0 0 1638 2560; ppageno 0'>
   <div class='ocr_carea' id='block_1_1' title="bbox 488 104 1449 149">
    <p class='ocr_par' dir='ltr' id='par_1_1' title="bbox 488 104 1449 149">
     <span class='ocr_line' id='line_1_1' title="bbox 488 104 1449 149; baseline 0 -8"><span class='ocrx_word' id='word_1_1' title='bbox 488 104 808 143; x_wconf 73' lang='lat' dir='ltr'>DECLAMATIO</span> <span class='ocrx_word' id='word_1_2' title='bbox 833 105 870 142; x_wconf 80' lang='lat' dir='ltr'>V</span> <span class='ocrx_word' id='word_1_3' title='bbox 888 109 1042 143; x_wconf 75' lang='lat'>19—21.</span> <span class='ocrx_word' id='word_1_4' title='bbox 1358 105 1449 149; x_wconf 68' lang='lat'><strong>&#39;107</strong></span> 
     </span>
    </p>
   </div>
   <div class='ocr_carea' id='block_1_2' title="bbox 10 220 1520 2091">
    <p class='ocr_par' dir='ltr' id='par_1_2' title="bbox 10 220 1451 1486">
     <span class='ocr_line' id='line_1_2' title="bbox 70 220 1450 273; baseline -0.001 -11"><span class='ocrx_word' id='word_1_5' title='bbox 70 221 352 273; x_wconf 72' lang='lat' dir='ltr'><strong>redempturus</strong></span> <span class='ocrx_word' id='word_1_6' title='bbox 393 222 610 272; x_wconf 87' lang='lat' dir='ltr'><strong>utrumque</strong></span> <span class='ocrx_word' id='word_1_7' title='bbox 653 222 819 272; x_wconf 82' lang='lat' dir='ltr'><strong>venisti3</strong></span> <span class='ocrx_word' id='word_1_8' title='bbox 862 233 944 261; x_wconf 89' lang='lat' dir='ltr'><strong>non</strong></span> <span class='ocrx_word' id='word_1_9' title='bbox 988 220 1088 260; x_wconf 91' lang='lat' dir='ltr'><strong>adeo</strong></span> <span class='ocrx_word' id='word_1_10' title='bbox 1132 223 1269 261; x_wconf 88' lang='lat' dir='ltr'><strong>tamen</strong></span> <span class='ocrx_word' id='word_1_11' title='bbox 1313 233 1450 261; x_wconf 87' lang='lat' dir='ltr'><strong>sensus</strong></span> 
     </span>
     <span class='ocr_line' id='line_1_3' title="bbox 67 280 1451 334; baseline 0 -12"><span class='ocrx_word' id='word_1_12' title='bbox 67 293 184 323; x_wconf 78' lang='lat' dir='ltr'><strong>meos</strong></span> <span class='ocrx_word' id='word_1_13' title='bbox 213 281 386 334; x_wconf 69' lang='lat' dir='ltr'><strong>languor</strong></span> <span class='ocrx_word' id='word_1_14' title='bbox 413 280 635 332; x_wconf 87' lang='lat' dir='ltr'><strong>hebetavit,</strong></span> <span class='ocrx_word' id='word_1_15' title='bbox 665 284 713 322; x_wconf 90' lang='lat' dir='ltr'><strong>ut</strong></span> <span class='ocrx_word' id='word_1_16' title='bbox 742 282 896 322; x_wconf 82' lang='lat' dir='ltr'><strong>exitum</strong></span> <span class='ocrx_word' id='word_1_17' title='bbox 922 281 1167 321; x_wconf 90' lang='lat' dir='ltr'><strong>condicionis</strong></span> <span class='ocrx_word' id='word_1_18' title='bbox 1192 281 1311 321; x_wconf 89' lang='lat' dir='ltr'><strong>huius</strong></span> <span class='ocrx_word' id='word_1_19' title='bbox 1336 282 1451 333; x_wconf 87' lang='lat' dir='ltr'><strong>igno-</strong></span> 
     </span>
     <span class='ocr_line' id='line_1_4' title="bbox 71 342 1451 395; baseline -0.002 -11"><span class='ocrx_word' id='word_1_20' title='bbox 71 355 168 384; x_wconf 83' lang='lat' dir='ltr'><strong>rem.</strong></span> <span class='ocrx_word' id='word_1_21' title='bbox 230 354 305 394; x_wconf 83' lang='lat' dir='ltr'><strong>ego</strong></span> <span class='ocrx_word' id='word_1_22' title='bbox 336 342 583 392; x_wconf 86' lang='lat' dir='ltr'><strong>luxuriosus,</strong></span> <span class='ocrx_word' id='word_1_23' title='bbox 622 355 695 395; x_wconf 90' lang='lat' dir='ltr'><strong>ego</strong></span> <span class='ocrx_word' id='word_1_24' title='bbox 732 342 932 394; x_wconf 87' lang='lat' dir='ltr'><strong>perditus,</strong></span> <span class='ocrx_word' id='word_1_25' title='bbox 969 355 1075 382; x_wconf 89' lang='lat' dir='ltr'><strong>nunc</strong></span> <span class='ocrx_word' id='word_1_26' title='bbox 1106 355 1201 382; x_wconf 83' lang='lat' dir='ltr'><strong>vero</strong></span> <span class='ocrx_word' id='word_1_27' title='bbox 1239 355 1360 392; x_wconf 90' lang='lat' dir='ltr'><strong>super</strong></span> <span class='ocrx_word' id='word_1_28' title='bbox 1389 343 1451 381; x_wconf 84' lang='lat' dir='ltr'><strong>in—</strong></span> 
     </span>
     <span class='ocr_line' id='line_1_5' title="bbox 72 402 1451 444; baseline -0.001 0"><span class='ocrx_word' id='word_1_29' title='bbox 72 403 243 444; x_wconf 72' lang='lat' dir='ltr'><strong>famiam</strong></span> <span class='ocrx_word' id='word_1_30' title='bbox 271 402 445 443; x_wconf 83' lang='lat' dir='ltr'><strong>nominis</strong></span> <span class='ocrx_word' id='word_1_31' title='bbox 483 403 603 443; x_wconf 90' lang='lat' dir='ltr'><strong>huius</strong></span> <span class='ocrx_word' id='word_1_32' title='bbox 634 404 818 444; x_wconf 88' lang='lat' dir='ltr'><strong>emorior.</strong></span> <span class='ocrx_word' id='word_1_33' title='bbox 879 404 1038 442; x_wconf 86' lang='lat' dir='ltr'><strong>utinam</strong></span> <span class='ocrx_word' id='word_1_34' title='bbox 1068 403 1144 442; x_wconf 88' lang='lat' dir='ltr'><strong>hoc</strong></span> <span class='ocrx_word' id='word_1_35' title='bbox 1175 403 1320 442; x_wconf 86' lang='lat' dir='ltr'><strong>saltem</strong></span> <span class='ocrx_word' id='word_1_36' title='bbox 1349 403 1451 442; x_wconf 83' lang='lat' dir='ltr'><strong>mihi</strong></span> 
     </span>
     <span class='ocr_line' id='line_1_6' title="bbox 11 463 1450 514; baseline 0.001 -13"><span class='ocrx_word' id='word_1_37' title='bbox 11 483 19 501; x_wconf 27' lang='grc' dir='ltr'><strong>,ν</strong></span> <span class='ocrx_word' id='word_1_38' title='bbox 34 476 54 504; x_wconf 79' lang='lat'>5</span> <span class='ocrx_word' id='word_1_39' title='bbox 73 471 163 504; x_wconf 81' lang='lat' dir='ltr'><strong>sero</strong></span> <span class='ocrx_word' id='word_1_40' title='bbox 199 464 287 504; x_wconf 74' lang='lat' dir='ltr'><strong>fata</strong></span> <span class='ocrx_word' id='word_1_41' title='bbox 322 465 595 514; x_wconf 75' lang='lat' dir='ltr'>praestarent,</span> <span class='ocrx_word' id='word_1_42' title='bbox 632 466 679 503; x_wconf 92' lang='lat' dir='ltr'><strong>ut</strong></span> <span class='ocrx_word' id='word_1_43' title='bbox 715 464 921 503; x_wconf 89' lang='lat' dir='ltr'><strong>residuum</strong></span> <span class='ocrx_word' id='word_1_44' title='bbox 957 463 1182 503; x_wconf 88' lang='lat' dir='ltr'><strong>laborantis</strong></span> <span class='ocrx_word' id='word_1_45' title='bbox 1218 465 1376 502; x_wconf 86' lang='lat' dir='ltr'><strong>animae</strong></span> <span class='ocrx_word' id='word_1_46' title='bbox 1406 464 1450 503; x_wconf 91' lang='lat' dir='ltr'><strong>in</strong></span> 
     </span>
     <span class='ocr_line' id='line_1_7' title="bbox 73 524 1450 576; baseline 0 -12"><span class='ocrx_word' id='word_1_47' title='bbox 73 525 144 565; x_wconf 83' lang='lat' dir='ltr'><strong>tuo</strong></span> <span class='ocrx_word' id='word_1_48' title='bbox 175 537 413 576; x_wconf 78' lang='lat' dir='ltr'><strong>poneremus</strong></span> <span class='ocrx_word' id='word_1_49' title='bbox 445 525 645 576; x_wconf 84' lang='lat' dir='ltr'><strong>amplexu.</strong></span> <span class='ocrx_word' id='word_1_50' title='bbox 708 525 778 564; x_wconf 86' lang='lat' dir='ltr'><strong>sed</strong></span> <span class='ocrx_word' id='word_1_51' title='bbox 810 525 845 564; x_wconf 87' lang='lat' dir='ltr'><strong>si</strong></span> <span class='ocrx_word' id='word_1_52' title='bbox 874 537 988 564; x_wconf 84' lang='lat' dir='ltr'><strong>mora</strong></span> <span class='ocrx_word' id='word_1_53' title='bbox 1021 525 1082 564; x_wconf 87' lang='lat' dir='ltr'><strong>est</strong></span> <span class='ocrx_word' id='word_1_54' title='bbox 1115 524 1276 575; x_wconf 84' lang='lat' dir='ltr'>longior</span> <span class='ocrx_word' id='word_1_55' title='bbox 1306 537 1450 575; x_wconf 87' lang='lat' dir='ltr'><strong>prope-</strong></span> 
     </span>
     <span class='ocr_line' id='line_1_8' title="bbox 66 585 1450 636; baseline -0.001 -11"><span class='ocrx_word' id='word_1_56' title='bbox 66 585 257 626; x_wconf 78' lang='lat' dir='ltr'><strong>rantibus</strong></span> <span class='ocrx_word' id='word_1_57' title='bbox 295 587 504 636; x_wconf 80' lang='lat' dir='ltr'><strong>expectare</strong></span> <span class='ocrx_word' id='word_1_58' title='bbox 542 587 796 636; x_wconf 88' lang='lat' dir='ltr'><strong>pereuntem,</strong></span> <span class='ocrx_word' id='word_1_59' title='bbox 827 586 884 625; x_wconf 90' lang='lat' dir='ltr'><strong>ite</strong></span> <span class='ocrx_word' id='word_1_60' title='bbox 916 586 1173 636; x_wconf 76' lang='lat' dir='ltr'><strong>superstites,</strong></span> <span class='ocrx_word' id='word_1_61' title='bbox 1203 586 1260 624; x_wconf 90' lang='lat' dir='ltr'><strong>ite</strong></span> <span class='ocrx_word' id='word_1_62' title='bbox 1292 585 1450 635; x_wconf 85' lang='lat' dir='ltr'><strong>felices;</strong></span> 
     </span>
     <span class='ocr_line' id='line_1_9' title="bbox 68 645 1450 697; baseline -0.001 -12"><span class='ocrx_word' id='word_1_63' title='bbox 68 645 158 686; x_wconf 80' lang='lat' dir='ltr'><strong>has&#39;</strong></span> <span class='ocrx_word' id='word_1_64' title='bbox 175 646 338 686; x_wconf 84' lang='lat' dir='ltr'><strong>tantum</strong></span> <span class='ocrx_word' id='word_1_65' title='bbox 366 646 560 696; x_wconf 82' lang='lat' dir='ltr'>reliquias</span> <span class='ocrx_word' id='word_1_66' title='bbox 592 646 867 686; x_wconf 86' lang='lat' dir='ltr'><strong>commendate</strong></span> <span class='ocrx_word' id='word_1_67' title='bbox 898 646 1061 696; x_wconf 77' lang='lat' dir='ltr'><strong>piratis,</strong></span> <span class='ocrx_word' id='word_1_68' title='bbox 1093 659 1143 685; x_wconf 90' lang='lat' dir='ltr'><strong>ne</strong></span> <span class='ocrx_word' id='word_1_69' title='bbox 1173 658 1328 685; x_wconf 87' lang='lat' dir='ltr'><strong>mersus</strong></span> <span class='ocrx_word' id='word_1_70' title='bbox 1358 658 1450 697; x_wconf 88' lang='lat' dir='ltr'><strong>pro-</strong></span> 
     </span>
     <span class='ocr_line' id='line_1_10' title="bbox 71 705 1451 757; baseline 0.001 -13"><span class='ocrx_word' id='word_1_71' title='bbox 71 705 216 756; x_wconf 84' lang='lat' dir='ltr'><strong>fundo,</strong></span> <span class='ocrx_word' id='word_1_72' title='bbox 252 707 455 757; x_wconf 82' lang='lat' dir='ltr'><strong>proiectus</strong></span> <span class='ocrx_word' id='word_1_73' title='bbox 493 707 535 746; x_wconf 90' lang='lat' dir='ltr'><strong>in</strong></span> <span class='ocrx_word' id='word_1_74' title='bbox 572 707 737 757; x_wconf 86' lang='lat' dir='ltr'><strong>fluctus,</strong></span> <span class='ocrx_word' id='word_1_75' title='bbox 783 708 935 746; x_wconf 74' lang='lat' dir='ltr'><strong>exitum</strong></span> <span class='ocrx_word' id='word_1_76' title='bbox 971 706 1120 746; x_wconf 87' lang='lat' dir='ltr'><strong>faciam</strong></span> <span class='ocrx_word' id='word_1_77' title='bbox 1162 706 1354 755; x_wconf 88' lang='lat' dir='ltr'><strong>hominis,</strong></span> <span class='ocrx_word' id='word_1_78' title='bbox 1399 706 1451 745; x_wconf 91' lang='lat' dir='ltr'><strong>ad</strong></span> 
     </span>
     <span class='ocr_line' id='line_1_11' title="bbox 10 767 1451 818; baseline -0.001 -11"><span class='ocrx_word' id='word_1_79' title='bbox 10 779 53 808; x_wconf 69' lang='grc' dir='ltr'><strong>ιο</strong></span> <span class='ocrx_word' id='word_1_80' title='bbox 72 778 195 817; x_wconf 89' lang='lat' dir='ltr'><strong>quem</strong></span> <span class='ocrx_word' id='word_1_81' title='bbox 224 779 306 806; x_wconf 92' lang='lat' dir='ltr'><strong>non</strong></span> <span class='ocrx_word' id='word_1_82' title='bbox 336 767 492 806; x_wconf 85' lang='lat' dir='ltr'><strong>venerit</strong></span> <span class='ocrx_word' id='word_1_83' title='bbox 523 769 650 818; x_wconf 88' lang='lat' dir='ltr'><strong>pater.</strong></span> <span class='ocrx_word' id='word_1_84' title='bbox 712 767 817 807; x_wconf 88' lang='lat' dir='ltr'><strong>unde</strong></span> <span class='ocrx_word' id='word_1_85' title='bbox 849 768 956 807; x_wconf 89' lang='lat' dir='ltr'><strong>enim</strong></span> <span class='ocrx_word' id='word_1_86' title='bbox 987 779 1149 818; x_wconf 89' lang='lat' dir='ltr'><strong>sperare</strong></span> <span class='ocrx_word' id='word_1_87' title='bbox 1182 780 1365 817; x_wconf 86' lang='lat' dir='ltr'><strong>possum,</strong></span> <span class='ocrx_word' id='word_1_88' title='bbox 1402 769 1451 806; x_wconf 89' lang='lat' dir='ltr'><strong>ut</strong></span> 
     </span>
     <span class='ocr_line' id='line_1_12' title="bbox 68 825 1450 879; baseline 0.001 -13"><span class='ocrx_word' id='word_1_89' title='bbox 68 828 299 877; x_wconf 77' lang='lat' dir='ltr'><strong>revertaris,</strong></span> <span class='ocrx_word' id='word_1_90' title='bbox 329 830 377 867; x_wconf 88' lang='lat' dir='ltr'><strong>ut</strong></span> <span class='ocrx_word' id='word_1_91' title='bbox 406 828 533 868; x_wconf 78' lang='lat' dir='ltr'><strong>facias</strong></span> <span class='ocrx_word' id='word_1_92' title='bbox 542 825 576 866; x_wconf 71' lang='lat'><strong>‘2³’</strong></span> <span class='ocrx_word' id='word_1_93' title='bbox 627 829 725 868; x_wconf 88' lang='lat' dir='ltr'><strong>tunc</strong></span> <span class='ocrx_word' id='word_1_94' title='bbox 756 841 876 879; x_wconf 89' lang='lat' dir='ltr'><strong>super</strong></span> <span class='ocrx_word' id='word_1_95' title='bbox 907 828 1080 878; x_wconf 89' lang='lat' dir='ltr'><strong>abrupta</strong></span> <span class='ocrx_word' id='word_1_96' title='bbox 1108 827 1233 867; x_wconf 85' lang='lat' dir='ltr'><strong>verba</strong></span> <span class='ocrx_word' id='word_1_97' title='bbox 1262 829 1351 867; x_wconf 86' lang='lat' dir='ltr'><strong>tota</strong></span> <span class='ocrx_word' id='word_1_98' title='bbox 1383 827 1450 867; x_wconf 90' lang='lat' dir='ltr'><strong>de-</strong></span> 
     </span>
     <span class='ocr_line' id='line_1_13' title="bbox 70 887 1450 939; baseline 0.001 -13"><span class='ocrx_word' id='word_1_99' title='bbox 70 887 244 930; x_wconf 85' lang='lat' dir='ltr'><strong>fectione</strong></span> <span class='ocrx_word' id='word_1_100' title='bbox 276 890 482 938; x_wconf 78' lang='lat' dir='ltr'><strong>conticuit,</strong></span> <span class='ocrx_word' id='word_1_101' title='bbox 513 889 745 939; x_wconf 75' lang='lat' dir='ltr'><strong>strictisque</strong></span> <span class='ocrx_word' id='word_1_102' title='bbox 777 890 883 928; x_wconf 88' lang='lat' dir='ltr'><strong>circa</strong></span> <span class='ocrx_word' id='word_1_103' title='bbox 907 888 1103 928; x_wconf 85' lang='lat' dir='ltr'><strong>vitalibus</strong></span> <span class='ocrx_word' id='word_1_104' title='bbox 1129 888 1308 928; x_wconf 89' lang='lat' dir='ltr'><strong>dolorem</strong></span> <span class='ocrx_word' id='word_1_105' title='bbox 1333 901 1450 928; x_wconf 91' lang='lat' dir='ltr'><strong>suum</strong></span> 
     </span>
     <span class='ocr_line' id='line_1_14' title="bbox 68 945 1450 1001; baseline -0.001 -12"><span class='ocrx_word' id='word_1_106' title='bbox 68 947 251 989; x_wconf 76' lang='lat' dir='ltr'><strong>membra</strong></span> <span class='ocrx_word' id='word_1_107' title='bbox 279 950 501 1001; x_wconf 87' lang='lat' dir='ltr'><strong>riguerunt.</strong></span> <span class='ocrx_word' id='word_1_108' title='bbox 551 949 785 999; x_wconf 81' lang='lat' dir='ltr'><strong>exclamavi,</strong></span> <span class='ocrx_word' id='word_1_109' title='bbox 817 950 965 989; x_wconf 89' lang='lat' dir='ltr'><strong>fateor:</strong></span> <span class='ocrx_word' id='word_1_110' title='bbox 998 945 1113 1000; x_wconf 77' lang='lat' dir='ltr'><strong>‘quid</strong></span> <span class='ocrx_word' id='word_1_111' title='bbox 1145 950 1246 1001; x_wconf 87' lang='lat' dir='ltr'><strong>agis,</strong></span> <span class='ocrx_word' id='word_1_112' title='bbox 1278 947 1450 988; x_wconf 80' lang='lat' dir='ltr'><strong>infelix?</strong></span> 
     </span>
     <span class='ocr_line' id='line_1_15' title="bbox 31 1008 1450 1061; baseline 0 -12"><span class='ocrx_word' id='word_1_113' title='bbox 31 1015 34 1018; x_wconf 76' lang='grc'>’</span> <span class='ocrx_word' id='word_1_114' title='bbox 70 1022 144 1049; x_wconf 86' lang='lat' dir='ltr'><strong>cm·</strong></span> <span class='ocrx_word' id='word_1_115' title='bbox 166 1008 448 1060; x_wconf 78' lang='lat' dir='ltr'><strong>desperatione</strong></span> <span class='ocrx_word' id='word_1_116' title='bbox 473 1010 725 1050; x_wconf 77' lang='lat' dir='ltr'><strong>conlaberis?</strong></span> <span class='ocrx_word' id='word_1_117' title='bbox 776 1010 919 1050; x_wconf 83' lang='lat' dir='ltr'><strong>attolle</strong></span> <span class='ocrx_word' id='word_1_118' title='bbox 944 1010 1151 1061; x_wconf 76' lang='lat' dir='ltr'><strong>paulisper</strong></span> <span class='ocrx_word' id='word_1_119' title='bbox 1177 1010 1324 1060; x_wconf 86' lang='lat' dir='ltr'><strong>oculos,</strong></span> <span class='ocrx_word' id='word_1_120' title='bbox 1357 1023 1450 1049; x_wconf 91' lang='lat' dir='ltr'><strong>con-</strong></span> 
     </span>
     <span class='ocr_line' id='line_1_16' title="bbox 12 1068 1450 1123; baseline -0.001 -13"><span class='ocrx_word' id='word_1_121' title='bbox 12 1082 51 1111; x_wconf 71' lang='grc' dir='ltr'><strong>ιε</strong></span> <span class='ocrx_word' id='word_1_122' title='bbox 69 1069 203 1120; x_wconf 75' lang='lat' dir='ltr'><strong>firma,</strong></span> <span class='ocrx_word' id='word_1_123' title='bbox 241 1069 361 1120; x_wconf 84' lang='lat' dir='ltr'><strong>dura,</strong></span> <span class='ocrx_word' id='word_1_124' title='bbox 397 1072 438 1110; x_wconf 88' lang='lat' dir='ltr'><strong>te</strong></span> <span class='ocrx_word' id='word_1_125' title='bbox 476 1071 602 1110; x_wconf 72' lang='lat' dir='ltr'><strong>stater</strong></span> <span class='ocrx_word' id='word_1_126' title='bbox 641 1068 791 1123; x_wconf 66' lang='lat' dir='ltr'><strong>elegit?</strong></span> <span class='ocrx_word' id='word_1_127' title='bbox 854 1072 942 1110; x_wconf 87' lang='lat' dir='ltr'><strong>visa</strong></span> <span class='ocrx_word' id='word_1_128' title='bbox 975 1073 1036 1110; x_wconf 90' lang='lat' dir='ltr'><strong>est</strong></span> <span class='ocrx_word' id='word_1_129' title='bbox 1067 1084 1139 1122; x_wconf 88' lang='lat' dir='ltr'><strong>per</strong></span> <span class='ocrx_word' id='word_1_130' title='bbox 1175 1071 1279 1110; x_wconf 87' lang='lat' dir='ltr'><strong>hanc</strong></span> <span class='ocrx_word' id='word_1_131' title='bbox 1310 1083 1450 1110; x_wconf 88' lang='lat' dir='ltr'><strong>vocem</strong></span> 
     </span>
     <span class='ocr_line' id='line_1_17' title="bbox 69 1131 1451 1182; baseline 0 -12"><span class='ocrx_word' id='word_1_132' title='bbox 69 1143 203 1171; x_wconf 83' lang='lat' dir='ltr'><strong>meam</strong></span> <span class='ocrx_word' id='word_1_133' title='bbox 238 1133 403 1181; x_wconf 83' lang='lat' dir='ltr'><strong>peracta</strong></span> <span class='ocrx_word' id='word_1_134' title='bbox 435 1131 635 1182; x_wconf 89' lang='lat' dir='ltr'><strong>condicio,</strong></span> <span class='ocrx_word' id='word_1_135' title='bbox 673 1131 864 1171; x_wconf 89' lang='lat' dir='ltr'><strong>continuo</strong></span> <span class='ocrx_word' id='word_1_136' title='bbox 895 1131 1031 1182; x_wconf 86' lang='lat' dir='ltr'><strong>pirata</strong></span> <span class='ocrx_word' id='word_1_137' title='bbox 1063 1131 1239 1171; x_wconf 84' lang='lat' dir='ltr'><strong>detraxit</strong></span> <span class='ocrx_word' id='word_1_138' title='bbox 1273 1133 1451 1179; x_wconf 87' lang='lat' dir='ltr'><strong>catenas,</strong></span> 
     </span>
     <span class='ocr_line' id='line_1_18' title="bbox 69 1190 1449 1245; baseline -0.001 -14"><span class='ocrx_word' id='word_1_139' title='bbox 69 1191 205 1232; x_wconf 84' lang='lat' dir='ltr'><strong>vincla.</strong></span> <span class='ocrx_word' id='word_1_140' title='bbox 234 1191 401 1231; x_wconf 83' lang='lat' dir='ltr'><strong>laxavit.</strong></span> <span class='ocrx_word' id='word_1_141' title='bbox 462 1192 599 1242; x_wconf 80' lang='lat' dir='ltr'><strong>vultis,</strong></span> <span class='ocrx_word' id='word_1_142' title='bbox 631 1192 799 1245; x_wconf 85' lang='lat' dir='ltr'><strong>elegisse</strong></span> <span class='ocrx_word' id='word_1_143' title='bbox 830 1205 894 1232; x_wconf 89' lang='lat' dir='ltr'><strong>me</strong></span> <span class='ocrx_word' id='word_1_144' title='bbox 925 1190 1095 1244; x_wconf 85' lang='lat' dir='ltr'><strong>negem?</strong></span> <span class='ocrx_word' id='word_1_145' title='bbox 1145 1192 1282 1242; x_wconf 83' lang='lat' dir='ltr'><strong>vultis,</strong></span> <span class='ocrx_word' id='word_1_146' title='bbox 1313 1193 1358 1231; x_wconf 88' lang='lat' dir='ltr'><strong>in</strong></span> <span class='ocrx_word' id='word_1_147' title='bbox 1389 1192 1449 1230; x_wconf 93' lang='lat' dir='ltr'><strong>lu-</strong></span> 
     </span>
     <span class='ocr_line' id='line_1_19' title="bbox 69 1251 1447 1304; baseline 0 -13"><span class='ocrx_word' id='word_1_148' title='bbox 69 1263 158 1291; x_wconf 85' lang='lat' dir='ltr'><strong>cem</strong></span> <span class='ocrx_word' id='word_1_149' title='bbox 188 1251 373 1302; x_wconf 85' lang='lat' dir='ltr'><strong>diemque</strong></span> <span class='ocrx_word' id='word_1_150' title='bbox 404 1253 626 1303; x_wconf 87' lang='lat' dir='ltr'><strong>productus</strong></span> <span class='ocrx_word' id='word_1_151' title='bbox 658 1254 809 1293; x_wconf 86' lang='lat' dir='ltr'><strong>carceri</strong></span> <span class='ocrx_word' id='word_1_152' title='bbox 840 1266 913 1292; x_wconf 91' lang='lat' dir='ltr'><strong>suo</strong></span> <span class='ocrx_word' id='word_1_153' title='bbox 944 1252 1137 1292; x_wconf 89' lang='lat' dir='ltr'><strong>reddatur</strong></span> <span class='ocrx_word' id='word_1_154' title='bbox 1169 1251 1316 1304; x_wconf 83' lang='lat' dir='ltr'><strong>aeger?</strong></span> <span class='ocrx_word' id='word_1_155' title='bbox 1373 1265 1447 1304; x_wconf 88' lang='lat' dir='ltr'><strong>ego</strong></span> 
     </span>
     <span class='ocr_line' id='line_1_20' title="bbox 69 1313 1448 1365; baseline 0.001 -14"><span class='ocrx_word' id='word_1_156' title='bbox 69 1325 166 1352; x_wconf 79' lang='lat' dir='ltr'><strong>vero</strong></span> <span class='ocrx_word' id='word_1_157' title='bbox 195 1325 278 1352; x_wconf 88' lang='lat' dir='ltr'><strong>non</strong></span> <span class='ocrx_word' id='word_1_158' title='bbox 308 1313 434 1353; x_wconf 85' lang='lat' dir='ltr'><strong>habui</strong></span> <span class='ocrx_word' id='word_1_159' title='bbox 463 1313 588 1354; x_wconf 84' lang='lat' dir='ltr'><strong>verba</strong></span> <span class='ocrx_word' id='word_1_160' title='bbox 620 1313 764 1365; x_wconf 90' lang='lat' dir='ltr'><strong>quibus</strong></span> <span class='ocrx_word' id='word_1_161' title='bbox 796 1327 859 1352; x_wconf 89' lang='lat' dir='ltr'><strong>me</strong></span> <span class='ocrx_word' id='word_1_162' title='bbox 891 1313 1132 1363; x_wconf 89' lang='lat' dir='ltr'><strong>deliberare,</strong></span> <span class='ocrx_word' id='word_1_163' title='bbox 1164 1314 1309 1364; x_wconf 90' lang='lat' dir='ltr'><strong>quibus</strong></span> <span class='ocrx_word' id='word_1_164' title='bbox 1340 1314 1448 1352; x_wconf 89' lang='lat' dir='ltr'><strong>nolle</strong></span> 
     </span>
     <span class='ocr_line' id='line_1_21' title="bbox 10 1373 1449 1425; baseline -0.001 -12"><span class='ocrx_word' id='word_1_165' title='bbox 10 1385 52 1413; x_wconf 70' lang='lat' dir='ltr'><strong>no</strong></span> <span class='ocrx_word' id='word_1_166' title='bbox 69 1373 362 1413; x_wconf 73' lang='lat' dir='ltr'><strong>contenderem.</strong></span> <span class='ocrx_word' id='word_1_167' title='bbox 424 1374 549 1414; x_wconf 84' lang='lat' dir='ltr'><strong>vultis</strong></span> <span class='ocrx_word' id='word_1_168' title='bbox 587 1376 688 1414; x_wconf 87' lang='lat' dir='ltr'><strong>scire</strong></span> <span class='ocrx_word' id='word_1_169' title='bbox 727 1374 825 1425; x_wconf 86' lang='lat' dir='ltr'><strong>quid</strong></span> <span class='ocrx_word' id='word_1_170' title='bbox 856 1376 991 1424; x_wconf 88' lang='lat' dir='ltr'><strong>pater,</strong></span> <span class='ocrx_word' id='word_1_171' title='bbox 1030 1373 1127 1424; x_wconf 89' lang='lat' dir='ltr'><strong>quid</strong></span> <span class='ocrx_word' id='word_1_172' title='bbox 1159 1375 1294 1424; x_wconf 82' lang='lat' dir='ltr'><strong>pirata</strong></span> <span class='ocrx_word' id='word_1_173' title='bbox 1331 1387 1449 1425; x_wconf 91' lang='lat' dir='ltr'><strong>prae-</strong></span> 
     </span>
     <span class='ocr_line' id='line_1_22' title="bbox 70 1432 1197 1486; baseline 0 -12"><span class='ocrx_word' id='word_1_174' title='bbox 70 1432 251 1474; x_wconf 78' lang='lat' dir='ltr'><strong>stiterit?</strong></span> <span class='ocrx_word' id='word_1_175' title='bbox 311 1447 386 1486; x_wconf 88' lang='lat' dir='ltr'><strong>ego</strong></span> <span class='ocrx_word' id='word_1_176' title='bbox 417 1434 517 1474; x_wconf 89' lang='lat' dir='ltr'><strong>duos</strong></span> <span class='ocrx_word' id='word_1_177' title='bbox 549 1435 711 1484; x_wconf 86' lang='lat' dir='ltr'><strong>redemi,</strong></span> <span class='ocrx_word' id='word_1_178' title='bbox 743 1435 812 1474; x_wconf 90' lang='lat' dir='ltr'><strong>sed</strong></span> <span class='ocrx_word' id='word_1_179' title='bbox 845 1435 1018 1474; x_wconf 89' lang='lat' dir='ltr'><strong>alterum</strong></span> <span class='ocrx_word' id='word_1_180' title='bbox 1049 1436 1197 1485; x_wconf 85' lang='lat' dir='ltr'><strong>accepi.</strong></span> 
     </span>
    </p>

    <p class='ocr_par' dir='ltr' id='par_1_3' title="bbox 70 1490 1449 1667">
     <span class='ocr_line' id='line_1_23' title="bbox 162 1490 1449 1547; baseline 0.002 -15"><span class='ocrx_word' id='word_1_181' title='bbox 162 1490 235 1534; x_wconf 79' lang='lat' dir='ltr'><strong>‘Vt</strong></span> <span class='ocrx_word' id='word_1_182' title='bbox 271 1492 403 1541; x_wconf 83' lang='lat' dir='ltr'><strong>scias&#39;,</strong></span> <span class='ocrx_word' id='word_1_183' title='bbox 440 1496 595 1546; x_wconf 88' lang='lat' dir='ltr'><strong>inquit,</strong></span> <span class='ocrx_word' id='word_1_184' title='bbox 628 1492 813 1547; x_wconf 75' lang='lat' dir='ltr'><strong>‘aegrum</strong></span> <span class='ocrx_word' id='word_1_185' title='bbox 849 1495 994 1534; x_wconf 82' lang='lat' dir='ltr'><strong>redimi</strong></span> <span class='ocrx_word' id='word_1_186' title='bbox 1025 1509 1107 1535; x_wconf 91' lang='lat' dir='ltr'><strong>non</strong></span> <span class='ocrx_word' id='word_1_187' title='bbox 1142 1495 1344 1545; x_wconf 86' lang='lat' dir='ltr'><strong>debuisse,</strong></span> <span class='ocrx_word' id='word_1_188' title='bbox 1381 1495 1449 1535; x_wconf 86' lang='lat' dir='ltr'><strong>de-</strong></span> 
     </span>
     <span class='ocr_line' id='line_1_24' title="bbox 70 1552 1448 1608; baseline 0 -14"><span class='ocrx_word' id='word_1_189' title='bbox 70 1554 234 1595; x_wconf 81' lang='lat' dir='ltr'><strong>functus</strong></span> <span class='ocrx_word' id='word_1_190' title='bbox 266 1552 354 1595; x_wconf 65' lang='lat' dir='ltr'><strong>est?</strong></span> <span class='ocrx_word' id='word_1_191' title='bbox 417 1556 690 1596; x_wconf 86' lang='lat' dir='ltr'><strong>crudelissime</strong></span> <span class='ocrx_word' id='word_1_192' title='bbox 723 1555 879 1608; x_wconf 86' lang='lat' dir='ltr'><strong>generis</strong></span> <span class='ocrx_word' id='word_1_193' title='bbox 911 1556 1090 1605; x_wconf 88' lang='lat' dir='ltr'><strong>humani,</strong></span> <span class='ocrx_word' id='word_1_194' title='bbox 1121 1556 1194 1607; x_wconf 86' lang='lat' dir='ltr'><strong>qui</strong></span> <span class='ocrx_word' id='word_1_195' title='bbox 1225 1568 1297 1595; x_wconf 93' lang='lat' dir='ltr'><strong>nos</strong></span> <span class='ocrx_word' id='word_1_196' title='bbox 1326 1557 1448 1606; x_wconf 85' lang='lat' dir='ltr'><strong>putas</strong></span> 
     </span>
     <span class='ocr_line' id='line_1_25' title="bbox 70 1615 1449 1667; baseline 0 -12"><span class='ocrx_word' id='word_1_197' title='bbox 70 1615 248 1666; x_wconf 81' lang='lat' dir='ltr'><strong>pretium</strong></span> <span class='ocrx_word' id='word_1_198' title='bbox 278 1618 397 1655; x_wconf 89' lang='lat' dir='ltr'><strong>tuum</strong></span> <span class='ocrx_word' id='word_1_199' title='bbox 429 1617 661 1667; x_wconf 87' lang='lat' dir='ltr'><strong>perdidisse,</strong></span> <span class='ocrx_word' id='word_1_200' title='bbox 694 1617 801 1666; x_wconf 87' lang='lat' dir='ltr'><strong>audi,</strong></span> <span class='ocrx_word' id='word_1_201' title='bbox 833 1629 957 1667; x_wconf 90' lang='lat' dir='ltr'><strong>quam</strong></span> <span class='ocrx_word' id='word_1_202' title='bbox 987 1617 1116 1655; x_wconf 88' lang='lat' dir='ltr'><strong>multa</strong></span> <span class='ocrx_word' id='word_1_203' title='bbox 1148 1616 1264 1656; x_wconf 88' lang='lat' dir='ltr'><strong>nobis</strong></span> <span class='ocrx_word' id='word_1_204' title='bbox 1295 1615 1339 1655; x_wconf 91' lang='lat' dir='ltr'><strong>in</strong></span> <span class='ocrx_word' id='word_1_205' title='bbox 1364 1629 1449 1655; x_wconf 91' lang='lat' dir='ltr'><strong>mo-</strong></span> 
     </span>
    </p>

    <p class='ocr_par' dir='ltr' id='par_1_4' title="bbox 11 1675 1449 1971">
     <span class='ocr_line' id='line_1_26' title="bbox 11 1675 1448 1727; baseline 0 -12"><span class='ocrx_word' id='word_1_206' title='bbox 11 1687 52 1716; x_wconf 74' lang='lat'><strong>25</strong></span> <span class='ocrx_word' id='word_1_207' title='bbox 70 1675 200 1716; x_wconf 86' lang='lat' dir='ltr'><strong>rituro</strong></span> <span class='ocrx_word' id='word_1_208' title='bbox 231 1675 314 1716; x_wconf 90' lang='lat' dir='ltr'><strong>filio</strong></span> <span class='ocrx_word' id='word_1_209' title='bbox 346 1678 480 1727; x_wconf 86' lang='lat' dir='ltr'><strong>pirata</strong></span> <span class='ocrx_word' id='word_1_210' title='bbox 506 1676 734 1716; x_wconf 82' lang='lat' dir='ltr'><strong>reddiderit.</strong></span> <span class='ocrx_word' id='word_1_211' title='bbox 786 1678 913 1716; x_wconf 85' lang='lat' dir='ltr'><strong>frater</strong></span> <span class='ocrx_word' id='word_1_212' title='bbox 937 1679 1033 1717; x_wconf 88' lang='lat' dir='ltr'><strong>tuus</strong></span> <span class='ocrx_word' id='word_1_213' title='bbox 1059 1678 1128 1716; x_wconf 86' lang='lat' dir='ltr'><strong>ille</strong></span> <span class='ocrx_word' id='word_1_214' title='bbox 1154 1678 1260 1716; x_wconf 85' lang='lat' dir='ltr'><strong>inter</strong></span> <span class='ocrx_word' id='word_1_215' title='bbox 1285 1677 1448 1716; x_wconf 83' lang='lat' dir='ltr'><strong>vincula</strong></span> 
     </span>
     <span class='ocr_line' id='line_1_27' title="bbox 71 1737 1448 1788; baseline 0.001 -13"><span class='ocrx_word' id='word_1_216' title='bbox 71 1738 314 1787; x_wconf 87' lang='lat' dir='ltr'><strong>catenasque</strong></span> <span class='ocrx_word' id='word_1_217' title='bbox 345 1737 532 1776; x_wconf 88' lang='lat' dir='ltr'><strong>deficiens</strong></span> <span class='ocrx_word' id='word_1_218' title='bbox 569 1739 785 1788; x_wconf 85' lang='lat' dir='ltr'><strong>respiravit</strong></span> <span class='ocrx_word' id='word_1_219' title='bbox 817 1738 973 1788; x_wconf 89' lang='lat' dir='ltr'><strong>aliquid</strong></span> <span class='ocrx_word' id='word_1_220' title='bbox 1003 1738 1047 1777; x_wconf 91' lang='lat' dir='ltr'><strong>in</strong></span> <span class='ocrx_word' id='word_1_221' title='bbox 1084 1740 1174 1777; x_wconf 90' lang='lat' dir='ltr'><strong>toro</strong></span> <span class='ocrx_word' id='word_1_222' title='bbox 1205 1737 1448 1788; x_wconf 88' lang='lat' dir='ltr'><strong>tandemque</strong></span> 
     </span>
     <span class='ocr_line' id='line_1_28' title="bbox 68 1796 1448 1849; baseline 0.001 -13"><span class='ocrx_word' id='word_1_223' title='bbox 68 1796 218 1837; x_wconf 87' lang='lat' dir='ltr'><strong>liberas</strong></span> <span class='ocrx_word' id='word_1_224' title='bbox 256 1797 428 1837; x_wconf 79' lang='lat' dir='ltr'><strong>vinculis</strong></span> <span class='ocrx_word' id='word_1_225' title='bbox 465 1811 608 1838; x_wconf 86' lang='lat' dir='ltr'><strong>manus</strong></span> <span class='ocrx_word' id='word_1_226' title='bbox 645 1812 719 1849; x_wconf 88' lang='lat' dir='ltr'><strong>per</strong></span> <span class='ocrx_word' id='word_1_227' title='bbox 753 1800 879 1838; x_wconf 90' lang='lat' dir='ltr'><strong>totius</strong></span> <span class='ocrx_word' id='word_1_228' title='bbox 917 1799 1059 1838; x_wconf 86' lang='lat' dir='ltr'><strong>lectuli</strong></span> <span class='ocrx_word' id='word_1_229' title='bbox 1097 1798 1231 1849; x_wconf 87' lang='lat' dir='ltr'><strong>spatia</strong></span> <span class='ocrx_word' id='word_1_230' title='bbox 1267 1798 1448 1847; x_wconf 87' lang='lat' dir='ltr'><strong>iactavit,</strong></span> 
     </span>
     <span class='ocr_line' id='line_1_29' title="bbox 64 1858 1449 1910; baseline 0.001 -13"><span class='ocrx_word' id='word_1_231' title='bbox 64 1859 164 1910; x_wconf 75' lang='lat' dir='ltr'><strong>post</strong></span> <span class='ocrx_word' id='word_1_232' title='bbox 186 1858 334 1908; x_wconf 86' lang='lat' dir='ltr'><strong>impias</strong></span> <span class='ocrx_word' id='word_1_233' title='bbox 366 1860 535 1898; x_wconf 88' lang='lat' dir='ltr'><strong>carceris</strong></span> <span class='ocrx_word' id='word_1_234' title='bbox 565 1859 702 1898; x_wconf 87' lang='lat' dir='ltr'><strong>sordes</strong></span> <span class='ocrx_word' id='word_1_235' title='bbox 733 1859 853 1898; x_wconf 87' lang='lat' dir='ltr'><strong>illum</strong></span> <span class='ocrx_word' id='word_1_236' title='bbox 885 1872 976 1898; x_wconf 89' lang='lat' dir='ltr'><strong>cum</strong></span> <span class='ocrx_word' id='word_1_237' title='bbox 1007 1859 1127 1898; x_wconf 87' lang='lat' dir='ltr'><strong>ferali</strong></span> <span class='ocrx_word' id='word_1_238' title='bbox 1151 1860 1263 1898; x_wconf 83' lang='lat' dir='ltr'><strong>veste</strong></span> <span class='ocrx_word' id='word_1_239' title='bbox 1289 1859 1449 1909; x_wconf 87' lang='lat' dir='ltr'><strong>squalo-</strong></span> 
     </span>
     <span class='ocr_line' id='line_1_30' title="bbox 69 1919 1449 1971; baseline 0 -13"><span class='ocrx_word' id='word_1_240' title='bbox 69 1931 158 1958; x_wconf 87' lang='lat' dir='ltr'><strong>rem</strong></span> <span class='ocrx_word' id='word_1_241' title='bbox 187 1919 310 1969; x_wconf 84' lang='lat' dir='ltr'><strong>exnit,</strong></span> <span class='ocrx_word' id='word_1_242' title='bbox 342 1919 548 1970; x_wconf 85' lang='lat' dir='ltr'><strong>paulisper</strong></span> <span class='ocrx_word' id='word_1_243' title='bbox 580 1933 700 1971; x_wconf 86' lang='lat' dir='ltr'><strong>aeger</strong></span> <span class='ocrx_word' id='word_1_244' title='bbox 730 1920 834 1959; x_wconf 87' lang='lat' dir='ltr'><strong>vidit</strong></span> <span class='ocrx_word' id='word_1_245' title='bbox 865 1920 1124 1971; x_wconf 89' lang='lat' dir='ltr'><strong>propinquos,</strong></span> <span class='ocrx_word' id='word_1_246' title='bbox 1156 1920 1356 1959; x_wconf 81' lang='lat' dir='ltr'><strong>allocutus</strong></span> <span class='ocrx_word' id='word_1_247' title='bbox 1389 1922 1449 1960; x_wconf 87' lang='lat' dir='ltr'><strong>est</strong></span> 
     </span>
    </p>

    <p class='ocr_par' dir='ltr' id='par_1_5' title="bbox 11 1979 1520 2091">
     <span class='ocr_line' id='line_1_31' title="bbox 11 1979 1448 2032; baseline 0.001 -15"><span class='ocrx_word' id='word_1_248' title='bbox 11 1989 53 2018; x_wconf 61' lang='grc' dir='ltr'><strong>ιο</strong></span> <span class='ocrx_word' id='word_1_249' title='bbox 73 1980 234 2030; x_wconf 76' lang='lat' dir='ltr'><strong>amicoS,</strong></span> <span class='ocrx_word' id='word_1_250' title='bbox 263 1979 492 2029; x_wconf 87' lang='lat' dir='ltr'><strong>mandavit,</strong></span> <span class='ocrx_word' id='word_1_251' title='bbox 525 1980 675 2032; x_wconf 85' lang='lat' dir='ltr'><strong>exegit,</strong></span> <span class='ocrx_word' id='word_1_252' title='bbox 708 1982 748 2019; x_wconf 91' lang='lat' dir='ltr'><strong>et</strong></span> <span class='ocrx_word' id='word_1_253' title='bbox 780 1980 963 2031; x_wconf 86' lang='lat' dir='ltr'><strong>quamvis</strong></span> <span class='ocrx_word' id='word_1_254' title='bbox 996 1993 1185 2032; x_wconf 88' lang='lat' dir='ltr'><strong>suprema</strong></span> <span class='ocrx_word' id='word_1_255' title='bbox 1216 1981 1323 2020; x_wconf 88' lang='lat' dir='ltr'><strong>sorte</strong></span> <span class='ocrx_word' id='word_1_256' title='bbox 1356 1993 1448 2019; x_wconf 86' lang='lat' dir='ltr'><strong>con—</strong></span> 
     </span>
     <span class='ocr_line' id='line_1_32' title="bbox 70 2038 1520 2091; baseline -0.001 -14"><span class='ocrx_word' id='word_1_257' title='bbox 70 2038 223 2088; x_wconf 88' lang='lat' dir='ltr'><strong>labens,</strong></span> <span class='ocrx_word' id='word_1_258' title='bbox 253 2041 366 2091; x_wconf 85' lang='lat' dir='ltr'><strong>prius</strong></span> <span class='ocrx_word' id='word_1_259' title='bbox 391 2042 527 2080; x_wconf 85' lang='lat' dir='ltr'><strong>tamen</strong></span> <span class='ocrx_word' id='word_1_260' title='bbox 558 2041 649 2080; x_wconf 88' lang='lat' dir='ltr'><strong>luce</strong></span> <span class='ocrx_word' id='word_1_261' title='bbox 676 2041 777 2080; x_wconf 88' lang='lat' dir='ltr'><strong>caeli</strong></span> <span class='ocrx_word' id='word_1_262' title='bbox 801 2041 929 2080; x_wconf 88' lang='lat' dir='ltr'><strong>libera</strong></span> <span class='ocrx_word' id='word_1_263' title='bbox 955 2041 1127 2080; x_wconf 88' lang='lat' dir='ltr'><strong>satiatus</strong></span> <span class='ocrx_word' id='word_1_264' title='bbox 1155 2042 1224 2081; x_wconf 88' lang='lat' dir='ltr'><strong>est.</strong></span> <span class='ocrx_word' id='word_1_265' title='bbox 1277 2041 1449 2080; x_wconf 88' lang='lat' dir='ltr'><strong>contulit</strong></span> <span class='ocrx_word' id='word_1_266' title='bbox 1470 2040 1520 2076; x_wconf 75' lang='lat'><strong>21</strong></span> 
     </span>
    </p>
   </div>
   <div class='ocr_carea' id='block_1_3' title="bbox 69 2110 360 2115">
    <p class='ocr_par' dir='ltr' id='par_1_6' title="bbox 69 2110 360 2115">
     <span class='ocr_line' id='line_1_33' title="bbox 69 2110 360 2115; baseline 0 0"><span class='ocrx_word' id='word_1_267' title='bbox 69 2110 360 2115; x_wconf 95' lang='lat' dir='ltr'><strong> </strong></span> 
     </span>
    </p>
   </div>
   <div class='ocr_carea' id='block_1_4' title="bbox 70 2143 1448 2239">
    <p class='ocr_par' dir='ltr' id='par_1_7' title="bbox 70 2143 1448 2239">
     <span class='ocr_line' id='line_1_34' title="bbox 167 2143 1382 2190; baseline 0 -11"><span class='ocrx_word' id='word_1_268' title='bbox 167 2146 188 2178; x_wconf 82' lang='lat'>2</span> <span class='ocrx_word' id='word_1_269' title='bbox 221 2143 422 2179; x_wconf 85' lang='lat' dir='ltr'><strong>hebetabit</strong></span> <span class='ocrx_word' id='word_1_270' title='bbox 446 2150 527 2179; x_wconf 80' lang='grc' dir='ltr'><strong>ΒΜ</strong></span> <span class='ocrx_word' id='word_1_271' title='bbox 622 2147 642 2178; x_wconf 86' lang='lat'><strong>3</strong></span> <span class='ocrx_word' id='word_1_272' title='bbox 675 2146 715 2180; x_wconf 92' lang='lat' dir='ltr'><strong>et</strong></span> <span class='ocrx_word' id='word_1_273' title='bbox 739 2155 810 2190; x_wconf 87' lang='lat' dir='ltr'><strong>ego</strong></span> <span class='ocrx_word' id='word_1_274' title='bbox 836 2144 1008 2190; x_wconf 85' lang='lat' dir='ltr'><strong>perditus</strong></span> <span class='ocrx_word' id='word_1_275' title='bbox 1035 2153 1055 2187; x_wconf 79' lang='grc' dir='ltr'><strong><em>β</em></strong></span> <span class='ocrx_word' id='word_1_276' title='bbox 1153 2147 1174 2179; x_wconf 88' lang='lat'>5</span> <span class='ocrx_word' id='word_1_277' title='bbox 1207 2143 1311 2179; x_wconf 87' lang='lat' dir='ltr'><strong>facta</strong></span> <span class='ocrx_word' id='word_1_278' title='bbox 1337 2149 1382 2179; x_wconf 86' lang='grc' dir='ltr'><em>Μ</em></span> 
     </span>
     <span class='ocr_line' id='line_1_35' title="bbox 70 2191 1448 2239; baseline 0.001 -12"><span class='ocrx_word' id='word_1_279' title='bbox 70 2193 92 2226; x_wconf 81' lang='grc'><strong>6</strong></span> <span class='ocrx_word' id='word_1_280' title='bbox 117 2192 203 2227; x_wconf 85' lang='lat' dir='ltr'><strong>tuos</strong></span> <span class='ocrx_word' id='word_1_281' title='bbox 218 2191 485 2238; x_wconf 84' lang='lat' dir='ltr'><strong>...amplexus</strong></span> <span class='ocrx_word' id='word_1_282' title='bbox 517 2198 546 2227; x_wconf 71' lang='lat' dir='ltr'><strong><em>V</em></strong></span> <span class='ocrx_word' id='word_1_283' title='bbox 638 2196 659 2228; x_wconf 88' lang='grc'>9</span> <span class='ocrx_word' id='word_1_284' title='bbox 685 2194 879 2239; x_wconf 86' lang='lat' dir='ltr'><strong>protectus</strong></span> <span class='ocrx_word' id='word_1_285' title='bbox 905 2199 985 2227; x_wconf 80' lang='grc' dir='ltr'><strong>ΒΜ</strong></span> <span class='ocrx_word' id='word_1_286' title='bbox 1081 2196 1123 2227; x_wconf 82' lang='lat'><strong>12</strong></span> <span class='ocrx_word' id='word_1_287' title='bbox 1152 2192 1252 2228; x_wconf 80' lang='lat' dir='ltr'><strong>circa</strong></span> <span class='ocrx_word' id='word_1_288' title='bbox 1279 2191 1448 2228; x_wconf 89' lang='lat' dir='ltr'><strong>dolorem</strong></span> 
     </span>
    </p>
   </div>
   <div class='ocr_carea' id='block_1_5' title="bbox 68 2239 1452 2287">
    <p class='ocr_par' dir='ltr' id='par_1_8' title="bbox 0 2230 1452 2287">
     <span class='ocr_line' id='line_1_36' title="bbox 68 2239 1452 2287; baseline -0.002 -8.14"><span class='ocrx_word' id='word_1_289' title='bbox 68 2239 250 2276; x_wconf 81' lang='lat' dir='ltr'><strong>vitalibus</strong></span> <span class='ocrx_word' id='word_1_290' title='bbox 270 2247 326 2284; x_wconf 76' lang='grc' dir='ltr'><strong>Μς</strong></span> <span class='ocrx_word' id='word_1_291' title='bbox 352 2240 533 2277; x_wconf 84' lang='lat' dir='ltr'><strong>vitalibus</strong></span> <span class='ocrx_word' id='word_1_292' title='bbox 560 2241 660 2277; x_wconf 85' lang='lat' dir='ltr'><strong>circa</strong></span> <span class='ocrx_word' id='word_1_293' title='bbox 685 2250 705 2284; x_wconf 77' lang='grc' dir='ltr'><strong><em>β</em></strong></span> <span class='ocrx_word' id='word_1_294' title='bbox 780 2245 824 2276; x_wconf 84' lang='lat'><strong>15</strong></span> <span class='ocrx_word' id='word_1_295' title='bbox 850 2252 934 2287; x_wconf 90' lang='lat' dir='ltr'><strong>per:</strong></span> <span class='ocrx_word' id='word_1_296' title='bbox 961 2242 1050 2287; x_wconf 89' lang='lat' dir='ltr'><strong>post</strong></span> <span class='ocrx_word' id='word_1_297' title='bbox 1074 2247 1146 2283; x_wconf 69' lang='grc' dir='ltr'><strong>Γβσ</strong></span> <span class='ocrx_word' id='word_1_298' title='bbox 1219 2244 1261 2276; x_wconf 83' lang='grc'><strong>17</strong></span> <span class='ocrx_word' id='word_1_299' title='bbox 1283 2240 1394 2277; x_wconf 83' lang='lat' dir='ltr'><strong>voltis</strong></span> <span class='ocrx_word' id='word_1_300' title='bbox 1415 2246 1452 2276; x_wconf 83' lang='lat' dir='ltr'><em>B</em></span> 
     </span>
    </p>
   </div>
   <div class='ocr_carea' id='block_1_6' title="bbox 0 2289 1380 2452">
    <p class='ocr_par' dir='ltr' id='par_1_9' title="bbox 0 2289 1380 2452">
     <span class='ocr_line' id='line_1_37' title="bbox 0 2289 1380 2361; baseline 0 -13"><span class='ocrx_word' id='word_1_301' title='bbox 0 2294 19 2350; x_wconf 87' lang='lat' dir='ltr'>L</span> <span class='ocrx_word' id='word_1_302' title='bbox 72 2315 117 2348; x_wconf 88' lang='lat'><strong>18</strong></span> <span class='ocrx_word' id='word_1_303' title='bbox 142 2313 285 2348; x_wconf 85' lang='lat' dir='ltr'><strong>carceri</strong></span> <span class='ocrx_word' id='word_1_304' title='bbox 311 2324 378 2348; x_wconf 88' lang='lat' dir='ltr'><strong>suo</strong></span> <span class='ocrx_word' id='word_1_305' title='bbox 403 2325 472 2349; x_wconf 84' lang='lat' dir='ltr'><strong>om.</strong></span> <span class='ocrx_word' id='word_1_306' title='bbox 488 2320 534 2357; x_wconf 85' lang='lat' dir='ltr'><strong>B,</strong></span> <span class='ocrx_word' id='word_1_307' title='bbox 560 2315 602 2349; x_wconf 81' lang='lat' dir='ltr'><strong>in</strong></span> <span class='ocrx_word' id='word_1_308' title='bbox 623 2325 739 2361; x_wconf 64' lang='lat' dir='ltr'><strong>marg.</strong></span> <span class='ocrx_word' id='word_1_309' title='bbox 761 2313 848 2350; x_wconf 79' lang='lat' dir='ltr'><strong>add.</strong></span> <span class='ocrx_word' id='word_1_310' title='bbox 870 2321 893 2348; x_wconf 73' lang='lat' dir='ltr'><strong><em>b</em></strong></span> <span class='ocrx_word' id='word_1_311' title='bbox 992 2317 1038 2349; x_wconf 84' lang='lat'><strong>20</strong></span> <span class='ocrx_word' id='word_1_312' title='bbox 1064 2289 1158 2358; x_wconf 77' lang='lat' dir='ltr'><strong>quid</strong></span> <span class='ocrx_word' id='word_1_313' title='bbox 1183 2313 1312 2359; x_wconf 81' lang='lat' dir='ltr'><strong>pirata</strong></span> <span class='ocrx_word' id='word_1_314' title='bbox 1338 2318 1380 2349; x_wconf 90' lang='grc' dir='ltr'><em>Μ</em></span> 
     </span>
     <span class='ocr_line' id='line_1_38' title="bbox 70 2360 1377 2407; baseline 0.001 -10.949"><span class='ocrx_word' id='word_1_315' title='bbox 70 2364 117 2396; x_wconf 82' lang='lat'><strong>23</strong></span> <span class='ocrx_word' id='word_1_316' title='bbox 150 2360 387 2397; x_wconf 85' lang='lat' dir='ltr'><strong>crudelissim</strong></span> <span class='ocrx_word' id='word_1_317' title='bbox 412 2368 458 2406; x_wconf 83' lang='lat' dir='ltr'><strong>B,</strong></span> <span class='ocrx_word' id='word_1_318' title='bbox 485 2373 505 2398; x_wconf 88' lang='lat' dir='ltr'><strong>e</strong></span> <span class='ocrx_word' id='word_1_319' title='bbox 531 2362 618 2398; x_wconf 84' lang='lat' dir='ltr'><strong>add.</strong></span> <span class='ocrx_word' id='word_1_320' title='bbox 638 2369 663 2397; x_wconf 69' lang='lat' dir='ltr'><em>b</em></span> <span class='ocrx_word' id='word_1_321' title='bbox 781 2366 825 2397; x_wconf 78' lang='lat'><strong>26</strong></span> <span class='ocrx_word' id='word_1_322' title='bbox 858 2363 939 2398; x_wconf 91' lang='lat' dir='ltr'><strong>toto</strong></span> <span class='ocrx_word' id='word_1_323' title='bbox 965 2368 1011 2407; x_wconf 84' lang='lat' dir='ltr'><strong>B,</strong></span> <span class='ocrx_word' id='word_1_324' title='bbox 1037 2373 1129 2398; x_wconf 83' lang='lat' dir='ltr'><strong>corr.</strong></span> <span class='ocrx_word' id='word_1_325' title='bbox 1151 2368 1191 2405; x_wconf 69' lang='grc' dir='ltr'><strong>ὸς</strong></span> <span class='ocrx_word' id='word_1_326' title='bbox 1222 2361 1330 2397; x_wconf 88' lang='lat' dir='ltr'><strong>thoro</strong></span> <span class='ocrx_word' id='word_1_327' title='bbox 1359 2370 1377 2403; x_wconf 73' lang='grc' dir='ltr'>β</span> 
     </span>
     <span class='ocr_line' id='line_1_39' title="bbox 73 2409 1114 2452; baseline 0 -9"><span class='ocrx_word' id='word_1_328' title='bbox 73 2411 116 2444; x_wconf 83' lang='lat'><strong>31</strong></span> <span class='ocrx_word' id='word_1_329' title='bbox 145 2409 241 2445; x_wconf 91' lang='lat' dir='ltr'><strong>coeli</strong></span> <span class='ocrx_word' id='word_1_330' title='bbox 265 2409 350 2445; x_wconf 89' lang='lat' dir='ltr'><strong>luce</strong></span> <span class='ocrx_word' id='word_1_331' title='bbox 377 2419 395 2452; x_wconf 82' lang='grc' dir='ltr'>β</span> <span class='ocrx_word' id='word_1_332' title='bbox 1112 2440 1114 2443; x_wconf 89' lang='grc'><em>,</em></span> 
     </span>
    </p>
   </div>
  </div>
 </body>
</html>
