1638 2560
508 117 829 155 DEOLAMATIO
854 117 925 154 XII
944 121 1075 154 9—11.
1396 118 1454 160 22
1460 118 1484 160 7

194 232 243 286 O,
267 234 304 274 si
328 234 435 274 vires
460 233 703 283 sufficerent,
726 233 858 273 latera
882 232 1088 281 durarent,
1116 232 1275 284 aliquid
1295 246 1343 272 ex
1363 233 1488 272 aridis

102 295 173 335 diu
197 294 383 335 faucibus
399 294 586 335 residuae
612 294 722 335 vocis
748 295 886 344 exiret,
905 295 1060 345 quanta.
1084 293 1365 346 indignatione
1387 306 1487 344 opus

102 357 203 406 erat,
227 355 298 395 ubi
322 368 397 407 pro
423 355 610 395 omnibus
634 355 851 394 dolendum
878 353 966 394 est?
1017 353 1126 405 quod
1151 367 1242 394 cum
1264 351 1381 407 <fieri
1405 367 1488 394 non

100 413 276 470 pos>sit‚
319 416 499 456 universi
537 417 609 467 qui
652 415 863 465 adsumus,
903 416 1218 466 proclamemus,
1258 415 1358 454 haec
1397 417 1488 454 tota

64 490 82 518 ι
101 477 236 518 contio
266 476 310 516 in
341 489 466 516 unam
490 489 630 517 vocem
662 477 900 526 consentiat,
932 489 1014 515 non
1042 477 1147 515 esset
1178 478 1316 515 tamen
1347 475 1488 515 futura

100 550 176 589 par
201 538 362 578 crimini
384 537 552 588 invidia,
584 539 657 576 aut
682 550 819 576 omnes
846 549 1092 587 accusemus,
1118 539 1243 587 quota
1268 549 1363 587 pars
1390 549 1486 587 que-

35 608 38 611 ’
99 596 233 638 ritur?
288 610 424 638 secum
451 598 621 648 quisque
645 599 808 649 reputet
833 611 936 649 quae
961 597 1115 647 tulerit,
1141 597 1239 648 quid
1265 597 1485 636 admiserit.

99 659 220 710 plane
251 658 426 698 inmanis
456 658 578 697 belua
609 661 671 698 est
703 660 743 698 et
774 672 855 698 non
885 660 1049 698 tantum
1080 657 1333 698 necessitatis
1365 669 1487 697 causa

98 733 173 771 per
196 719 311 759 nefas
343 721 486 770 pastus
512 719 583 770 qui
609 719 717 770 quod
742 719 962 759 comederit
991 719 1209 769 hominem,
1240 732 1321 758 non
1346 718 1486 758 irasci-

44 794 83 835 1⁰„
98 782 176 820 tur.
228 781 450 820 succurrite
476 780 592 819 dolor
623 782 665 820 et
690 780 768 819 seri
793 781 971 820 vomitus
998 782 1039 819 et
1063 780 1190 819 ultrix
1221 779 1484 830 paenitentia.
1507 779 1557 816 11

100 840 194 881 ades
226 840 341 893 longi
370 842 514 880 ieiunii
544 841 763 891 imperiosa
794 841 1011 880 necessitas
1043 842 1084 880 et
1115 853 1187 880 vos
1219 841 1329 879 intus
1365 840 1486 890 inpli-

99 902 218 952 citae,
249 903 285 942 si
311 902 409 952 quid
435 902 616 952 potestis,
650 901 862 940 admonete
888 901 1048 940 animae
1078 903 1118 940 et
1143 913 1168 940 a
1200 900 1318 940 ferali
1343 903 1484 940 ventre

98 963 363 1013 prorumpite,
394 962 492 1001 dum
517 962 774 1001 commissum
801 962 915 1002 nefas
943 961 1101 1002 devoto.
1116 962 1249 1012 capite
1275 962 1485 1012 expiamus

101 1025 142 1062 et
174 1023 292 1073 quasi
323 1023 502 1063 lustrata
531 1022 629 1061 urbe
661 1023 828 1062 feralem
859 1023 1071 1062 victimam
1101 1022 1267 1062 violatis
1298 1021 1485 1062 manibus

44 1097 80 1125 15
99 1083 312 1123 mittimus.
371 1083 513 1123 decent
543 1096 617 1122 nos
648 1084 751 1123 tales
783 1083 950 1123 hostiae.
1014 1083 1058 1122 in
1089 1083 1284 1122 iudicium
1315 1083 1486 1134 perduxi

98 1143 306 1195 publicum
337 1141 467 1184 scelus
499 1146 541 1183 et
571 1144 794 1183 infamatae
826 1144 986 1184 civitati
1020 1157 1169 1194 quaero
1198 1144 1484 1183 velamentum.

97 1217 214 1244 nemo
258 1217 339 1244 non
384 1205 587 1244 commisit
631 1204 805 1256 aliquid,
854 1204 1013 1244 habetis
1056 1207 1212 1255 tamen,
1263 1205 1298 1244 si
1342 1204 1484 1254 vultis,

98 1279 225 1304 unum
256 1267 298 1304 et
327 1278 402 1316 pro
435 1265 621 1305 omnibus
653 1268 874 1305 nocentem.

187 1325 451 1376 Reipublicae
488 1326 621 1366 laesae
660 1338 814 1365 accuso.
878 1327 1019 1365 mirari
1057 1338 1128 1365 vos
1167 1327 1322 1365 certum
1353 1324 1483 1364 habeo

42 1400 79 1427 πο
97 1387 202 1426 hanc
227 1386 343 1426 verbi
368 1388 594 1439 segnitiem,
620 1399 711 1425 cum
738 1388 881 1426 civitas
914 1388 1003 1425 tota
1029 1388 1268 1437 consumpta
1294 1387 1360 1435 sit,
1392 1398 1484 1424 cum

96 1447 270 1498 populus
302 1448 345 1486 in
378 1460 419 1487 se
451 1447 642 1497 tabuerit,
674 1460 753 1497 quo
785 1448 1001 1498 perstricta
1032 1446 1315 1486 tantummodo
1347 1445 1484 1497 patria

97 1510 139 1547 et
169 1508 324 1558 leviter,
357 1507 465 1558 quod
497 1508 625 1557 aiunt,
656 1521 779 1546 manu
812 1507 964 1547 offensa
994 1508 1179 1559 intellegi
1211 1507 1349 1558 possit.
1414 1506 1483 1546 sed

96 1568 263 1608 ferenda
306 1570 386 1618 est,
424 1570 472 1607 ut
514 1569 558 1607 in
602 1570 763 1618 ceteris,
801 1568 899 1607 haec
940 1581 1099 1619 quoque
1138 1581 1274 1607 rerum
1310 1569 1483 1607 naturae

96 1629 247 1668 iniuria
273 1628 381 1679 quod
406 1641 486 1668 non
512 1631 598 1668 tam
622 1628 852 1667 inmanibus
884 1628 1005 1668 factis
1036 1630 1154 1680 paria
1178 1627 1302 1668 verba
1327 1640 1483 1667 accom-

43 1702 78 1729 25
97 1688 297 1729 mod'avit:
331 1691 371 1728 et
396 1689 523 1729 fames
555 1692 694 1729 nostra
719 1689 845 1729 fames
872 1689 1032 1739 dicitur,
1065 1691 1105 1729 et
1130 1689 1211 1728 cibi
1241 1689 1370 1728 nostri
1402 1688 1484 1728 cibi

97 1752 294 1790 vocantur
326 1751 367 1789 et
398 1749 626 1800 respublica
657 1763 763 1789 nunc
794 1750 915 1790 laesa.
978 1763 1051 1789 nec
1086 1750 1251 1799 scilicet,
1283 1749 1362 1789 nisi
1392 1762 1483 1800 per-

195 1906 213 1937 1
241 1901 340 1937 vires
360 1913 406 1938 ex
423 1911 529 1937 vetes
549 1907 586 1936 Β
678 1905 698 1937 2
726 1902 978 1951 tlssssssquanta
997 1908 1034 1937 Β
1118 1906 1138 1937 3
1167 1876 1260 1947 quid
1279 1908 1316 1936 Β
1400 1900 1482 1936 fieri

96 1961 172 1986 non
197 1961 283 1996 pos·
310 1950 397 1986 add.
420 1951 552 1994 Klot23
585 1950 618 1985 si
642 1957 695 1995 Β;
723 1950 774 1986 sit
799 1957 901 1995 Μβσς
938 1950 995 1986 ita
1021 1950 1072 1986 sit
1097 1958 1135 1995 ες
1167 1962 1236 1987 om.
1262 1957 1302 1994 ἴς
1339 1949 1371 1985 si
1397 1949 1482 1984 uni-

95 2009 205 2034 versa
230 2003 263 2035 et
289 1998 322 2034 si
347 1998 443 2034 haec
469 2000 553 2034 tota
577 1999 651 2034 Bu.
741 1999 807 2044 qui
833 2011 900 2036 om.
925 2006 953 2033 V
1035 2000 1119 2035 tota
1144 2010 1212 2035 om.
1235 2005 1291 2043 M,
1316 2009 1418 2043 supr.
1438 2012 1482 2032 m

46 2089 53 2096 ,
97 2051 118 2082 5
144 2057 277 2082 unam:
304 2046 465 2082 nimiam
483 2053 533 2089 H,
560 2054 695 2083 com-‚h
783 2052 804 2083 6
831 2059 902 2094 par
927 2059 995 2084 om.
1010 2054 1057 2093 Β,
1076 2059 1177 2093 swpr.
1194 2054 1234 2091 ⁶3
1261 2058 1332 2093 par
1351 2046 1481 2082 futura

96 2102 139 2131 M
217 2096 300 2131 aut:
329 2097 396 2131 aut
422 2095 453 2130 si
480 2101 536 2140 M3
563 2095 607 2130 ut
633 2104 654 2131 ς
728 2098 846 2142 quota
872 2097 1018 2142 quanta
1041 2107 1131 2142 pars
1159 2105 1178 2138 β
1263 2099 1281 2130 7
1310 2094 1482 2131 amiserit

96 2174 141 2213 P,
168 2168 193 2203 d
211 2179 313 2214 supr.
332 2182 361 2208 p
430 2170 452 2203 8
476 2169 601 2203 tatum
620 2174 657 2203 Β
725 2172 770 2204 10
797 2156 963 2204 su‘c'urite
988 2175 1025 2203 B
1098 2172 1142 2204 12
1171 2170 1322 2203 anmote
1350 2173 1405 2212 M,
1431 2177 1479 2202 ne

189 2258 196 2265 .
216 2242 259 2263 m
332 2230 443 2264 vente
469 2235 497 2263 V
569 2232 613 2264 14
638 2228 845 2265 violatibus
870 2238 889 2272 β
914 2229 1048 2275 (-tibus
1069 2230 1111 2265 in
1130 2240 1203 2265 ras.
1223 2231 1264 2275 ρ)
1341 2231 1385 2263 15
1412 2228 1479 2263 ho-

97 2278 194 2313 stiae
219 2276 316 2313 tales
343 2283 400 2322 M,
433 2281 575 2322 trawzsp.
595 2291 637 2312 m
738 2281 782 2313 16
816 2278 950 2313 civitat
974 2284 1011 2312 Β
1109 2281 1153 2312 18
1187 2278 1241 2313 et:
1276 2289 1322 2313 ex
1347 2283 1384 2311 Β

97 2327 143 2360 20
168 2325 292 2361 verbis
309 2331 389 2360 ΒΜ
460 2324 645 2372 egnitiam
664 2332 701 2360 Β
722 2330 756 2362 et
775 2326 979 2372 segnitiam
998 2327 1134 2371 reliqui
1147 2329 1234 2372 post
1253 2325 1479 2370 consumpta

98 2372 164 2418 sit3
190 2375 421 2419 transposuit
449 2383 470 2409 ς
568 2378 611 2409 21
639 2374 803 2420 populus
830 2386 897 2411 om.
920 2383 956 2419 β;
984 2374 1219 2420 conpopulus
1244 2380 1300 2417 M,
1327 2372 1385 2408 vel
1411 2383 1478 2417 po-

97 2420 209 2467 pulus
234 2433 335 2468 supr.
356 2436 399 2456 m
498 2426 543 2458 26
570 2421 751 2468 perhacto
777 2429 814 2458 Β

1189 2482 1258 2517 15*
