1638 2560
101 354 149 390 18

167 119 224 161 56
632 111 777 147 Minas
803 99 1060 146 MARIANVS

170 233 393 282 quicunque
425 241 537 268 casus
569 229 720 276 manet,
760 226 917 264 etiamsi
948 226 988 263 te
1020 224 1240 274 imperator
1271 221 1534 266 damnaturus

171 294 242 342 est,
272 292 392 330 habes
425 289 632 329 solatium:
668 288 792 326 satius
825 288 885 324 est
917 298 1038 336 quam
1071 297 1095 323 a
1125 285 1241 335 patre
1274 281 1413 323 occidi.

259 352 315 390 At
351 350 565 401 propincus
609 347 647 387 G.
680 348 784 386 Mari
821 346 910 385 fuit.
974 345 1229 395 corrumpitis
1267 342 1457 392 iudicem,
1495 342 1537 380 et

172 414 302 451 animo
330 411 510 462 alioquin
541 409 621 448 levi
653 409 806 460 gratiae
830 406 987 457 pondus
1012 406 1231 456 imponitis.
1282 404 1534 455 propinquus

170 476 261 512 tuus
301 473 389 510 fuit.
453 484 475 509 o
512 483 595 508 rem
637 468 818 508 omnibus
858 466 1119 515 narrandam,
1162 478 1252 504 cum
1296 462 1534 503 absolveris!
1574 475 1590 502 5

170 547 263 572 nam
289 533 324 571 si
349 531 444 582 quid
468 530 544 569 tibi
568 529 772 568 iudicandi
796 528 892 567 fides
918 530 990 566 tua
1023 539 1143 566 causa
1167 525 1297 565 facere
1322 524 1536 576 permittit,

171 594 321 644 cogitas
358 592 536 643 profecto
575 591 769 641 quantum
806 588 883 627 tibi
920 589 995 626 hoc
1033 587 1166 637 ipsum
1207 585 1314 637 apud
1356 584 1535 624 aemulos

171 666 267 704 quos
293 652 509 692 virtutibus
541 650 718 699 offendis,
752 649 981 689 adlaturum
1007 649 1060 687 sit
1090 646 1280 696 invidiae,
1311 658 1403 685 cum
1426 645 1535 685 vide-
1583 654 1590 659 ·

170 713 273 752 beris
313 714 382 751 aut
420 714 691 761 corruptorem
729 710 871 749 militis
915 709 1112 747 iudicasse
1153 707 1424 756 innocentem,
1465 707 1537 744 aut

170 774 439 824 propinquum
477 775 592 811 tuum
630 771 752 810 etiam
783 770 986 810 vindicare
1022 770 1242 808 nocentem.
1306 767 1404 806 olim
1440 766 1535 816 iam,
1556 779 1591 806 ιο

170 836 397 884 imperator,
423 834 528 871 inter
553 832 751 883 fulgentes
770 831 939 870 virtutes
966 832 1057 869 tuas
1083 829 1188 868 livor
1212 828 1346 868 locum
1365 828 1536 878 quaerit,

171 896 211 933 et
247 897 392 933 natura
425 893 585 943 quidem
623 892 805 931 omnibus
841 891 1035 930 novitatis
1071 890 1329 929 incrementis
1369 887 1538 928 adversa

171 954 360 993 nobilitas
400 955 481 992 tuis
521 955 656 991 tamen
696 952 884 991 laudibus
925 963 1062 1001 pressa
1103 952 1144 989 et
1182 949 1326 988 obruta
1365 949 1539 988 rimatur

173 1014 417 1054 occasionem
442 1013 663 1052 criminum.
715 1013 856 1063 quodsi
880 1012 979 1051 bene
1004 1011 1201 1050 invidiam
1220 1010 1327 1059 novi,
1346 1009 1422 1049 hoc
1441 1021 1538 1060 quo-

173 1087 248 1125 que
274 1075 350 1113 tibi
376 1074 569 1113 obicietur
594 1073 699 1124 quod
732 1073 875 1112 saltem
906 1073 1154 1123 propinquus
1180 1072 1274 1110 tuus
1299 1070 1537 1122 peccaverit.
1559 1081 1592 1108 15

173 1148 294 1186 quare
328 1134 569 1174 abdicandus
608 1136 647 1173 et
683 1130 984 1185 <ab>iurandus
1017 1133 1077 1171 est
1113 1144 1193 1171 non
1231 1134 1324 1171 tuus
1361 1130 1536 1182 sanguis.

174 1197 277 1234 certe
314 1195 414 1233 nihil
451 1195 581 1233 minus
620 1194 949 1233 committendum
988 1207 1108 1244 quam
1144 1194 1190 1232 ut
1226 1193 1432 1231 ulciscaris
1463 1191 1540 1230 hoc

172 1255 370 1307 flagitium
401 1255 442 1293 in
475 1267 519 1294 eo
551 1256 788 1305 praesertim
820 1255 889 1305 qui
922 1254 1028 1304 apud
1066 1253 1264 1305 malignos
1296 1252 1449 1304 poterit
1479 1251 1539 1291 vi·
1583 1258 1585 1261 “

175 1315 258 1354 deri
288 1317 329 1354 te
360 1317 615 1365 permittente
646 1315 795 1354 fecisse.
849 1328 899 1354 an
931 1315 1012 1364 ille,
1045 1315 1079 1353 si
1104 1327 1297 1364 umquam
1323 1313 1540 1364 cogitasset

175 1388 214 1414 se
245 1377 513 1427 propinquum
544 1377 669 1425 tuum,
700 1389 781 1414 non
805 1375 877 1414 has
903 1376 1085 1424 virtutes,
1116 1376 1223 1413 inter
1249 1386 1348 1425 quas
1375 1374 1539 1412 fortuna
1558 1385 1594 1411 20

173 1438 244 1474 tua
269 1437 435 1474 minima
462 1437 532 1485 est,
553 1449 642 1475 cum
668 1436 705 1474 ei
724 1437 835 1475 velut
859 1437 1024 1486 propius
1052 1435 1322 1485 contemplare
1348 1434 1538 1483 licuisset,

173 1498 259 1535 toto
296 1498 454 1546 pectore
494 1497 654 1535 haurire
691 1496 899 1547 debuerat,
941 1509 1021 1535 non
1061 1496 1154 1535 huic
1193 1495 1405 1534 affinitatis
1443 1506 1539 1533 suae

174 1557 361 1595 felicitati
402 1556 547 1595 referre
593 1555 792 1608 gratiam?
854 1557 1002 1596 milites
1043 1559 1084 1595 te
1127 1557 1270 1595 melius
1313 1555 1538 1594 imitantur.

177 1616 316 1666 quodsi
352 1618 444 1666 post
479 1617 582 1655 hanc
619 1619 792 1655 mentem
830 1618 984 1656 viveret
1023 1617 1228 1667 tribunus,
1272 1616 1540 1655 necessarium

176 1677 345 1715 forsitan
385 1679 469 1715 erat
508 1678 583 1715 hac
621 1690 777 1729 quoque
819 1691 909 1716 eum
948 1678 1076 1728 premi
1116 1677 1271 1716 invidia
1312 1675 1420 1727 quod
1458 1676 1539 1715 ista
1560 1687 1594 1714 25

274 1806 293 1837 3
328 1803 555 1849 progpincus
588 1810 640 1848 Β;
678 1804 912 1850 propinquus
946 1805 1080 1850 reliqui
1225 1803 1324 1840 Mari
1354 1810 1393 1849 V3
1428 1803 1542 1838 Marii

176 1852 284 1887 ceteri
380 1855 402 1885 4
429 1851 552 1886 animo
579 1863 623 1887 ex
648 1862 770 1887 ammo
795 1859 832 1886 Β
928 1856 948 1887 6
976 1853 1084 1899 quid:
1112 1853 1178 1899 qui
1197 1859 1235 1888 Β
1305 1851 1495 1887 iudicanti
1521 1859 1542 1886 ς

177 1903 198 1935 8
224 1899 406 1934 invidiae:
433 1899 577 1934 invidia
597 1901 653 1935 est
671 1907 707 1934 Β
777 1901 966 1936 videbaris
986 1908 1037 1946 B3
1064 1914 1116 1937 an
1136 1900 1300 1936 videaris
1320 1900 1340 1936 ‚2
1415 1903 1435 1934 9
1461 1911 1542 1935 cor-

175 1949 373 1993 ruptorum
397 1954 434 1982 B
542 1951 585 1982 10
618 1950 814 1983 nocentem
839 1949 1030 1985 vindicare
1062 1957 1089 1984 V
1184 1954 1227 1985 12
1256 1951 1310 1985 et:
1336 1950 1380 1984 ut
1406 1954 1449 1984 M

179 1999 222 2030 13
248 1998 392 2031 tamen:
420 1996 475 2030 tm
501 2002 543 2030 M
613 1996 763 2031 obruta:
792 1996 953 2043 obrupta
977 2005 1023 2042 B,
1049 2011 1074 2044 p
1101 1999 1167 2034 del.
1190 2005 1212 2032 b
1288 2001 1332 2032 17
1360 1996 1541 2033 comiten—

178 2044 267 2078 dum
292 2050 343 2088 133
379 2043 671 2079 commitendum
702 2051 741 2088 Γς
778 2045 1027 2081 omittendum
1053 2053 1108 2091 M,
1134 2046 1194 2082 vel
1218 2045 1343 2081 minus
1371 2044 1542 2081 commit-

176 2092 333 2127 tendum
365 2092 475 2137 quasi
510 2092 619 2127 credo
651 2093 817 2127 nondum
847 2108 889 2127 m
987 2105 1100 2140 quam
1131 2107 1198 2131 om.
1220 2101 1257 2129 Ρ
1349 2095 1394 2129 ut
1425 2105 1492 2130 om.
1513 2099 1547 2127 J

180 2144 223 2175 18
249 2140 490 2186 praesertim:
516 2140 737 2186 praefestim
761 2147 807 2185 B,
834 2153 924 2177 corr.
946 2149 969 2176 b
1052 2142 1134 2187 qui:
1163 2143 1254 2189 quia
1281 2149 1310 2177 V
1388 2145 1438 2178 197
1458 2152 1542 2188 per-

176 2188 335 2223 mitente
359 2194 397 2223 Β
493 2191 538 2223 20
565 2199 603 2223 se
630 2199 709 2224 esse
735 2189 988 2234 propinquum
1014 2200 1054 2233 βγ
1135 2192 1295 2227 virtutes
1314 2193 1402 2226 tuas
1423 2199 1451 2225 «r

179 2240 222 2272 21
257 2236 504 2282 contemplari
532 2245 601 2279 βγσ
707 2241 750 2271 22
784 2237 908 2273 aurire
934 2245 988 2282 M,
1021 2240 1046 2274 h
1077 2252 1178 2285 supr.
1200 2254 1242 2274 m
1351 2238 1414 2275 uic
1438 2245 1490 2284 B,
1516 2238 1543 2273 h

177 2297 277 2331 supr.
300 2292 322 2319 b
397 2289 441 2319 23
467 2284 601 2320 melius
628 2296 694 2320 om.
722 2292 750 2319 Y
816 2285 1040 2321 inmitantur
1058 2294 1103 2332 B,
1133 2288 1164 2322 ii
1190 2290 1232 2323 in
1257 2300 1372 2335 mary.
1393 2287 1480 2323 add.
1502 2293 1543 2331 ῦς

177 2356 379 2412 imituntur
410 2363 437 2391 V
536 2360 581 2392 24
612 2333 735 2403 hanc}
759 2363 796 2391 B
821 2358 858 2403 (h
883 2370 983 2404 supr.
1006 2361 1040 2403 b)
1121 2360 1244 2396 vivere
1269 2367 1306 2395 Β
1397 2363 1442 2395 25
1467 2359 1544 2395 for-

178 2406 296 2441 eitant
320 2411 366 2451 B,
393 2417 483 2442 corr.
505 2412 528 2439 τι
624 2405 762 2450 premi:
790 2406 973 2451 conprimi
1000 2414 1042 2442 M
