<?xml version="1.0" encoding="UTF-8"?>
<!DOCTYPE html PUBLIC "-//W3C//DTD XHTML 1.0 Transitional//EN"
    "http://www.w3.org/TR/xhtml1/DTD/xhtml1-transitional.dtd">
<html xmlns="http://www.w3.org/1999/xhtml" xml:lang="en" lang="en">
 <head>
  <title>
</title>
<meta http-equiv="Content-Type" content="text/html;charset=utf-8" />
  <meta name='ocr-system' content='tesseract 3.04.00' />
  <meta name='ocr-capabilities' content='ocr_page ocr_carea ocr_par ocr_line ocrx_word'/>
</head>
<body>
  <div class='ocr_page' id='page_1' title='image "./quintilianiquaef00lehnuoft_0323.png"; bbox 0 0 1638 2560; ppageno 0'>
   <div class='ocr_carea' id='block_1_1' title="bbox 489 126 1466 176">
    <p class='ocr_par' dir='ltr' id='par_1_1' title="bbox 489 126 1466 176">
     <span class='ocr_line' id='line_1_1' title="bbox 489 126 1466 176; baseline -0.001 -6"><span class='ocrx_word' id='word_1_1' title='bbox 489 126 807 170; x_wconf 79' lang='lat' dir='ltr'>DECLAMATIO</span> <span class='ocrx_word' id='word_1_2' title='bbox 833 133 903 170; x_wconf 81' lang='lat' dir='ltr'><strong>XV</strong></span> <span class='ocrx_word' id='word_1_3' title='bbox 924 137 1076 170; x_wconf 86' lang='lat'>10—12.</span> <span class='ocrx_word' id='word_1_4' title='bbox 1381 132 1466 176; x_wconf 78' lang='grc'><strong>287</strong></span> 
     </span>
    </p>
   </div>
   <div class='ocr_carea' id='block_1_2' title="bbox 42 246 1547 1815">
    <p class='ocr_par' dir='ltr' id='par_1_2' title="bbox 93 246 1471 421">
     <span class='ocr_line' id='line_1_2' title="bbox 93 246 1471 301; baseline -0.001 -12"><span class='ocrx_word' id='word_1_5' title='bbox 93 262 221 301; x_wconf 85' lang='lat' dir='ltr'><strong>usque</strong></span> <span class='ocrx_word' id='word_1_6' title='bbox 244 249 289 289; x_wconf 90' lang='lat' dir='ltr'><strong>in</strong></span> <span class='ocrx_word' id='word_1_7' title='bbox 311 249 568 288; x_wconf 87' lang='lat' dir='ltr'><strong>monstruosa</strong></span> <span class='ocrx_word' id='word_1_8' title='bbox 591 248 852 288; x_wconf 75' lang='lat' dir='ltr'><strong>fecunditatis</strong></span> <span class='ocrx_word' id='word_1_9' title='bbox 872 261 994 288; x_wconf 87' lang='lat' dir='ltr'><strong>onera</strong></span> <span class='ocrx_word' id='word_1_10' title='bbox 1015 246 1223 301; x_wconf 84' lang='lat' dir='ltr'><strong>perlatos?</strong></span> <span class='ocrx_word' id='word_1_11' title='bbox 1271 261 1320 287; x_wconf 83' lang='lat' dir='ltr'><strong>ex</strong></span> <span class='ocrx_word' id='word_1_12' title='bbox 1344 248 1471 287; x_wconf 89' lang='lat' dir='ltr'><strong>omni-</strong></span> 
     </span>
     <span class='ocr_line' id='line_1_3' title="bbox 94 308 1471 360; baseline -0.002 -10"><span class='ocrx_word' id='word_1_13' title='bbox 94 310 171 350; x_wconf 85' lang='lat' dir='ltr'><strong>bus</strong></span> <span class='ocrx_word' id='word_1_14' title='bbox 198 311 338 350; x_wconf 82' lang='lat' dir='ltr'><strong>tamen</strong></span> <span class='ocrx_word' id='word_1_15' title='bbox 370 322 473 360; x_wconf 89' lang='lat' dir='ltr'><strong>quae</strong></span> <span class='ocrx_word' id='word_1_16' title='bbox 503 309 620 349; x_wconf 92' lang='lat' dir='ltr'><strong>nobis</strong></span> <span class='ocrx_word' id='word_1_17' title='bbox 651 308 900 360; x_wconf 85' lang='lat' dir='ltr'><strong>patientibus</strong></span> <span class='ocrx_word' id='word_1_18' title='bbox 932 310 1144 359; x_wconf 74' lang='lat' dir='ltr'><strong>extorquet</strong></span> <span class='ocrx_word' id='word_1_19' title='bbox 1181 308 1365 358; x_wconf 86' lang='lat' dir='ltr'><strong>affectus,</strong></span> <span class='ocrx_word' id='word_1_20' title='bbox 1395 309 1471 347; x_wconf 85' lang='lat' dir='ltr'><strong>hoc</strong></span> 
     </span>
     <span class='ocr_line' id='line_1_4' title="bbox 96 369 1470 421; baseline -0.003 -10"><span class='ocrx_word' id='word_1_21' title='bbox 96 371 375 411; x_wconf 74' lang='lat' dir='ltr'><strong>saevissimum</strong></span> <span class='ocrx_word' id='word_1_22' title='bbox 410 371 607 421; x_wconf 75' lang='lat' dir='ltr'><strong>paffimur,</strong></span> <span class='ocrx_word' id='word_1_23' title='bbox 645 369 752 420; x_wconf 89' lang='lat' dir='ltr'><strong>quod</strong></span> <span class='ocrx_word' id='word_1_24' title='bbox 788 382 905 410; x_wconf 91' lang='lat' dir='ltr'><strong>nemo</strong></span> <span class='ocrx_word' id='word_1_25' title='bbox 943 369 1034 409; x_wconf 81' lang='lat' dir='ltr'><strong>vult</strong></span> <span class='ocrx_word' id='word_1_26' title='bbox 1070 370 1113 408; x_wconf 88' lang='lat' dir='ltr'><strong>in</strong></span> <span class='ocrx_word' id='word_1_27' title='bbox 1152 381 1287 408; x_wconf 90' lang='lat' dir='ltr'><strong>amore</strong></span> <span class='ocrx_word' id='word_1_28' title='bbox 1325 370 1470 408; x_wconf 87' lang='lat' dir='ltr'><strong>sanari.</strong></span> 
     </span>
    </p>

    <p class='ocr_par' dir='ltr' id='par_1_3' title="bbox 187 427 1472 484">
     <span class='ocr_line' id='line_1_5' title="bbox 187 427 1472 484; baseline -0.001 -14"><span class='ocrx_word' id='word_1_29' title='bbox 187 427 292 484; x_wconf 79' lang='lat' dir='ltr'><strong>‘Ego</strong></span> <span class='ocrx_word' id='word_1_30' title='bbox 328 427 498 480; x_wconf 84' lang='lat' dir='ltr'><strong>tamen‚&#39;</strong></span> <span class='ocrx_word' id='word_1_31' title='bbox 530 430 682 481; x_wconf 91' lang='lat' dir='ltr'><strong>inquit,</strong></span> <span class='ocrx_word' id='word_1_32' title='bbox 716 427 866 469; x_wconf 86' lang='lat' dir='ltr'><strong>‘amare</strong></span> <span class='ocrx_word' id='word_1_33' title='bbox 906 427 1098 469; x_wconf 54' lang='lat' dir='ltr'><strong>mallem?</strong></span> <span class='ocrx_word' id='word_1_34' title='bbox 1160 430 1236 470; x_wconf 92' lang='lat' dir='ltr'><strong>hoc</strong></span> <span class='ocrx_word' id='word_1_35' title='bbox 1273 431 1334 470; x_wconf 89' lang='lat' dir='ltr'><strong>est</strong></span> <span class='ocrx_word' id='word_1_36' title='bbox 1364 442 1472 482; x_wconf 90' lang='lat' dir='ltr'><strong>ergo,</strong></span> 
     </span>
    </p>

    <p class='ocr_par' dir='ltr' id='par_1_4' title="bbox 61 490 1473 784">
     <span class='ocr_line' id='line_1_6' title="bbox 61 490 1471 544; baseline -0.001 -12"><span class='ocrx_word' id='word_1_37' title='bbox 61 505 77 532; x_wconf 78' lang='lat'><strong>5</strong></span> <span class='ocrx_word' id='word_1_38' title='bbox 95 493 262 544; x_wconf 86' lang='lat' dir='ltr'><strong>propter</strong></span> <span class='ocrx_word' id='word_1_39' title='bbox 292 491 400 542; x_wconf 89' lang='lat' dir='ltr'><strong>quod</strong></span> <span class='ocrx_word' id='word_1_40' title='bbox 430 503 531 542; x_wconf 90' lang='lat' dir='ltr'><strong>opus</strong></span> <span class='ocrx_word' id='word_1_41' title='bbox 563 490 655 531; x_wconf 91' lang='lat' dir='ltr'><strong>odio</strong></span> <span class='ocrx_word' id='word_1_42' title='bbox 687 490 779 530; x_wconf 87' lang='lat' dir='ltr'><strong>fuit.</strong></span> <span class='ocrx_word' id='word_1_43' title='bbox 842 491 944 529; x_wconf 83' lang='lat' dir='ltr'>nihil</span> <span class='ocrx_word' id='word_1_44' title='bbox 977 490 1152 542; x_wconf 80' lang='lat' dir='ltr'><strong>agebant</strong></span> <span class='ocrx_word' id='word_1_45' title='bbox 1186 490 1471 543; x_wconf 76' lang='lat' dir='ltr'><strong>castigationes</strong></span> 
     </span>
     <span class='ocr_line' id='line_1_7' title="bbox 96 551 1472 604; baseline -0.001 -12"><span class='ocrx_word' id='word_1_46' title='bbox 96 565 170 592; x_wconf 92' lang='lat' dir='ltr'><strong>nec</strong></span> <span class='ocrx_word' id='word_1_47' title='bbox 198 564 354 604; x_wconf 81' lang='lat' dir='ltr'><strong>preces,</strong></span> <span class='ocrx_word' id='word_1_48' title='bbox 391 551 559 591; x_wconf 86' lang='lat' dir='ltr'><strong>consilia</strong></span> <span class='ocrx_word' id='word_1_49' title='bbox 589 551 822 603; x_wconf 86' lang='lat' dir='ltr'><strong>perdebant.</strong></span> <span class='ocrx_word' id='word_1_50' title='bbox 886 551 979 591; x_wconf 91' lang='lat' dir='ltr'><strong>odio</strong></span> <span class='ocrx_word' id='word_1_51' title='bbox 1011 551 1130 591; x_wconf 87' lang='lat' dir='ltr'><strong>debet</strong></span> <span class='ocrx_word' id='word_1_52' title='bbox 1160 553 1318 591; x_wconf 86' lang='lat' dir='ltr'><strong>amator</strong></span> <span class='ocrx_word' id='word_1_53' title='bbox 1347 551 1472 601; x_wconf 81' lang='lat' dir='ltr'><strong>expli-</strong></span> 
     </span>
     <span class='ocr_line' id='line_1_8' title="bbox 97 611 1472 664; baseline -0.001 -12"><span class='ocrx_word' id='word_1_54' title='bbox 97 613 179 653; x_wconf 82' lang='lat' dir='ltr'><strong>cari</strong></span> <span class='ocrx_word' id='word_1_55' title='bbox 212 625 332 664; x_wconf 89' lang='lat' dir='ltr'><strong>quem</strong></span> <span class='ocrx_word' id='word_1_56' title='bbox 368 614 487 652; x_wconf 88' lang='lat' dir='ltr'><strong>sanat</strong></span> <span class='ocrx_word' id='word_1_57' title='bbox 517 612 718 651; x_wconf 88' lang='lat' dir='ltr'><strong>adamata.</strong></span> <span class='ocrx_word' id='word_1_58' title='bbox 781 612 1030 664; x_wconf 87' lang='lat' dir='ltr'><strong>interrogare</strong></span> <span class='ocrx_word' id='word_1_59' title='bbox 1060 613 1102 651; x_wconf 92' lang='lat' dir='ltr'><strong>te</strong></span> <span class='ocrx_word' id='word_1_60' title='bbox 1132 611 1209 651; x_wconf 89' lang='grc'><strong>1100</strong></span> <span class='ocrx_word' id='word_1_61' title='bbox 1240 612 1330 651; x_wconf 91' lang='grc'><strong>1000</strong></span> <span class='ocrx_word' id='word_1_62' title='bbox 1361 611 1472 663; x_wconf 81' lang='lat' dir='ltr'><strong>libet,</strong></span> 
     </span>
     <span class='ocr_line' id='line_1_9' title="bbox 95 672 1473 724; baseline -0.001 -12"><span class='ocrx_word' id='word_1_63' title='bbox 95 672 292 724; x_wconf 86' lang='lat' dir='ltr'><strong>numquid</strong></span> <span class='ocrx_word' id='word_1_64' title='bbox 312 685 497 713; x_wconf 84' lang='lat' dir='ltr'><strong>accusare</strong></span> <span class='ocrx_word' id='word_1_65' title='bbox 523 685 674 724; x_wconf 87' lang='lat' dir='ltr'><strong>posses,</strong></span> <span class='ocrx_word' id='word_1_66' title='bbox 700 674 734 712; x_wconf 88' lang='lat' dir='ltr'><strong>si</strong></span> <span class='ocrx_word' id='word_1_67' title='bbox 754 672 861 723; x_wconf 91' lang='lat' dir='ltr'><strong>quod</strong></span> <span class='ocrx_word' id='word_1_68' title='bbox 886 673 984 712; x_wconf 85' lang='lat' dir='ltr'><strong>feeit</strong></span> <span class='ocrx_word' id='word_1_69' title='bbox 1007 672 1299 712; x_wconf 85' lang='lat' dir='ltr'><strong>medicamento</strong></span> <span class='ocrx_word' id='word_1_70' title='bbox 1323 672 1473 724; x_wconf 88' lang='lat' dir='ltr'><strong>puella,</strong></span> 
     </span>
     <span class='ocr_line' id='line_1_10' title="bbox 95 732 1473 784; baseline -0.001 -10"><span class='ocrx_word' id='word_1_71' title='bbox 95 734 256 774; x_wconf 80' lang='lat' dir='ltr'><strong>fecisset</strong></span> <span class='ocrx_word' id='word_1_72' title='bbox 292 732 456 773; x_wconf 79' lang='lat' dir='ltr'><strong>animo?</strong></span> <span class='ocrx_word' id='word_1_73' title='bbox 516 733 634 772; x_wconf 86' lang='lat' dir='ltr'><strong>licuit</strong></span> <span class='ocrx_word' id='word_1_74' title='bbox 675 736 717 773; x_wconf 87' lang='lat' dir='ltr'><strong>te</strong></span> <span class='ocrx_word' id='word_1_75' title='bbox 753 745 977 784; x_wconf 90' lang='lat' dir='ltr'><strong>reposcere,</strong></span> <span class='ocrx_word' id='word_1_76' title='bbox 1023 735 1220 784; x_wconf 85' lang='lat' dir='ltr'><strong>quantum</strong></span> <span class='ocrx_word' id='word_1_77' title='bbox 1262 746 1473 772; x_wconf 88' lang='lat' dir='ltr'><strong>numerare</strong></span> 
     </span>
    </p>

    <p class='ocr_par' dir='ltr' id='par_1_5' title="bbox 42 793 1474 1089">
     <span class='ocr_line' id='line_1_11' title="bbox 42 793 1474 846; baseline -0.001 -12"><span class='ocrx_word' id='word_1_78' title='bbox 42 807 79 834; x_wconf 87' lang='grc'><strong>10</strong></span> <span class='ocrx_word' id='word_1_79' title='bbox 95 807 177 834; x_wconf 88' lang='grc'><strong>11011</strong></span> <span class='ocrx_word' id='word_1_80' title='bbox 206 795 387 846; x_wconf 87' lang='lat' dir='ltr'><strong>poteras,</strong></span> <span class='ocrx_word' id='word_1_81' title='bbox 424 794 625 844; x_wconf 86' lang='lat' dir='ltr'><strong>fastidire,</strong></span> <span class='ocrx_word' id='word_1_82' title='bbox 658 796 920 834; x_wconf 83' lang='lat' dir='ltr'><strong>contemnere.</strong></span> <span class='ocrx_word' id='word_1_83' title='bbox 983 795 1067 832; x_wconf 87' lang='lat' dir='ltr'><strong>iam</strong></span> <span class='ocrx_word' id='word_1_84' title='bbox 1103 793 1328 846; x_wconf 84' lang='lat' dir='ltr'><strong>indignaris</strong></span> <span class='ocrx_word' id='word_1_85' title='bbox 1366 793 1474 844; x_wconf 90' lang='lat' dir='ltr'><strong>quod</strong></span> 
     </span>
     <span class='ocr_line' id='line_1_12' title="bbox 96 854 1474 906; baseline -0.001 -11"><span class='ocrx_word' id='word_1_86' title='bbox 96 857 138 895; x_wconf 84' lang='lat' dir='ltr'><strong>te</strong></span> <span class='ocrx_word' id='word_1_87' title='bbox 174 855 322 894; x_wconf 77' lang='lat' dir='ltr'><strong>maluit</strong></span> <span class='ocrx_word' id='word_1_88' title='bbox 363 855 540 895; x_wconf 90' lang='lat' dir='ltr'><strong>remedio</strong></span> <span class='ocrx_word' id='word_1_89' title='bbox 577 868 699 906; x_wconf 88' lang='lat' dir='ltr'><strong>quam</strong></span> <span class='ocrx_word' id='word_1_90' title='bbox 736 854 873 894; x_wconf 89' lang='lat' dir='ltr'><strong>dolore</strong></span> <span class='ocrx_word' id='word_1_91' title='bbox 917 855 1063 894; x_wconf 86' lang='lat' dir='ltr'><strong>sanari.</strong></span> <span class='ocrx_word' id='word_1_92' title='bbox 1125 854 1272 893; x_wconf 92' lang='lat' dir='ltr'><strong>mulier</strong></span> <span class='ocrx_word' id='word_1_93' title='bbox 1314 856 1379 894; x_wconf 91' lang='lat' dir='ltr'><strong>cui</strong></span> <span class='ocrx_word' id='word_1_94' title='bbox 1423 854 1474 893; x_wconf 88' lang='lat' dir='ltr'><strong>ad</strong></span> 
     </span>
     <span class='ocr_line' id='line_1_13' title="bbox 98 915 1473 967; baseline -0.001 -12"><span class='ocrx_word' id='word_1_95' title='bbox 98 915 383 955; x_wconf 85' lang='lat' dir='ltr'><strong>dimittendum</strong></span> <span class='ocrx_word' id='word_1_96' title='bbox 421 927 599 955; x_wconf 90' lang='lat' dir='ltr'><strong>amorem</strong></span> <span class='ocrx_word' id='word_1_97' title='bbox 636 915 880 965; x_wconf 87' lang='lat' dir='ltr'><strong>sufficiebat,</strong></span> <span class='ocrx_word' id='word_1_98' title='bbox 917 917 967 954; x_wconf 92' lang='lat' dir='ltr'><strong>ut</strong></span> <span class='ocrx_word' id='word_1_99' title='bbox 1003 915 1170 965; x_wconf 89' lang='lat' dir='ltr'><strong>odisset,</strong></span> <span class='ocrx_word' id='word_1_100' title='bbox 1206 916 1297 967; x_wconf 89' lang='lat' dir='ltr'><strong>ipsa</strong></span> <span class='ocrx_word' id='word_1_101' title='bbox 1326 928 1401 966; x_wconf 90' lang='lat' dir='ltr'><strong>pro</strong></span> <span class='ocrx_word' id='word_1_102' title='bbox 1431 916 1473 954; x_wconf 91' lang='lat' dir='ltr'><strong>te</strong></span> 
     </span>
     <span class='ocr_line' id='line_1_14' title="bbox 98 975 1473 1028; baseline -0.001 -12"><span class='ocrx_word' id='word_1_103' title='bbox 98 977 325 1016; x_wconf 85' lang='lat' dir='ltr'><strong>commenta</strong></span> <span class='ocrx_word' id='word_1_104' title='bbox 357 978 429 1025; x_wconf 84' lang='lat' dir='ltr'><strong>est,</strong></span> <span class='ocrx_word' id='word_1_105' title='bbox 460 977 507 1014; x_wconf 93' lang='lat' dir='ltr'><strong>ut</strong></span> <span class='ocrx_word' id='word_1_106' title='bbox 536 976 651 1015; x_wconf 76' lang='lat' dir='ltr'><strong>illam</strong></span> <span class='ocrx_word' id='word_1_107' title='bbox 682 979 729 1015; x_wconf 84' lang='lat' dir='ltr'><strong>tu</strong></span> <span class='ocrx_word' id='word_1_108' title='bbox 759 977 895 1027; x_wconf 88' lang='lat' dir='ltr'><strong>potius</strong></span> <span class='ocrx_word' id='word_1_109' title='bbox 928 975 1088 1015; x_wconf 87' lang='lat' dir='ltr'><strong>odisses.</strong></span> <span class='ocrx_word' id='word_1_110' title='bbox 1139 975 1245 1028; x_wconf 88' lang='lat' dir='ltr'><strong>finge</strong></span> <span class='ocrx_word' id='word_1_111' title='bbox 1270 978 1312 1014; x_wconf 92' lang='lat' dir='ltr'><strong>te</strong></span> <span class='ocrx_word' id='word_1_112' title='bbox 1336 977 1473 1015; x_wconf 89' lang='lat' dir='ltr'><strong>tamen</strong></span> 
     </span>
     <span class='ocr_line' id='line_1_15' title="bbox 98 1035 1474 1089; baseline -0.001 -13"><span class='ocrx_word' id='word_1_113' title='bbox 98 1037 237 1088; x_wconf 83' lang='lat' dir='ltr'><strong>aliqua</strong></span> <span class='ocrx_word' id='word_1_114' title='bbox 266 1036 435 1076; x_wconf 88' lang='lat' dir='ltr'><strong>remedii</strong></span> <span class='ocrx_word' id='word_1_115' title='bbox 463 1038 526 1075; x_wconf 92' lang='lat' dir='ltr'><strong>tui</strong></span> <span class='ocrx_word' id='word_1_116' title='bbox 560 1036 707 1076; x_wconf 89' lang='lat' dir='ltr'><strong>sentire</strong></span> <span class='ocrx_word' id='word_1_117' title='bbox 738 1038 959 1086; x_wconf 83' lang='lat' dir='ltr'><strong>tormenta,</strong></span> <span class='ocrx_word' id='word_1_118' title='bbox 990 1035 1325 1089; x_wconf 80' lang='lat' dir='ltr'><strong>adrogantissime</strong></span> <span class='ocrx_word' id='word_1_119' title='bbox 1356 1037 1474 1076; x_wconf 88' lang='lat' dir='ltr'><strong>mise-</strong></span> 
     </span>
    </p>

    <p class='ocr_par' dir='ltr' id='par_1_6' title="bbox 44 1097 1475 1392">
     <span class='ocr_line' id='line_1_16' title="bbox 44 1097 1475 1148; baseline -0.001 -10"><span class='ocrx_word' id='word_1_120' title='bbox 44 1111 79 1138; x_wconf 80' lang='grc'><strong>15</strong></span> <span class='ocrx_word' id='word_1_121' title='bbox 97 1110 253 1146; x_wconf 86' lang='lat' dir='ltr'><strong>rorum,</strong></span> <span class='ocrx_word' id='word_1_122' title='bbox 282 1099 330 1136; x_wconf 89' lang='lat' dir='ltr'><strong>tu</strong></span> <span class='ocrx_word' id='word_1_123' title='bbox 361 1099 496 1136; x_wconf 87' lang='lat' dir='ltr'><strong>autem</strong></span> <span class='ocrx_word' id='word_1_124' title='bbox 521 1097 710 1148; x_wconf 79' lang='lat' dir='ltr'><strong>sperabas</strong></span> <span class='ocrx_word' id='word_1_125' title='bbox 743 1097 896 1136; x_wconf 90' lang='lat' dir='ltr'><strong>ardoris</strong></span> <span class='ocrx_word' id='word_1_126' title='bbox 927 1097 1119 1136; x_wconf 83' lang='lat' dir='ltr'><strong>inmodici</strong></span> <span class='ocrx_word' id='word_1_127' title='bbox 1145 1097 1302 1136; x_wconf 85' lang='lat' dir='ltr'><strong>felicem</strong></span> <span class='ocrx_word' id='word_1_128' title='bbox 1334 1097 1475 1136; x_wconf 85' lang='lat' dir='ltr'><strong>statim</strong></span> 
     </span>
     <span class='ocr_line' id='line_1_17' title="bbox 99 1157 1474 1210; baseline -0.001 -13"><span class='ocrx_word' id='word_1_129' title='bbox 99 1158 328 1198; x_wconf 86' lang='lat' dir='ltr'><strong>sanitatem.</strong></span> <span class='ocrx_word' id='word_1_130' title='bbox 391 1157 504 1208; x_wconf 86' lang='lat' dir='ltr'><strong>quid,</strong></span> <span class='ocrx_word' id='word_1_131' title='bbox 549 1158 583 1197; x_wconf 93' lang='lat' dir='ltr'><strong>si</strong></span> <span class='ocrx_word' id='word_1_132' title='bbox 628 1160 820 1208; x_wconf 86' lang='lat' dir='ltr'><strong>queratur</strong></span> <span class='ocrx_word' id='word_1_133' title='bbox 862 1171 982 1210; x_wconf 89' lang='lat' dir='ltr'><strong>aeger</strong></span> <span class='ocrx_word' id='word_1_134' title='bbox 1025 1157 1293 1197; x_wconf 84' lang='lat' dir='ltr'><strong>abstinentiae</strong></span> <span class='ocrx_word' id='word_1_135' title='bbox 1337 1158 1474 1197; x_wconf 91' lang='lat' dir='ltr'><strong>dolore</strong></span> 
     </span>
     <span class='ocr_line' id='line_1_18' title="bbox 99 1217 1474 1270; baseline -0.001 -12"><span class='ocrx_word' id='word_1_136' title='bbox 99 1217 294 1259; x_wconf 79' lang='lat' dir='ltr'><strong>sanatus?</strong></span> <span class='ocrx_word' id='word_1_137' title='bbox 356 1230 521 1258; x_wconf 84' lang='lat' dir='ltr'><strong>excussa</strong></span> <span class='ocrx_word' id='word_1_138' title='bbox 552 1221 646 1258; x_wconf 88' lang='lat' dir='ltr'><strong>sunt</strong></span> <span class='ocrx_word' id='word_1_139' title='bbox 677 1219 914 1269; x_wconf 88' lang='lat' dir='ltr'><strong>plerumque</strong></span> <span class='ocrx_word' id='word_1_140' title='bbox 945 1219 1226 1270; x_wconf 83' lang='lat' dir='ltr'><strong>languentium</strong></span> <span class='ocrx_word' id='word_1_141' title='bbox 1254 1219 1357 1257; x_wconf 85' lang='lat' dir='ltr'><strong>vitia</strong></span> <span class='ocrx_word' id='word_1_142' title='bbox 1387 1231 1474 1257; x_wconf 86' lang='lat' dir='ltr'><strong>ver-</strong></span> 
     </span>
     <span class='ocr_line' id='line_1_19' title="bbox 98 1278 1475 1332; baseline -0.001 -14"><span class='ocrx_word' id='word_1_143' title='bbox 98 1279 274 1328; x_wconf 86' lang='lat' dir='ltr'><strong>beribus,</strong></span> <span class='ocrx_word' id='word_1_144' title='bbox 300 1278 507 1330; x_wconf 88' lang='lat' dir='ltr'><strong>redempta</strong></span> <span class='ocrx_word' id='word_1_145' title='bbox 533 1279 742 1319; x_wconf 89' lang='lat' dir='ltr'><strong>debilitate</strong></span> <span class='ocrx_word' id='word_1_146' title='bbox 766 1280 864 1329; x_wconf 81' lang='lat' dir='ltr'><strong>vita,</strong></span> <span class='ocrx_word' id='word_1_147' title='bbox 895 1279 1068 1332; x_wconf 81' lang='lat' dir='ltr'><strong>ignibuS‚</strong></span> <span class='ocrx_word' id='word_1_148' title='bbox 1094 1279 1326 1318; x_wconf 85' lang='lat' dir='ltr'><strong>vaneribus</strong></span> <span class='ocrx_word' id='word_1_149' title='bbox 1350 1281 1475 1318; x_wconf 86' lang='lat' dir='ltr'><strong>inter-</strong></span> 
     </span>
     <span class='ocr_line' id='line_1_20' title="bbox 100 1339 1475 1392; baseline -0.001 -13"><span class='ocrx_word' id='word_1_150' title='bbox 100 1339 197 1379; x_wconf 90' lang='lat' dir='ltr'><strong>dum</strong></span> <span class='ocrx_word' id='word_1_151' title='bbox 226 1339 440 1390; x_wconf 84' lang='lat' dir='ltr'><strong>profutura</strong></span> <span class='ocrx_word' id='word_1_152' title='bbox 470 1342 656 1392; x_wconf 83' lang='lat' dir='ltr'><strong>grassata</strong></span> <span class='ocrx_word' id='word_1_153' title='bbox 687 1342 793 1389; x_wconf 83' lang='lat' dir='ltr'><strong>sunt,</strong></span> <span class='ocrx_word' id='word_1_154' title='bbox 826 1343 866 1379; x_wconf 91' lang='lat' dir='ltr'><strong>et</strong></span> <span class='ocrx_word' id='word_1_155' title='bbox 891 1352 994 1390; x_wconf 88' lang='lat' dir='ltr'><strong>quae</strong></span> <span class='ocrx_word' id='word_1_156' title='bbox 1027 1340 1199 1379; x_wconf 82' lang='lat' dir='ltr'><strong>fuissent</strong></span> <span class='ocrx_word' id='word_1_157' title='bbox 1228 1340 1338 1379; x_wconf 90' lang='lat' dir='ltr'><strong>mala</strong></span> <span class='ocrx_word' id='word_1_158' title='bbox 1368 1341 1475 1379; x_wconf 89' lang='lat' dir='ltr'><strong>sani-</strong></span> 
     </span>
    </p>

    <p class='ocr_par' dir='ltr' id='par_1_7' title="bbox 46 1399 1475 1513">
     <span class='ocr_line' id='line_1_21' title="bbox 46 1399 1475 1452; baseline -0.001 -12"><span class='ocrx_word' id='word_1_159' title='bbox 46 1414 82 1441; x_wconf 71' lang='grc'><strong>20</strong></span> <span class='ocrx_word' id='word_1_160' title='bbox 99 1402 217 1450; x_wconf 88' lang='lat' dir='ltr'><strong>tatis,</strong></span> <span class='ocrx_word' id='word_1_161' title='bbox 260 1400 302 1439; x_wconf 93' lang='lat' dir='ltr'><strong>in</strong></span> <span class='ocrx_word' id='word_1_162' title='bbox 340 1399 515 1452; x_wconf 82' lang='lat' dir='ltr'><strong>gratiam</strong></span> <span class='ocrx_word' id='word_1_163' title='bbox 551 1400 818 1440; x_wconf 89' lang='lat' dir='ltr'><strong>remediorum</strong></span> <span class='ocrx_word' id='word_1_164' title='bbox 856 1401 905 1439; x_wconf 89' lang='lat' dir='ltr'><strong>de</strong></span> <span class='ocrx_word' id='word_1_165' title='bbox 948 1400 1114 1439; x_wconf 90' lang='lat' dir='ltr'><strong>maioris</strong></span> <span class='ocrx_word' id='word_1_166' title='bbox 1156 1400 1327 1451; x_wconf 89' lang='lat' dir='ltr'><strong>periculi</strong></span> <span class='ocrx_word' id='word_1_167' title='bbox 1370 1413 1475 1439; x_wconf 93' lang='lat' dir='ltr'><strong>com-</strong></span> 
     </span>
     <span class='ocr_line' id='line_1_22' title="bbox 99 1460 557 1513; baseline -0.002 -13"><span class='ocrx_word' id='word_1_168' title='bbox 99 1461 312 1513; x_wconf 87' lang='lat' dir='ltr'><strong>paratione</strong></span> <span class='ocrx_word' id='word_1_169' title='bbox 342 1460 557 1500; x_wconf 85' lang='lat' dir='ltr'><strong>redierunt.</strong></span> 
     </span>
    </p>

    <p class='ocr_par' dir='ltr' id='par_1_8' title="bbox 99 1521 1547 1694">
     <span class='ocr_line' id='line_1_23' title="bbox 190 1521 1547 1573; baseline 0 -14"><span class='ocrx_word' id='word_1_170' title='bbox 190 1521 270 1560; x_wconf 79' lang='lat' dir='ltr'><strong>Vix</strong></span> <span class='ocrx_word' id='word_1_171' title='bbox 301 1521 525 1561; x_wconf 87' lang='lat' dir='ltr'><strong>mehercule</strong></span> <span class='ocrx_word' id='word_1_172' title='bbox 557 1522 787 1573; x_wconf 69' lang='lat' dir='ltr'><strong>confingere</strong></span> <span class='ocrx_word' id='word_1_173' title='bbox 818 1523 964 1572; x_wconf 84' lang='lat' dir='ltr'><strong>potest,</strong></span> <span class='ocrx_word' id='word_1_174' title='bbox 994 1523 1042 1560; x_wconf 89' lang='lat' dir='ltr'><strong>ut</strong></span> <span class='ocrx_word' id='word_1_175' title='bbox 1065 1521 1214 1560; x_wconf 84' lang='lat' dir='ltr'><strong>hilares</strong></span> <span class='ocrx_word' id='word_1_176' title='bbox 1240 1521 1290 1560; x_wconf 92' lang='lat' dir='ltr'><strong>ab</strong></span> <span class='ocrx_word' id='word_1_177' title='bbox 1315 1521 1391 1561; x_wconf 80' lang='lat' dir='ltr'><strong>hac</strong></span> <span class='ocrx_word' id='word_1_178' title='bbox 1415 1522 1476 1560; x_wconf 90' lang='lat' dir='ltr'><strong>in-</strong></span> <span class='ocrx_word' id='word_1_179' title='bbox 1497 1523 1547 1559; x_wconf 80' lang='lat'><strong>12</strong></span> 
     </span>
     <span class='ocr_line' id='line_1_24' title="bbox 99 1581 1475 1634; baseline -0.001 -12"><span class='ocrx_word' id='word_1_180' title='bbox 99 1582 301 1634; x_wconf 76' lang='lat' dir='ltr'><strong>patienfia</strong></span> <span class='ocrx_word' id='word_1_181' title='bbox 343 1582 520 1632; x_wconf 88' lang='lat' dir='ltr'><strong>laetique</strong></span> <span class='ocrx_word' id='word_1_182' title='bbox 565 1581 774 1621; x_wconf 86' lang='lat' dir='ltr'><strong>discedant</strong></span> <span class='ocrx_word' id='word_1_183' title='bbox 817 1595 917 1633; x_wconf 88' lang='lat' dir='ltr'><strong>quos</strong></span> <span class='ocrx_word' id='word_1_184' title='bbox 961 1582 1108 1633; x_wconf 89' lang='lat' dir='ltr'><strong>pudor,</strong></span> <span class='ocrx_word' id='word_1_185' title='bbox 1153 1594 1252 1632; x_wconf 91' lang='lat' dir='ltr'><strong>quos</strong></span> <span class='ocrx_word' id='word_1_186' title='bbox 1295 1583 1475 1631; x_wconf 81' lang='lat' dir='ltr'><strong>satietas,</strong></span> 
     </span>
     <span class='ocr_line' id='line_1_25' title="bbox 103 1641 1476 1694; baseline 0 -12"><span class='ocrx_word' id='word_1_187' title='bbox 103 1655 203 1694; x_wconf 87' lang='lat' dir='ltr'><strong>quos</strong></span> <span class='ocrx_word' id='word_1_188' title='bbox 239 1643 512 1693; x_wconf 85' lang='lat' dir='ltr'><strong>paenitentiae</strong></span> <span class='ocrx_word' id='word_1_189' title='bbox 548 1642 655 1682; x_wconf 86' lang='lat' dir='ltr'><strong>ratio</strong></span> <span class='ocrx_word' id='word_1_190' title='bbox 694 1641 877 1682; x_wconf 78' lang='lat' dir='ltr'><strong>dimittit.</strong></span> <span class='ocrx_word' id='word_1_191' title='bbox 939 1655 1012 1682; x_wconf 90' lang='grc'><strong>1100</strong></span> <span class='ocrx_word' id='word_1_192' title='bbox 1043 1643 1129 1682; x_wconf 91' lang='lat' dir='ltr'><strong>sine</strong></span> <span class='ocrx_word' id='word_1_193' title='bbox 1167 1643 1303 1693; x_wconf 85' lang='lat' dir='ltr'><strong>aliquo</strong></span> <span class='ocrx_word' id='word_1_194' title='bbox 1339 1655 1476 1682; x_wconf 89' lang='lat' dir='ltr'><strong>morsu</strong></span> 
     </span>
    </p>

    <p class='ocr_par' dir='ltr' id='par_1_9' title="bbox 46 1702 1477 1815">
     <span class='ocr_line' id='line_1_26' title="bbox 46 1702 1476 1755; baseline 0 -12"><span class='ocrx_word' id='word_1_195' title='bbox 46 1716 82 1743; x_wconf 79' lang='lat'><strong>25</strong></span> <span class='ocrx_word' id='word_1_196' title='bbox 101 1703 282 1743; x_wconf 88' lang='lat' dir='ltr'><strong>resilitur</strong></span> <span class='ocrx_word' id='word_1_197' title='bbox 319 1715 344 1741; x_wconf 86' lang='lat' dir='ltr'><strong>a</strong></span> <span class='ocrx_word' id='word_1_198' title='bbox 380 1702 498 1742; x_wconf 83' lang='lat' dir='ltr'><strong>malis</strong></span> <span class='ocrx_word' id='word_1_199' title='bbox 536 1715 639 1755; x_wconf 81' lang='lat' dir='ltr'><strong>quae</strong></span> <span class='ocrx_word' id='word_1_200' title='bbox 671 1703 882 1754; x_wconf 84' lang='lat' dir='ltr'><strong>voluptate</strong></span> <span class='ocrx_word' id='word_1_201' title='bbox 918 1703 1144 1742; x_wconf 89' lang='lat' dir='ltr'><strong>tenuerunt.</strong></span> <span class='ocrx_word' id='word_1_202' title='bbox 1207 1704 1355 1742; x_wconf 89' lang='lat' dir='ltr'><strong>iterum</strong></span> <span class='ocrx_word' id='word_1_203' title='bbox 1390 1716 1476 1743; x_wconf 87' lang='lat' dir='ltr'><strong>ma-</strong></span> 
     </span>
     <span class='ocr_line' id='line_1_27' title="bbox 99 1759 1477 1815; baseline 0 -12"><span class='ocrx_word' id='word_1_204' title='bbox 99 1763 204 1803; x_wconf 83' lang='lat' dir='ltr'><strong>teria</strong></span> <span class='ocrx_word' id='word_1_205' title='bbox 236 1764 382 1802; x_wconf 86' lang='lat' dir='ltr'><strong>amoris</strong></span> <span class='ocrx_word' id='word_1_206' title='bbox 413 1765 486 1812; x_wconf 87' lang='lat' dir='ltr'><strong>est,</strong></span> <span class='ocrx_word' id='word_1_207' title='bbox 517 1759 696 1802; x_wconf 88' lang='lat' dir='ltr'><strong>desinere</strong></span> <span class='ocrx_word' id='word_1_208' title='bbox 728 1777 800 1803; x_wconf 90' lang='lat' dir='ltr'><strong>nec</strong></span> <span class='ocrx_word' id='word_1_209' title='bbox 826 1763 950 1814; x_wconf 90' lang='lat' dir='ltr'><strong>queri.</strong></span> <span class='ocrx_word' id='word_1_210' title='bbox 1002 1776 1102 1815; x_wconf 89' lang='lat' dir='ltr'><strong>opus</strong></span> <span class='ocrx_word' id='word_1_211' title='bbox 1128 1763 1208 1802; x_wconf 82' lang='lat' dir='ltr'><strong>fuit</strong></span> <span class='ocrx_word' id='word_1_212' title='bbox 1230 1764 1322 1815; x_wconf 88' lang='lat' dir='ltr'><strong>pari</strong></span> <span class='ocrx_word' id='word_1_213' title='bbox 1347 1764 1477 1803; x_wconf 84' lang='lat' dir='ltr'><strong>diver-</strong></span> 
     </span>
    </p>
   </div>
   <div class='ocr_carea' id='block_1_3' title="bbox 100 1858 388 1862">
    <p class='ocr_par' dir='ltr' id='par_1_10' title="bbox 100 1858 388 1862">
     <span class='ocr_line' id='line_1_28' title="bbox 100 1858 388 1862; baseline 0 0"><span class='ocrx_word' id='word_1_214' title='bbox 100 1858 388 1862; x_wconf 95' lang='lat' dir='ltr'><strong> </strong></span> 
     </span>
    </p>
   </div>
   <div class='ocr_carea' id='block_1_4' title="bbox 101 1915 1479 2059">
    <p class='ocr_par' dir='ltr' id='par_1_11' title="bbox 101 1915 1479 2059">
     <span class='ocr_line' id='line_1_29' title="bbox 201 1915 1428 1962; baseline 0.001 -12"><span class='ocrx_word' id='word_1_215' title='bbox 201 1920 219 1951; x_wconf 92' lang='lat'>1</span> <span class='ocrx_word' id='word_1_216' title='bbox 243 1915 386 1950; x_wconf 82' lang='lat' dir='ltr'><strong>honera</strong></span> <span class='ocrx_word' id='word_1_217' title='bbox 404 1920 433 1950; x_wconf 75' lang='lat' dir='ltr'><em>V</em></span> <span class='ocrx_word' id='word_1_218' title='bbox 501 1918 522 1950; x_wconf 83' lang='lat'>2</span> <span class='ocrx_word' id='word_1_219' title='bbox 543 1925 641 1960; x_wconf 83' lang='lat' dir='ltr'><strong>quae</strong></span> <span class='ocrx_word' id='word_1_220' title='bbox 660 1915 788 1951; x_wconf 81' lang='lat' dir='ltr'><strong>nobis:</strong></span> <span class='ocrx_word' id='word_1_221' title='bbox 810 1926 922 1961; x_wconf 90' lang='lat' dir='ltr'><strong>quem</strong></span> <span class='ocrx_word' id='word_1_222' title='bbox 942 1917 1029 1962; x_wconf 91' lang='lat' dir='ltr'><strong>(que</strong></span> <span class='ocrx_word' id='word_1_223' title='bbox 1043 1917 1097 1962; x_wconf 86' lang='lat' dir='ltr'><strong>M)</strong></span> <span class='ocrx_word' id='word_1_224' title='bbox 1115 1915 1175 1952; x_wconf 83' lang='lat' dir='ltr'><strong>bis</strong></span> <span class='ocrx_word' id='word_1_225' title='bbox 1189 1925 1243 1952; x_wconf 77' lang='grc' dir='ltr'><strong>ασ</strong></span> <span class='ocrx_word' id='word_1_226' title='bbox 1252 1918 1357 1962; x_wconf 76' lang='lat' dir='ltr'><strong>(corr.</strong></span> <span class='ocrx_word' id='word_1_227' title='bbox 1372 1918 1428 1962; x_wconf 69' lang='lat' dir='ltr'><strong>n)</strong></span> 
     </span>
     <span class='ocr_line' id='line_1_30' title="bbox 101 1962 1477 2011; baseline 0.001 -12"><span class='ocrx_word' id='word_1_228' title='bbox 101 1962 323 2011; x_wconf 82' lang='lat' dir='ltr'><strong>patentibus</strong></span> <span class='ocrx_word' id='word_1_229' title='bbox 342 1969 464 2007; x_wconf 76' lang='lat' dir='ltr'><strong>BVH3</strong></span> <span class='ocrx_word' id='word_1_230' title='bbox 489 1963 760 2011; x_wconf 46' lang='lat' dir='ltr'><strong>{pangentibus</strong></span> <span class='ocrx_word' id='word_1_231' title='bbox 780 1964 905 2010; x_wconf 80' lang='lat' dir='ltr'><strong>(initio</strong></span> <span class='ocrx_word' id='word_1_232' title='bbox 922 1975 996 2001; x_wconf 82' lang='lat' dir='ltr'><strong>ras.</strong></span> <span class='ocrx_word' id='word_1_233' title='bbox 1020 1967 1118 2000; x_wconf 87' lang='grc'><strong>6-7</strong></span> <span class='ocrx_word' id='word_1_234' title='bbox 1138 1965 1222 2010; x_wconf 77' lang='lat' dir='ltr'><strong>litt.)</strong></span> <span class='ocrx_word' id='word_1_235' title='bbox 1242 1971 1298 2008; x_wconf 82' lang='grc' dir='ltr'><strong>Μ,</strong></span> <span class='ocrx_word' id='word_1_236' title='bbox 1323 1964 1384 2000; x_wconf 85' lang='lat' dir='ltr'><strong>vel</strong></span> <span class='ocrx_word' id='word_1_237' title='bbox 1409 1975 1477 2010; x_wconf 89' lang='lat' dir='ltr'><strong>pa-</strong></span> 
     </span>
     <span class='ocr_line' id='line_1_31' title="bbox 101 2012 1479 2059; baseline 0 -12"><span class='ocrx_word' id='word_1_238' title='bbox 101 2012 287 2048; x_wconf 85' lang='lat' dir='ltr'><strong>tientibus</strong></span> <span class='ocrx_word' id='word_1_239' title='bbox 313 2022 414 2058; x_wconf 80' lang='lat' dir='ltr'><strong>supr.</strong></span> <span class='ocrx_word' id='word_1_240' title='bbox 434 2026 477 2047; x_wconf 73' lang='lat' dir='ltr'><strong>m</strong></span> <span class='ocrx_word' id='word_1_241' title='bbox 552 2015 573 2047; x_wconf 85' lang='lat'><strong>3</strong></span> <span class='ocrx_word' id='word_1_242' title='bbox 599 2023 674 2058; x_wconf 91' lang='lat' dir='ltr'><strong>quo</strong></span> <span class='ocrx_word' id='word_1_243' title='bbox 693 2018 803 2048; x_wconf 73' lang='grc' dir='ltr'><strong>ΒΠΙ</strong></span> <span class='ocrx_word' id='word_1_244' title='bbox 872 2012 1004 2049; x_wconf 83' lang='lat' dir='ltr'><strong>satiari</strong></span> <span class='ocrx_word' id='word_1_245' title='bbox 1023 2020 1051 2048; x_wconf 78' lang='grc'><strong>,1</strong></span> <span class='ocrx_word' id='word_1_246' title='bbox 1127 2017 1147 2048; x_wconf 86' lang='grc'><strong>6</strong></span> <span class='ocrx_word' id='word_1_247' title='bbox 1172 2012 1431 2059; x_wconf 88' lang='lat' dir='ltr'><strong>perdebantur</strong></span> <span class='ocrx_word' id='word_1_248' title='bbox 1457 2021 1479 2047; x_wconf 72' lang='grc' dir='ltr'><strong>ς·</strong></span> 
     </span>
    </p>
   </div>
   <div class='ocr_carea' id='block_1_5' title="bbox 101 2064 1478 2192">
    <p class='ocr_par' dir='ltr' id='par_1_12' title="bbox 101 2064 1478 2192">
     <span class='ocr_line' id='line_1_32' title="bbox 104 2064 1477 2143; baseline 0.001 -11"><span class='ocrx_word' id='word_1_249' title='bbox 104 2100 149 2133; x_wconf 91' lang='grc'><strong>10</strong></span> <span class='ocrx_word' id='word_1_250' title='bbox 175 2099 402 2133; x_wconf 86' lang='lat' dir='ltr'><strong>eontennere</strong></span> <span class='ocrx_word' id='word_1_251' title='bbox 424 2103 467 2132; x_wconf 99' lang='lat' dir='ltr'><em>M</em></span> <span class='ocrx_word' id='word_1_252' title='bbox 557 2101 596 2132; x_wconf 88' lang='lat'><strong>11</strong></span> <span class='ocrx_word' id='word_1_253' title='bbox 628 2096 757 2133; x_wconf 84' lang='lat' dir='ltr'><strong>dolose</strong></span> <span class='ocrx_word' id='word_1_254' title='bbox 783 2103 826 2132; x_wconf 87' lang='lat' dir='ltr'><em>M</em></span> <span class='ocrx_word' id='word_1_255' title='bbox 910 2101 954 2133; x_wconf 83' lang='lat'><strong>12</strong></span> <span class='ocrx_word' id='word_1_256' title='bbox 980 2064 1183 2133; x_wconf 59' lang='lat' dir='ltr'><strong>dimittenti-1</strong></span> <span class='ocrx_word' id='word_1_257' title='bbox 1202 2104 1240 2132; x_wconf 99' lang='grc' dir='ltr'><em>Β</em></span> <span class='ocrx_word' id='word_1_258' title='bbox 1307 2101 1351 2133; x_wconf 86' lang='grc'><strong>13</strong></span> <span class='ocrx_word' id='word_1_259' title='bbox 1377 2097 1477 2143; x_wconf 87' lang='lat' dir='ltr'><strong>finge</strong></span> 
     </span>
     <span class='ocr_line' id='line_1_33' title="bbox 101 2145 1478 2192; baseline 0.001 -11"><span class='ocrx_word' id='word_1_260' title='bbox 101 2147 158 2181; x_wconf 86' lang='lat' dir='ltr'><strong>te:</strong></span> <span class='ocrx_word' id='word_1_261' title='bbox 190 2145 324 2192; x_wconf 81' lang='lat' dir='ltr'><strong>fingite</strong></span> <span class='ocrx_word' id='word_1_262' title='bbox 348 2151 419 2181; x_wconf 72' lang='lat' dir='ltr'><strong>BV</strong></span> <span class='ocrx_word' id='word_1_263' title='bbox 510 2147 548 2181; x_wconf 85' lang='lat' dir='ltr'><strong>te</strong></span> <span class='ocrx_word' id='word_1_264' title='bbox 574 2156 641 2182; x_wconf 82' lang='lat' dir='ltr'><strong>om.</strong></span> <span class='ocrx_word' id='word_1_265' title='bbox 664 2154 690 2180; x_wconf 78' lang='grc' dir='ltr'><em>σ</em></span> <span class='ocrx_word' id='word_1_266' title='bbox 788 2149 832 2182; x_wconf 85' lang='lat'><strong>14</strong></span> <span class='ocrx_word' id='word_1_267' title='bbox 862 2146 1031 2181; x_wconf 86' lang='lat' dir='ltr'><strong>remedia</strong></span> <span class='ocrx_word' id='word_1_268' title='bbox 1057 2154 1111 2181; x_wconf 68' lang='lat' dir='ltr'><strong>ad</strong></span> <span class='ocrx_word' id='word_1_269' title='bbox 1132 2147 1236 2192; x_wconf 87' lang='lat' dir='ltr'><strong>(corr.</strong></span> <span class='ocrx_word' id='word_1_270' title='bbox 1256 2148 1312 2192; x_wconf 71' lang='lat' dir='ltr'><strong>no)</strong></span> <span class='ocrx_word' id='word_1_271' title='bbox 1410 2148 1478 2182; x_wconf 73' lang='lat' dir='ltr'><strong>tua</strong></span> 
     </span>
    </p>
   </div>
   <div class='ocr_carea' id='block_1_6' title="bbox 101 2206 1476 2265">
    <p class='ocr_par' dir='ltr' id='par_1_13' title="bbox 101 2206 1476 2265">
     <span class='ocr_line' id='line_1_34' title="bbox 101 2206 1476 2265; baseline 0 -12"><span class='ocrx_word' id='word_1_272' title='bbox 101 2223 196 2254; x_wconf 69' lang='lat' dir='ltr'><strong>Bw·</strong></span> <span class='ocrx_word' id='word_1_273' title='bbox 292 2221 336 2254; x_wconf 83' lang='lat'><strong>15</strong></span> <span class='ocrx_word' id='word_1_274' title='bbox 362 2218 533 2265; x_wconf 80' lang='lat' dir='ltr'><strong>sperabis</strong></span> <span class='ocrx_word' id='word_1_275' title='bbox 554 2226 573 2261; x_wconf 74' lang='grc' dir='ltr'><strong><em>β</em></strong></span> <span class='ocrx_word' id='word_1_276' title='bbox 668 2222 712 2254; x_wconf 77' lang='grc'><strong>17</strong></span> <span class='ocrx_word' id='word_1_277' title='bbox 739 2206 876 2254; x_wconf 62' lang='grc' dir='ltr'><strong>01011ἓο</strong></span> <span class='ocrx_word' id='word_1_278' title='bbox 902 2225 939 2253; x_wconf 87' lang='grc' dir='ltr'><em>Β</em></span> <span class='ocrx_word' id='word_1_279' title='bbox 1010 2219 1104 2254; x_wconf 84' lang='lat' dir='ltr'><strong>vitia</strong></span> <span class='ocrx_word' id='word_1_280' title='bbox 1129 2231 1196 2255; x_wconf 88' lang='lat' dir='ltr'><strong>om.</strong></span> <span class='ocrx_word' id='word_1_281' title='bbox 1218 2225 1262 2254; x_wconf 93' lang='lat' dir='ltr'><em>M</em></span> <span class='ocrx_word' id='word_1_282' title='bbox 1351 2221 1395 2254; x_wconf 91' lang='grc'><strong>18</strong></span> <span class='ocrx_word' id='word_1_283' title='bbox 1421 2228 1476 2253; x_wconf 86' lang='lat' dir='ltr'><strong>re-</strong></span> 
     </span>
    </p>
   </div>
   <div class='ocr_carea' id='block_1_7' title="bbox 103 2279 1477 2434">
    <p class='ocr_par' dir='ltr' id='par_1_14' title="bbox 103 2279 1477 2434">
     <span class='ocr_line' id='line_1_35' title="bbox 103 2279 1384 2338; baseline 0.001 -12"><span class='ocrx_word' id='word_1_284' title='bbox 103 2290 297 2337; x_wconf 83' lang='lat' dir='ltr'><strong>dcptaque</strong></span> <span class='ocrx_word' id='word_1_285' title='bbox 331 2297 374 2326; x_wconf 89' lang='lat' dir='ltr'><em>M</em></span> <span class='ocrx_word' id='word_1_286' title='bbox 505 2290 599 2327; x_wconf 80' lang='lat' dir='ltr'><strong>vitia</strong></span> <span class='ocrx_word' id='word_1_287' title='bbox 633 2306 681 2335; x_wconf 81' lang='grc' dir='ltr'><strong>ω;</strong></span> <span class='ocrx_word' id='word_1_288' title='bbox 715 2303 806 2328; x_wconf 78' lang='lat' dir='ltr'><strong>corr.</strong></span> <span class='ocrx_word' id='word_1_289' title='bbox 837 2292 942 2328; x_wconf 77' lang='lat' dir='ltr'><strong>Dess.</strong></span> <span class='ocrx_word' id='word_1_290' title='bbox 1078 2295 1121 2327; x_wconf 89' lang='grc'><strong>19</strong></span> <span class='ocrx_word' id='word_1_291' title='bbox 1157 2279 1314 2338; x_wconf 58' lang='lat' dir='ltr'><strong>grassata</strong></span> <span class='ocrx_word' id='word_1_292' title='bbox 1347 2297 1384 2326; x_wconf 91' lang='grc' dir='ltr'><em>Β</em></span> 
     </span>
     <span class='ocr_line' id='line_1_36' title="bbox 105 2338 1477 2386; baseline -0.001 -11"><span class='ocrx_word' id='word_1_293' title='bbox 105 2342 151 2375; x_wconf 75' lang='lat'><strong>20</strong></span> <span class='ocrx_word' id='word_1_294' title='bbox 182 2339 308 2386; x_wconf 83' lang='lat' dir='ltr'><strong>gratia</strong></span> <span class='ocrx_word' id='word_1_295' title='bbox 334 2354 358 2374; x_wconf 88' lang='grc' dir='ltr'><strong>α</strong></span> <span class='ocrx_word' id='word_1_296' title='bbox 505 2339 683 2377; x_wconf 78' lang='lat' dir='ltr'><strong>sanitatis</strong></span> <span class='ocrx_word' id='word_1_297' title='bbox 711 2344 796 2376; x_wconf 77' lang='lat' dir='ltr'><strong>ante</strong></span> <span class='ocrx_word' id='word_1_298' title='bbox 822 2340 869 2375; x_wconf 84' lang='lat' dir='ltr'><strong>de</strong></span> <span class='ocrx_word' id='word_1_299' title='bbox 895 2339 982 2375; x_wconf 79' lang='lat' dir='ltr'><strong>add.</strong></span> <span class='ocrx_word' id='word_1_300' title='bbox 1009 2343 1043 2376; x_wconf 77' lang='lat' dir='ltr'><strong>et</strong></span> <span class='ocrx_word' id='word_1_301' title='bbox 1067 2351 1147 2386; x_wconf 63' lang='lat' dir='ltr'><strong>exp.</strong></span> <span class='ocrx_word' id='word_1_302' title='bbox 1175 2346 1202 2374; x_wconf 72' lang='lat' dir='ltr'><strong><em>V</em></strong></span> <span class='ocrx_word' id='word_1_303' title='bbox 1343 2343 1388 2374; x_wconf 81' lang='lat'><strong>22</strong></span> <span class='ocrx_word' id='word_1_304' title='bbox 1421 2338 1477 2373; x_wconf 87' lang='lat' dir='ltr'><strong>in-</strong></span> 
     </span>
     <span class='ocr_line' id='line_1_37' title="bbox 105 2386 1388 2434; baseline -0.002 -11"><span class='ocrx_word' id='word_1_305' title='bbox 105 2387 212 2433; x_wconf 69' lang='lat' dir='ltr'><strong>patin</strong></span> <span class='ocrx_word' id='word_1_306' title='bbox 235 2393 264 2422; x_wconf 80' lang='lat' dir='ltr'><strong><em>V</em></strong></span> <span class='ocrx_word' id='word_1_307' title='bbox 399 2391 445 2423; x_wconf 80' lang='lat'><strong>25</strong></span> <span class='ocrx_word' id='word_1_308' title='bbox 477 2386 711 2434; x_wconf 85' lang='lat' dir='ltr'><strong>voluptatem</strong></span> <span class='ocrx_word' id='word_1_309' title='bbox 739 2394 780 2422; x_wconf 81' lang='lat' dir='ltr'><em>M</em></span> <span class='ocrx_word' id='word_1_310' title='bbox 917 2388 1037 2424; x_wconf 84' lang='lat' dir='ltr'><strong>maria</strong></span> <span class='ocrx_word' id='word_1_311' title='bbox 1063 2394 1115 2431; x_wconf 78' lang='lat' dir='ltr'><strong>B3</strong></span> <span class='ocrx_word' id='word_1_312' title='bbox 1147 2387 1336 2423; x_wconf 86' lang='lat' dir='ltr'><strong>matheria</strong></span> <span class='ocrx_word' id='word_1_313' title='bbox 1360 2393 1388 2421; x_wconf 71' lang='lat' dir='ltr'><strong><em>V</em></strong></span> 
     </span>
    </p>
   </div>
   <div class='ocr_carea' id='block_1_8' title="bbox 106 2435 380 2484">
    <p class='ocr_par' dir='ltr' id='par_1_15' title="bbox 106 2435 380 2484">
     <span class='ocr_line' id='line_1_38' title="bbox 106 2435 380 2484; baseline 0.004 -13"><span class='ocrx_word' id='word_1_314' title='bbox 106 2439 151 2472; x_wconf 79' lang='lat'><strong>26</strong></span> <span class='ocrx_word' id='word_1_315' title='bbox 177 2435 311 2484; x_wconf 62' lang='lat' dir='ltr'><strong>queri}</strong></span> <span class='ocrx_word' id='word_1_316' title='bbox 336 2441 380 2472; x_wconf 84' lang='lat' dir='ltr'><em>M</em></span> 
     </span>
    </p>
   </div>
  </div>
 </body>
</html>
