1638 2560
510 87 830 125 DEOLAMATIO
855 87 908 124 IX
928 92 1081 125 16—18.
1395 88 1482 132 183

108 204 241 245 minis.
314 205 362 243 ut
410 203 536 243 Fabio
585 203 761 243 Maximo
810 203 1078 243 immortalem
1130 203 1273 242 attulit
1322 203 1483 242 laudem

109 266 268 316 ereptus
299 277 347 304 ex
383 264 560 303 hostium
590 263 775 303 manibus
807 264 1012 314 inimicus,
1045 266 1092 303 ut
1123 263 1330 303 Tiberium
1361 263 1483 303 Grac-

110 326 230 365 chum
258 325 459 364 admirata
491 324 634 363 civitas
667 326 728 364 est
756 323 941 375 Scipione
971 325 1015 363 in
1040 337 1237 364 carcerem
1270 324 1362 363 duci
1391 337 1483 375 pro-

109 385 250 436 hibito,
279 387 322 425 te
348 398 507 436 quoque
532 385 674 424 similis
699 382 823 424 animi
851 385 1088 437 magnitudo
1116 384 1332 424 memoriae
1358 384 1481 424 dabit.

73 459 92 486 ⁶
110 445 192 486 tuis
222 447 328 485 enim
359 445 501 496 opibus
532 446 636 484 vivit
665 445 862 485 inimicus.
915 445 1106 497 quicquid
1137 447 1199 485 est
1235 445 1344 484 istud
1376 445 1483 496 quod

109 519 230 546 senex
265 506 382 557 inops
414 518 461 545 ex
491 507 630 545 nostra
661 505 779 545 domo
811 506 978 557 accipit,
1016 506 1051 545 si
1087 519 1168 545 non
1198 505 1399 557 irasceris,
1436 508 1484 545 tu

108 567 362 618 praestitisti,
392 566 470 605 tibi
493 567 569 606 hoc
598 566 811 617 pulchrum
837 568 958 617 atque
984 566 1242 619 magnificum
1267 568 1337 605 est.
1388 579 1484 605 nam

110 639 202 680 ego,
239 627 275 667 si
305 627 403 678 quid
434 627 475 665 in
511 629 669 678 patrem
701 628 916 666 servatoris
948 628 1028 667 mei
1065 627 1244 677 confero,
1282 640 1362 667 non
1395 639 1484 666 sum

109 687 345 727 laudandus.

56 761 91 788 ιο
198 748 341 799 Neque
384 749 656 798 expectaveris
692 747 768 787 hoc
803 748 910 798 loco,
952 749 1086 798 pater,
1131 749 1177 786 ut
1217 747 1290 786 illa
1334 748 1482 787 dicam:
1503 747 1554 784 18

109 820 266 859 semper
297 808 481 848 odiorum
511 808 701 848 honestus
734 820 896 847 occasus
929 810 1006 858 est,
1040 810 1096 858 et,
1129 808 1224 847 dum
1256 808 1482 847 simultates

108 869 211 908 nihil
242 868 355 908 aliud
384 868 535 908 habent
566 881 688 920 quam
718 869 888 908 nocendi
920 869 1198 919 cupiditatem,
1230 869 1410 920 speciosa
1441 869 1484 907 in

108 929 253 969 melius
284 930 411 968 animi
441 929 614 968 mutatio
647 930 708 968 est
738 942 829 968 cum
855 929 1026 979 exempli
1050 930 1211 979 honore,
1243 930 1482 979 iunctaeque

109 1002 158 1028 ex
200 989 340 1029 hostili
382 1002 509 1040 paene
554 1002 748 1029 concursu
784 990 827 1028 in
866 989 1112 1029 adfinitatem
1158 1002 1313 1029 manus.
1377 989 1482 1028 unde

56 1063 91 1090 1⁶
109 1051 270 1089 tantum
294 1051 440 1089 misero
470 1050 578 1100 boni,
610 1052 656 1089 ut
680 1050 866 1090 inimicus
898 1049 979 1089 sit?
1030 1051 1162 1101 aspice
1191 1050 1332 1100 solum,
1366 1063 1483 1102 egen-

109 1112 209 1159 tem,
241 1123 392 1160 senem,
424 1111 607 1150 omnibus
639 1111 851 1160 praesidiis
882 1111 1141 1160 destitutum,
1179 1123 1311 1150 nonne
1343 1112 1482 1150 contu-

109 1171 272 1210 meliam
302 1172 488 1210 fortunae
519 1173 614 1210 tuae
645 1171 756 1220 facis,
789 1171 823 1210 si
853 1172 961 1210 hunc
987 1171 1108 1211 odisti
1139 1173 1179 1210 et
1205 1171 1334 1210 adhuc
1363 1173 1483 1222 putas

108 1233 182 1271 tua
211 1232 415 1282 interesse,
446 1245 495 1271 ne
527 1230 668 1271 vivat?
718 1232 831 1270 nulla
855 1232 932 1271 tibi
959 1232 1188 1283 contingere
1219 1232 1349 1271 maior
1379 1232 1482 1271 ultio

109 1293 244 1342 potest
270 1305 391 1342 quam
422 1292 458 1331 si
488 1293 570 1331 iam
600 1292 696 1331 talis
728 1293 800 1341 est,
831 1294 879 1331 ut
908 1293 1019 1332 illius
1046 1293 1169 1331 etiam
1194 1305 1265 1331 nos
1294 1292 1482 1331 miserea-

55 1365 92 1392 20
109 1366 210 1391 mur.
270 1365 419 1404 magna
462 1353 686 1392 mehercule
735 1353 819 1391 iam
863 1353 910 1391 de
955 1355 1088 1392 vetere
1134 1353 1290 1391 aemulo
1333 1352 1483 1403 poena!

111 1415 294 1463 superest
335 1426 482 1464 panem
526 1414 678 1464 eripere
715 1412 896 1452 mendico
947 1414 988 1451 et
1031 1414 1290 1465 gravissimae
1332 1426 1405 1464 per
1442 1425 1483 1451 se

110 1473 297 1512 fortunae
328 1486 451 1512 manu
476 1473 634 1524 pondus
659 1474 874 1523 imponere.
926 1486 1011 1525 age,
1044 1475 1078 1512 si
1102 1473 1282 1524 perisset,
1314 1473 1486 1512 cadaver

112 1533 333 1575 calcasses‘?
394 1534 502 1573 ferae
542 1534 786 1573 mehercules
825 1535 1097 1586 generosiores
1134 1534 1310 1573 iacentes
1352 1535 1483 1572 trans-

113 1595 221 1643 eunt,
251 1596 293 1632 et
317 1595 511 1633 reservati
541 1594 675 1633 hostes
699 1595 991 1644 restitutaeque
1016 1594 1134 1633 urbes
1159 1595 1314 1633 maiora
1340 1607 1484 1634 causae

58 1667 93 1694 25
113 1654 294 1704 exempla
326 1655 425 1703 sint,
457 1654 562 1704 quod
595 1656 689 1704 scio,
719 1655 837 1694 victis
870 1655 993 1694 etiam
1023 1655 1268 1706 gladiatores
1299 1656 1482 1705 parcunt.

111 1716 204 1764 post
235 1714 468 1764 orbitatem,
504 1716 598 1765 post
629 1716 847 1767 egestatem
880 1715 976 1765 quid
1010 1715 1181 1766 amplius
1218 1716 1353 1766 potest
1383 1717 1484 1766 pati,

112 1775 191 1813 nisi
223 1774 330 1825 quod
367 1773 510 1825 optat?
572 1775 789 1815 ulteriorne
826 1775 903 1814 tibi
941 1776 1078 1826 aliqua
1115 1776 1218 1815 ultio
1254 1776 1484 1826 quaerenda

113 1837 184 1882 est,
217 1838 287 1874 aut
318 1835 473 1885 aliquid
510 1849 644 1875 rerum
678 1838 823 1874 natura
859 1836 973 1887 peius
1011 1835 1148 1887 capit?
1211 1837 1299 1886 quis
1331 1849 1413 1876 non
1443 1839 1485 1876 te

111 1897 290 1935 omnium
315 1896 552 1935 mortalium
575 1897 952 1936 inhumanissimum
976 1899 1104 1947 putet,
1135 1897 1170 1936 si
1194 1897 1270 1936 hoc
1294 1896 1484 1936 adversus

211 2003 228 2034 1
257 1999 462 2034 maximam
487 2009 506 2042 β
629 2003 650 2035 2
676 1999 869 2035 inimicus:
896 1999 1085 2035 Minucius
1114 1999 1178 2036 Gr.
1304 2003 1324 2035 3
1352 1999 1485 2035 ammi-

112 2047 197 2082 rata
228 2053 256 2081 V
361 2047 528 2093 spicione
554 2053 624 2082 BV
727 2048 831 2083 duci:
862 2048 927 2083 diu
958 2055 987 2082 V
1096 2048 1289 2094 prohibito
1315 2050 1370 2084 te:
1397 2059 1484 2094 pro-

113 2094 276 2130 hibitate
307 2101 344 2130 Β
465 2099 484 2130 7
518 2096 712 2141 praestitis
737 2102 775 2131 Β
894 2100 915 2131 8
949 2097 1133 2132 senatoris
1163 2105 1190 2132 (5
1308 2097 1383 2132 mei
1415 2108 1483 2133 om.

117 2149 173 2178 VJ
293 2146 338 2178 10
369 2143 476 2179 illam
495 2151 527 2179 J
647 2148 689 2179 11
722 2146 804 2180 tum
831 2159 855 2179 α
881 2147 979 2191 (cum
1004 2144 1063 2180 vel
1090 2145 1179 2179 dum
1210 2157 1310 2191 supr.
1331 2147 1387 2191 m)

115 2195 158 2226 12
192 2201 322 2236 quam:
350 2203 424 2237 quo
452 2199 487 2227 Ρ
609 2197 650 2228 13
676 2194 759 2228 tum
784 2208 808 2227 α
932 2197 976 2228 14
1009 2194 1085 2228 sint
1110 2197 1195 2229 ante
1220 2205 1265 2228 ex
1291 2193 1378 2229 add.
1404 2193 1483 2229 Seh.

116 2242 159 2274 16
185 2250 326 2275 nonne:
352 2251 426 2275 non
454 2247 504 2283 Β;
531 2251 670 2276 numne
696 2247 739 2276 M
819 2244 863 2276 19
889 2252 1020 2286 quam:
1048 2242 1149 2287 quod
1176 2248 1212 2276 Ρ
1282 2253 1350 2276 nos
1375 2253 1444 2277 om.
1466 2250 1485 2283 β

114 2291 159 2322 22
185 2288 315 2323 manui
341 2295 417 2333 βΜς
444 2289 566 2324 maius
589 2289 672 2325 Obr.
749 2293 794 2324 24
818 2288 923 2324 urbis
943 2296 1023 2324 ΒΜ
1092 2290 1237 2325 maiora
1256 2301 1356 2335 supr.
1378 2296 1414 2324 B

114 2346 250 2371 causae
276 2347 344 2372 om.
366 2343 421 2381 M,
447 2348 547 2383 supr.
568 2352 627 2382 ηις
657 2348 771 2373 causa
797 2346 832 2382 33
860 2348 948 2373 cave
976 2345 1017 2372 11
1135 2342 1180 2373 25
1214 2338 1290 2373 sint
1320 2349 1365 2373 eae
1397 2338 1485 2372 sunt

113 2390 150 2418 Β
246 2384 523 2430 gladiatoribus
549 2392 589 2430 J,
614 2397 706 2422 corr.
727 2394 741 2420 t
840 2389 884 2421 26
912 2388 1014 2432 post:
1041 2390 1066 2432 f)
1094 2393 1129 2421 Ρ
