1638 2560
464 103 877 142 DECLAMATIONES
904 104 1000 140 VIII.
1027 105 1089 140 IX.
1378 105 1468 149 405

93 222 207 261 rexit.
263 220 308 260 P.
334 232 415 260 non
445 222 606 270 poteras
639 222 680 259 et
718 220 834 259 illum
867 232 1002 259 amare
1041 222 1082 259 et
1118 233 1182 259 me
1214 233 1294 259 non
1326 220 1468 259 odisse.

94 282 142 321 F.
169 279 364 331 nmquid
395 293 476 320 non
506 282 669 331 poteras
696 282 736 319 et
767 281 884 319 illum
916 280 1047 319 odisse
1079 283 1120 319 et
1147 280 1276 319 filium
1309 279 1472 319 amare?

94 342 138 380 P.
165 341 235 380 ille
274 341 376 381 mihi
415 343 588 380 mortem
627 341 818 392 parabat,
859 342 905 380 tu
947 342 985 379 ei
1026 353 1211 380 amorem.
1269 342 1317 380 F.
1346 339 1472 392 quid?

94 404 212 453 pater
251 402 424 441 mortem
463 401 636 453 parabat
678 402 748 452 qui
786 402 872 441 filio
913 401 1041 441 vitam
1083 402 1333 453 praestabat,
1374 415 1471 452 prae

58 477 75 503 5
94 462 278 503 omnibus
303 463 431 502 vincit
456 463 562 512 quod
595 462 806 502 abeuntem
834 475 915 501 non
940 461 1135 501 retinuit?
1189 463 1234 501 P.
1263 475 1381 512 quem
1411 475 1472 501 re-

95 523 222 563 tinere
253 535 334 562 non
364 524 513 574 potuit,
545 523 656 562 abire
688 523 853 562 dimisit.
909 524 958 562 F.
986 524 1100 573 atqui
1133 524 1370 573 corripuisse
1402 536 1472 574 po-

94 585 248 623 tuisset.
305 584 350 622 P.
376 596 515 636 rogas,
554 585 600 622 ut
639 584 848 622 inimicum
885 597 1018 623 meum
1056 595 1229 634 pascam.
1287 584 1336 622 F.
1362 596 1474 635 rogo,

94 646 143 684 ut
173 644 291 683 illum
314 656 457 696 pascas
490 645 561 695 qui
591 657 664 694 pro
690 647 730 683 te
762 657 912 696 egenus
944 644 1074 683 factus
1101 647 1172 693 est,
1206 645 1275 694 qui
1307 643 1473 683 abeunti

93 705 178 744 filio
203 705 442 745 facultatem
466 706 592 744 totam
622 706 832 744 commisit.
883 705 926 743 P.
947 717 1078 756 rogas,
1104 707 1152 743 ut
1178 705 1379 744 odientem
1410 719 1473 744 me

40 780 76 806 10
94 778 166 806 nec
198 765 433 817 diligentem
469 767 510 804 te
549 778 689 805 amem.
747 766 795 804 F.
822 767 884 804 vis
927 766 1027 804 scire
1069 765 1166 816 quid
1198 767 1263 815 tu,
1306 766 1401 815 quid
1433 767 1474 805 et

96 839 169 878 ego
196 825 392 865 debeam?
422 839 495 876 pro
521 827 561 865 te
588 839 747 877 egenus,
772 839 845 876 pro
872 840 935 864 me
962 825 1081 865 orbus
1107 826 1237 865 factus
1265 828 1334 865 est.
1393 839 1474 865 non

94 889 230 938 potest
262 899 342 926 non
373 899 507 925 amare
539 887 675 937 illum,
716 900 788 938 pro
822 899 900 937 quo
940 886 1017 925 sibi
1058 886 1160 925 nihil
1191 887 1370 925 retinuit.
1427 887 1473 925 P.

95 949 212 998 pater
243 949 450 986 nocentem
478 960 551 998 pro
582 947 667 987 filio
700 947 864 998 amabit⁷
896 947 1002 986 filius
1035 947 1221 986 inutilem
1252 960 1326 998 pro
1357 949 1474 998 patre

95 1021 177 1047 non
216 1006 374 1047 oderit?
429 1009 477 1047 F.
504 1021 577 1058 pro
618 1010 659 1047 te
696 1009 802 1058 ipso,
843 1021 916 1058 pro
954 1010 1005 1047 te.
1064 1021 1137 1060 ego
1181 1009 1287 1047 enim
1329 1021 1402 1059 pro
1434 1010 1474 1047 te

43 1082 77 1109 15
97 1069 214 1118 subii,
244 1069 315 1107 ille
346 1081 420 1119 pro
451 1082 525 1107 me.
582 1069 855 1119 reciprocatur
887 1081 980 1120 ergo
1023 1070 1136 1108 actus
1167 1069 1210 1106 in
1241 1070 1292 1108 te.
1356 1069 1399 1107 Ρ.
1427 1071 1475 1107 tu

95 1129 256 1168 laudem
286 1131 401 1168 tuam
432 1131 654 1179 examinas,
691 1142 771 1168 non
802 1142 936 1168 meum
973 1129 1243 1180 opprobrium.
1301 1130 1349 1168 F.
1382 1142 1474 1168 non.

96 1191 295 1229 servatori
326 1190 434 1228 enim
464 1203 552 1229 meo
591 1190 693 1228 nihil
725 1190 820 1229 dare
852 1201 1032 1240 possum,
1069 1191 1115 1229 tu
1146 1190 1249 1228 nulli
1280 1190 1473 1229 famosius

97 1263 219 1301 quam
248 1251 463 1290 immerito.
520 1251 565 1289 P.
592 1252 753 1302 ingrato
789 1249 990 1289 serviam?
1047 1251 1094 1289 F.
1121 1264 1328 1301 nunquam
1359 1263 1474 1301 prae-

98 1311 232 1350 stitori
269 1312 455 1363 ingratus
494 1312 565 1361 qui
603 1311 680 1351 sibi
716 1311 819 1349 nihil
850 1312 1055 1362 praestare
1093 1311 1238 1362 potuit.
1295 1312 1339 1350 P.
1367 1311 1474 1349 adie-

43 1386 79 1412 20
97 1371 189 1411 cisti
235 1372 387 1411 vilitati
430 1373 591 1411 nostrae
640 1372 746 1422 quod
787 1385 858 1422 per
898 1371 1100 1410 inodiosos
1149 1373 1236 1411 vita
1276 1371 1353 1410 tibi
1395 1383 1474 1410 ser-

97 1434 194 1472 vata
235 1434 306 1471 est.
372 1433 420 1471 F.
454 1433 720 1472 accumulasti
765 1432 1055 1471 inhumanitati
1098 1433 1193 1471 tuae
1235 1432 1342 1483 quod
1390 1431 1474 1471 filio

97 1494 227 1532 mavis
266 1505 398 1532 carere
438 1506 559 1542 quam
597 1492 699 1532 odio.
756 1493 800 1531 P.
829 1494 900 1543 qui
933 1494 1094 1543 poterat
1130 1495 1215 1531 tam
1246 1494 1477 1532 constanter

98 1554 239 1604 odisse,
270 1566 350 1592 non
376 1554 527 1604 poterit
551 1553 722 1592 ulterius
755 1566 900 1592 amare.
957 1554 1003 1592 P.
1030 1554 1099 1603 qui
1128 1555 1287 1603 poterat
1312 1554 1472 1593 unicum

97 1614 226 1653 filium
252 1615 399 1653 amoris
426 1613 605 1654 obsidem
631 1614 738 1663 dare,
763 1627 843 1652 non
868 1614 1019 1664 poterit
1044 1614 1151 1664 quod
1177 1615 1234 1653 sic
1260 1614 1370 1664 emit,
1395 1627 1473 1652 non

43 1689 78 1715 25
99 1687 244 1714 amare.
296 1675 339 1713 P.
368 1675 403 1713 si
427 1674 624 1724 (iurasses,
650 1687 723 1726 ego
743 1675 951 1714 venissem.
1004 1675 1052 1713 F.
1074 1674 1107 1713 si
1135 1687 1260 1725 aeque
1287 1687 1475 1725 amasses,

98 1748 178 1774 non
199 1735 297 1774 adeo
323 1736 456 1774 lentus
476 1735 631 1775 fuisses.
690 1735 753 1774 fac
779 1736 953 1785 venisse3
979 1734 1047 1774 sed
1069 1748 1141 1774 nec
1161 1737 1218 1774 sic
1237 1735 1382 1774 redimi
1406 1748 1477 1786 po-

98 1797 277 1835 tuissem.
334 1797 378 1834 P.
405 1798 451 1835 tu
477 1797 562 1846 ipse
589 1795 773 1845 subisses,
798 1796 970 1835 forsitan
996 1795 1200 1836 evasisses.
1258 1797 1306 1835 F.
1333 1797 1478 1835 fortior

98 1869 161 1895 me
187 1856 420 1896 interfectus
447 1859 518 1895 est.
575 1857 707 1895 fateor
730 1858 880 1907 tamen,
914 1869 974 1895 me
1003 1857 1188 1907 voluisse,
1221 1857 1290 1895 sed
1317 1857 1476 1896 dicebat

99 1930 223 1956 unum
262 1917 455 1956 interesse
493 1918 628 1956 utrum
660 1918 801 1956 mortis
834 1917 1029 1956 vicarium
1066 1917 1228 1956 mallem
1269 1931 1319 1957 an
1354 1919 1475 1957 comi-

45 1992 80 2018 30
98 1980 191 2016 tem.
249 1990 365 2017 nemo
397 1990 577 2028 unquam
615 1990 688 2028 pro
727 1979 916 2017 missione
954 1977 1084 2029 magis
1116 1980 1294 2030 rogavit3
1337 1978 1406 2017 sed
1438 1981 1479 2017 et

99 2038 140 2076 in
171 2039 261 2088 ipso
302 2038 530 2077 discrimine
572 2039 707 2077 omnia
747 2039 916 2077 vulnera
954 2051 1078 2088 aeque
1120 2039 1227 2077 tulit.
1290 2039 1366 2078 hoc
1397 2052 1478 2078 uno

198 2170 220 2200 4
245 2166 349 2212 patri
374 2171 480 2202 ΒΥΒ
622 2167 736 2211 parat
762 2172 816 2210 113
843 2166 946 2212 parit
977 2172 1037 2201 ΥΒ
1180 2167 1352 2212 praestat
1378 2172 1486 2201 RBV

101 2217 122 2249 5
148 2214 266 2260 quod:
294 2213 360 2260 qui
381 2220 486 2250 RVB
592 2217 636 2250 10
662 2214 801 2260 quidve
828 2220 934 2250 RVB
1043 2218 1086 2250 16
1113 2225 1188 2250 11011
1214 2226 1281 2250 om.
1304 2221 1348 2259 P,
1374 2225 1477 2259 supr.

100 2274 199 2299 man.
219 2265 245 2299 2
345 2266 389 2298 17
415 2262 690 2299 famosissimus
711 2269 748 2298 P
844 2267 888 2299 18
914 2263 954 2298 111
976 2263 1166 2298 immerito
1191 2269 1253 2299 ΥΒ
1351 2266 1394 2297 19
1421 2262 1479 2297 111-

100 2311 232 2357 gratus
258 2310 333 2346 fuit
359 2317 464 2347 RVB
576 2314 622 2346 20
648 2310 810 2347 utilitati
837 2318 909 2347 PR
1031 2311 1125 2347 mihi
1152 2311 1302 2347 odiosos
1330 2312 1404 2346 Bu.

101 2359 174 2394 sibi
193 2365 231 2394 P
302 2364 345 2396 21
367 2359 523 2395 inuitati
549 2365 588 2404 Υ;
614 2359 796 2396 inunitati
816 2366 853 2395 Β
926 2364 971 2396 22
990 2360 1114 2396 maius
1139 2366 1201 2395 ΥΒ
1273 2363 1319 2394 24
1340 2358 1478 2394 amoris

101 2419 168 2447 om-
189 2413 258 2443 ΒΥ
352 2411 396 2443 26
423 2419 523 2444 esses
554 2414 615 2443 ΥΒ
833 2410 837 2414 ’
