1638 2560
496 114 816 152 DECLAMATIO
842 114 895 151 111
914 118 1068 151 17—19.
1416 115 1473 159 57

98 231 260 271 fecisset
296 229 404 270 Mari
440 231 710 282 propinquus,
751 230 859 282 quod
897 244 944 270 ex
983 231 1074 281 ipsa
1114 231 1239 281 stirpe
1277 231 1478 270 virtutum

99 290 328 331 sustulisset
359 303 400 331 se
430 291 600 343 flagitiis
625 291 795 331 suboles.
840 304 937 330 nam
968 304 1060 330 cum
1090 290 1191 331 bene
1216 292 1271 331 sit
1302 292 1478 331 liberata

98 351 246 403 probro
276 351 446 402 familia,
479 352 580 403 quid
611 353 762 391 attinet
791 352 896 391 illud
927 352 1098 391 subinde
1129 353 1259 392 Mario
1291 351 1476 392 obicere?

99 413 299 464 optimum
323 412 459 452 fuerat
482 426 564 452 non
588 413 777 453 habuisse
802 413 939 463 talem,
965 414 1193 464 proximum
1212 415 1285 463 est,
1305 413 1479 452 libenter

64 487 81 513 5
98 473 330 525 perdidisse.

190 533 403 584 Perorata,
434 535 666 586 imperator,
703 536 750 573 ut
780 534 1036 574 mediocritas
1074 534 1228 586 ingenii
1258 536 1339 574 mei
1369 536 1478 585 tulit,
1498 534 1552 571 19

100 606 241 644 causa,
278 595 361 634 scio
393 595 751 635 commendationis
788 596 919 646 partis
952 608 1036 635 esse
1070 596 1267 646 reliquas,
1305 595 1374 634 sed
1404 596 1479 635 has

99 667 369 706 supervacuas
411 655 513 695 facit
555 657 750 695 sanctitas
805 657 890 695 tua.
953 656 1051 707 quid
1089 658 1196 696 enim
1233 669 1390 706 verear,
1427 669 1478 695 ne

98 717 243 756 noceat
271 729 341 756 reo
371 716 582 756 humilitas
621 717 728 768 apud
759 718 800 756 te
838 718 904 755 cui
935 717 1000 756 vel
1037 719 1194 769 gratior
1226 719 1362 768 potest
1394 730 1478 757 esse

46 790 80 816 10
98 776 209 816 nuda
244 778 394 827 virtus,
435 777 544 829 apud
582 790 701 828 quem
737 779 960 817 maximum
1000 779 1063 817 est
1103 791 1151 818 ex
1191 790 1232 817 se
1274 777 1479 829 coepisse?

101 837 376 877 commendem
414 838 492 877 tibi
524 838 701 878 ordinem
736 839 904 891 caligati
940 839 1086 878 militis
1123 851 1243 890 quem
1275 838 1387 878 velut
1417 840 1479 877 in-

101 899 395 950 crementorum
434 899 599 938 tuorum
638 899 819 938 natalem
858 899 1032 939 libenter
1071 899 1122 938 ab
1161 899 1245 939 alto
1283 898 1478 950 respicis?

101 958 232 998 adhuc
255 958 429 999 fortasse
459 960 679 1010 patricium
704 961 879 999 valuerit
903 973 1041 1012 genus,
1073 960 1144 999 sed
1168 960 1335 999 ductum
1362 963 1479 999 tuum

99 1019 223 1072 longa
260 1021 363 1059 serie
401 1019 615 1072 dignitatis
651 1021 834 1060 ordinem
873 1022 964 1072 ipsa
1005 1022 1205 1060 virtutum
1245 1021 1479 1061 condicione

44 1092 79 1120 15
98 1080 307 1120 meliorem
337 1080 481 1120 fecisti.
535 1081 715 1120 nondum
745 1082 881 1132 potuit
913 1082 1036 1122 altius
1067 1082 1282 1133 procedere
1314 1083 1378 1122 vir
1410 1082 1478 1120 ad-

98 1140 178 1180 huc
208 1141 328 1180 huius
360 1143 519 1182 aetatis.
568 1143 707 1181 tamen
739 1155 830 1182 cum
861 1143 995 1182 virum
1032 1143 1196 1192 fortem,
1234 1142 1479 1195 condignum

98 1202 181 1241 tuis
213 1203 370 1252 castris,
400 1203 483 1242 tuis
516 1203 706 1254 auspiciis
737 1203 961 1255 probarim,
994 1203 1227 1243 commendo
1258 1203 1337 1242 tibi
1368 1205 1480 1255 quic-

100 1262 199 1314 quid
229 1262 374 1303 melius
406 1264 522 1303 miles
553 1263 641 1303 fieri
674 1266 821 1315 potest.
883 1265 959 1304 hoc
992 1264 1154 1316 quidem
1185 1264 1366 1315 profecto
1398 1278 1478 1304 non

99 1325 298 1374 expectas,
329 1325 376 1363 ut
406 1325 450 1362 in
482 1326 660 1364 extrema
692 1324 849 1365 actione
881 1325 1103 1365 miserabili
1133 1325 1231 1364 fletu
1263 1327 1304 1364 et
1334 1325 1479 1364 humili

44 1397 80 1425 20
99 1383 370 1424 obtestatione
408 1386 538 1424 vitam
576 1399 682 1438 genu
719 1387 837 1425 nixus
874 1388 1007 1438 petat:
1049 1399 1122 1425 nec
1162 1388 1209 1425 tu
1248 1387 1386 1438 rogari
1427 1386 1477 1425 ab

98 1444 312 1484 innocente
344 1446 490 1498 exigis,
527 1459 600 1486 nec
631 1447 718 1486 viro
756 1447 856 1486 forti
893 1459 993 1497 opus
1026 1449 1087 1486 est
1123 1448 1281 1498 precari
1318 1447 1479 1487 absolu-

98 1506 263 1545 tionem.
325 1520 450 1545 unum
480 1509 618 1559 rogat,
653 1508 700 1546 ut
731 1508 766 1547 si
797 1507 895 1558 quid
927 1508 976 1547 de
1008 1520 1129 1547 causa
1159 1508 1271 1546 illius
1304 1507 1479 1558 dubitas,

99 1565 168 1605 des
208 1566 446 1606 dilationem
486 1580 611 1618 usque
654 1567 705 1606 ad
744 1569 974 1619 proximum
1017 1568 1227 1619 proelium.
1291 1582 1395 1620 pone
1435 1570 1479 1607 in

197 1734 216 1765 1
243 1706 325 1766 mzfi
349 1736 387 1766 Β
482 1734 503 1766 2
531 1741 587 1766 se:
615 1731 683 1766 sed
707 1738 741 1767 ,1
810 1731 950 1779 flagitii
975 1739 1027 1767 m·
1096 1743 1202 1768 nam:
1229 1732 1308 1768 iam
1330 1733 1478 1769 Frantz

99 1777 213 1814 bene:
245 1789 368 1825 paene
403 1779 487 1816 Obr.
599 1783 620 1814 3
655 1780 817 1826 probroo
849 1787 901 1825 Β,
938 1793 1029 1818 corr.
1057 1788 1080 1815 b
1179 1781 1330 1817 abicere
1363 1790 1382 1824 β

100 1854 123 1885 4
148 1850 335 1887 obtimum
359 1858 441 1887 ΒΜ
521 1840 681 1888 Βαὶπιίὲθ
706 1859 744 1888 Β
824 1853 943 1889 talem
967 1853 1236 1899 propinqum,
1261 1853 1476 1900 proximum

98 1898 123 1934 l.
144 1911 181 1946 p.
208 1899 315 1936 Dess.
404 1901 462 1936 est
487 1902 647 1937 correxi:
674 1903 712 1937 et
738 1916 786 1947 ως
814 1903 881 1937 aut
908 1910 929 1936 ς
1022 1906 1041 1937 7
1069 1913 1225 1946 causam
1251 1909 1295 1938 ,11
1378 1914 1477 1938 com-

98 1947 349 1984 mendicionis
375 1955 422 1993 Β,
448 1960 541 1986 corr.
563 1957 587 1984 ὁ
667 1950 789 1996 partis
815 1957 933 1995 Βΐβγ,
959 1952 1088 1997 partes
1114 1957 1231 1993 ωιγιν
1309 1951 1477 1996 reliquas

99 2007 144 2032 ex
167 1995 362 2043 relinquas
382 2003 420 2032 Β
490 1997 578 2033 has:
606 2009 647 2033 as
667 2005 713 2042 Β,
739 2010 831 2035 corr.
854 2006 878 2033 b
976 2003 997 2034 9
1023 1999 1194 2036 umilitas
1220 2005 1266 2043 B,
1292 2011 1384 2036 corr.
1406 2006 1430 2034 b

99 2044 262 2091 gratior:
288 2046 439 2092 gravior
463 2052 492 2080 V
562 2051 605 2082 11
632 2046 724 2082 velit
743 2053 789 2091 Β,
817 2058 909 2084 corr.
931 2055 954 2082 b
1031 2052 1075 2083 13
1103 2048 1202 2083 aduc
1220 2054 1267 2093 Β,
1293 2059 1384 2084 corr.
1407 2055 1430 2082 ὸ

100 2093 274 2129 ductum:
311 2094 428 2130 ductu
454 2101 583 2139 Βΐβσς
618 2095 733 2131 ducto
760 2102 817 2140 Μ,
852 2096 911 2131 vel
941 2097 1098 2132 ductum
1126 2111 1168 2131 m
1266 2098 1375 2132 tuum
1400 2108 1478 2132 cor-

99 2143 196 2178 rexi:
224 2142 301 2178 tuis
327 2157 358 2177 ω
470 2147 515 2178 14
540 2142 630 2190 loga
654 2150 692 2178 Β
788 2144 1032 2191 dignitatatis
1060 2145 1254 2188 ordineem
1278 2151 1317 2180 Β
1405 2145 1478 2179 vir-

99 2192 222 2226 tutem
246 2197 300 2235 Β,
335 2202 428 2228 corr.
450 2198 474 2226 b
574 2192 835 2228 condicionem
861 2207 885 2227 α
998 2198 1042 2229 16
1071 2193 1183 2229 huius
1211 2193 1336 2229 adhuc
1362 2202 1382 2236 β

100 2238 262 2284 aetateis
282 2245 320 2274 Β
386 2251 488 2275 cum:
516 2251 587 2276 con
606 2246 652 2284 Β,
678 2252 770 2277 corr.
786 2248 810 2276 ὸ
878 2241 1110 2288 condignum
1131 2249 1185 2278 n:
1214 2253 1298 2278 cum
1320 2241 1478 2288 dignum

98 2288 234 2333 reliqui
297 2291 339 2323 17
367 2288 444 2323 tuis
465 2292 551 2324 ante
571 2289 752 2335 auspiciis
773 2301 840 2326 om.
862 2297 894 2325 J
961 2294 1005 2326 19
1031 2290 1141 2326 11111111
1160 2297 1198 2325 Β
1258 2294 1304 2325 20
1330 2289 1476 2336 rogari:

99 2371 113 2407 i
138 2373 180 2407 in
205 2384 278 2408 ras.
300 2378 338 2407 Β
416 2377 460 2408 21
487 2372 559 2408 viri
585 2379 631 2419 Β,
658 2385 749 2410 corr.
771 2381 795 2409 b
858 2374 1097 2411 absolutione
1123 2382 1192 2410 BV
1268 2378 1313 2410 23
1341 2348 1474 2420 1101111111-

98 2420 223 2466 prima
247 2426 285 2455 Β
