1638 2560
178 117 334 153 XXVIII
723 113 1014 150 PRAEFATIO.

178 231 390 270 suetudine
419 231 670 270 declamandi
702 230 1099 279 declamatorumque
1133 229 1194 268 ita
1229 241 1374 280 genere
1406 228 1566 268 dicendi

176 292 321 331 harum
341 292 681 331 declamationum
712 291 921 341 perpensis
954 291 994 328 et
1019 289 1236 328 intellectis
1263 290 1474 341 contingat
1507 290 1564 329 eis

178 365 281 402 quae
313 365 419 391 nunc
452 354 593 402 coepta
625 353 729 401 sunt,
763 350 815 390 ad
846 351 1006 389 felicem
1039 350 1193 388 exitum
1224 350 1452 400 perducere.

269 413 571 452 Testimonia
608 412 682 451 illa
720 413 761 450 et
797 412 1026 463 fragmenta
1065 410 1115 450 ad
1149 409 1394 456 Quintiliani
1432 410 1564 449 decla-

175 475 374 512 mationes
406 473 653 524 pertinentia
686 485 788 522 quae
821 485 859 522 p.
891 472 976 510 352
993 485 1050 521 sq.
1084 470 1444 510 declamationibus
1472 471 1563 510 sub-

175 535 270 583 ieci,
313 546 359 572 eo
402 534 570 572 consilio
613 532 768 582 addidi,
811 534 875 581 ut,
917 532 1156 582 praesertim
1198 545 1289 570 cum
1331 530 1372 570 O.
1398 531 1565 571 Ritter

174 595 217 632 in
264 594 439 633 editione
484 594 685 633 minorum
730 605 832 643 quae
882 594 1080 631 vocantur
1129 592 1471 631 declamationum
1515 605 1564 631 ea

176 654 400 693 describere
432 654 639 703 noluisset,
672 655 808 692 omnia
842 665 945 703 quae
978 652 1029 691 ad
1061 652 1374 692 declamationes
1404 651 1564 699 Quinti-

174 715 275 753 liani
302 714 374 754 sub
401 716 562 753 nomine
589 714 845 753 circumlatas
873 714 1069 764 spectant,
1101 713 1307 752 commode
1333 713 1563 765 legentibus

175 777 336 826 praesto
371 776 512 814 essent.

266 836 507 885 Excerpto
519 849 621 874 rum
653 835 756 873 duae
789 834 839 872 ad
871 846 944 873 nos
977 835 1176 873 venerunt
1206 835 1470 873 recensiones.

266 896 439 935 Exstant
471 897 579 934 enim
603 897 643 934 in
673 895 807 934 codice
834 894 1114 934 Monacensi
1145 894 1275 933 latino
1303 895 1398 934 631
1430 889 1515 948 (M)
1527 889 1562 949 ¹)

173 956 479 995 membranaceo
524 956 782 994 miscellaneo
827 956 958 994 forma
1003 956 1265 1005 quaternaria
1309 955 1562 994 saeculorum

173 1016 410 1055 XII—XIV
436 1017 627 1055 foliorum
658 1018 742 1055 148
777 1016 874 1054 olim
899 1015 1147 1054 Hartmanni
1174 1015 1376 1054 Schedelii
1400 1015 1561 1055 Norim-
1594 1060 1596 1066 .

173 1077 379 1128 bergensis
405 1079 548 1116 octavo
575 1078 663 1115 loco
674 1071 706 1131 2)
734 1077 827 1115 inde
854 1089 878 1115 a
904 1077 1003 1115 folio
1026 1078 1122 1115 61*’0
1149 1071 1214 1130 (=
1237 1077 1289 1115 31
1320 1077 1405 1115 eius
1430 1077 1563 1127 partis

174 1150 278 1187 quae
312 1137 361 1176 ab
389 1137 528 1176 eadem
554 1151 677 1176 manu
710 1139 832 1187 atque
864 1137 1178 1176 declamationes
1205 1137 1356 1187 scripta
1382 1130 1462 1191 est)
1496 1149 1561 1175 ex-

174 1200 311 1248 cerpta
344 1211 448 1248 quae
481 1198 772 1237 inscribuntur:
811 1199 949 1246 incipit
979 1198 1076 1237 liber
1109 1196 1348 1247 Quintih'ani
1378 1198 1426 1237 de
1458 1198 1560 1247 laya—

173 1259 276 1297 libus
308 1259 474 1297 statibus
507 1261 671 1297 exarata
703 1259 863 1298 saeculo
890 1258 990 1296 XIII
1020 1258 1214 1297 litterulis
1245 1257 1413 1297 minutis
1444 1257 1562 1298 incli-

172 1320 280 1358 natis
309 1319 500 1358 adhibitis
520 1320 732 1369 permultis
760 1319 1019 1369 compendiis,
1044 1320 1104 1357 ita
1130 1321 1178 1357 ut
1197 1318 1431 1368 saepissime
1458 1331 1561 1369 quae

173 1381 326 1429 scripta
368 1381 466 1428 sint,
510 1380 675 1418 enodari
715 1380 783 1419 vix
823 1379 992 1429 possint.
1049 1381 1092 1418 in
1134 1379 1391 1429 excerpendis
1429 1379 1561 1418 decla-

172 1440 419 1479 mationibus
452 1440 603 1489 duplici
635 1441 670 1480 is
710 1442 780 1490 qui
818 1441 1006 1491 excerpta
1045 1440 1234 1489 confecit,
1274 1441 1433 1478 ratione
1464 1451 1561 1479 usus

174 1502 251 1549 est3
284 1513 378 1538 nam
410 1502 561 1550 partim
600 1501 650 1539 ad
690 1501 856 1540 verbum
894 1501 975 1538 fere
1014 1501 1173 1539 textum
1205 1501 1363 1539 omissis
1397 1499 1558 1550 quibus-

173 1560 265 1599 dam
297 1562 478 1610 repetiit,
520 1562 671 1611 partim
710 1563 833 1611 atque
872 1561 915 1599 id
946 1562 1119 1600 maxime
1157 1561 1200 1599 in
1234 1560 1438 1610 prioribus
1470 1559 1560 1599 bre-

172 1622 277 1659 viter
317 1622 477 1660 tantum
519 1621 738 1660 sententias
784 1623 1102 1672 argumentaque
1148 1621 1327 1660 reddidit
1365 1621 1432 1660 hic
1471 1621 1561 1660 illic

172 1681 414 1731 quibusdam
447 1682 494 1720 de
528 1695 598 1721 suo
631 1682 893 1732 interpositis.
950 1682 1049 1721 haec
1079 1683 1242 1733 integra
1274 1682 1480 1731 descripsi,
1512 1694 1559 1720 ex

171 1742 255 1780 illis
288 1754 335 1780 ea
367 1744 528 1780 tantum
561 1743 666 1793 elegi
692 1755 794 1792 quae
827 1755 851 1780 a
883 1741 1224 1781 declamationum
1252 1741 1385 1782 verbis
1412 1742 1558 1781 discre-

171 1804 283 1852 pant.
352 1804 589 1853 argumento
623 1803 929 1842 declamationis
961 1803 1003 1841 II
1045 1816 1133 1842 eam
1173 1803 1346 1842 formam
1388 1803 1559 1853 apposui

173 1874 275 1912 quae
315 1875 361 1901 ex
394 1862 578 1902 Parisino
615 1864 729 1902 7900
759 1863 797 1901 A
836 1858 1064 1917 innotuit.3)
1122 1863 1458 1902 declamationem
1494 1862 1558 1901 H]

172 1924 334 1961 omnino
366 1924 521 1973 respuit
552 1924 586 1962 is
614 1924 677 1962 cui
710 1925 898 1974 excerpta
931 1923 1138 1973 debentur,
1171 1922 1512 1962 declamationum
1537 1922 1558 1960 I

172 1985 213 2022 et
231 1982 327 2021 XIX
346 1984 407 2022 ita
425 1985 587 2022 tantum
612 1986 810 2023 rationem
830 1984 984 2033 habuit,
1009 1986 1056 2022 ut
1082 1984 1303 2023 sententias
1321 1983 1557 2033 luminaque

172 2043 372 2093 quaedam
403 2056 450 2082 ex
483 2044 539 2083 eis
567 2044 804 2094 deprompta
835 2046 1030 2084 insereret
1062 2045 1119 2083 eis
1147 2056 1249 2094 quae
1278 2056 1325 2082 ex
1357 2043 1556 2083 declama-

270 2207 305 2253 1)
332 2206 377 2242 cf.
406 2206 632 2251 Hammer,
658 2220 694 2253 p.
717 2211 760 2243 31
777 2219 857 2253 sqq.

269 2258 304 2298 2)
332 2255 378 2290 cf.
405 2255 570 2290 indicem
597 2255 636 2289 in
664 2256 839 2302 catalogo
863 2256 1038 2292 codicum
1062 2255 1272 2291 latinorum
1295 2254 1555 2290 bibliothecae

171 2303 557 2398 {elgigegaepnacgijis
579 2304 681 2339 edito
703 2315 726 2339 a
741 2303 873 2340 Carolo
895 2304 1027 2340 Halm
1047 2305 1086 2340 et
1105 2303 1268 2350 Greci-gio
1289 2303 1555 2339 Laubmann

269 2401 303 2445 3)
331 2400 377 2436 cf.
392 2364 500 2435 plinius.
522 2380 642 2436 Rhen.
665 2404 709 2436 56
731 2403 865 2447 (1901),
892 2414 928 2447 p.
951 2405 1020 2436 416
1035 2413 1116 2446 sqq.
