1638 2560
190 104 278 147 402
608 99 866 136 EXCERPT'A
891 97 1135 134 PARISINA.

570 251 680 291 VIII.
713 249 866 290 Gmssm
898 260 1181 289 LAchnn‘rns.

281 338 567 388 Arywmentum
591 349 626 375 v.
646 348 688 384 p.
719 337 816 380 146,
844 336 871 373 3
903 335 1135 373 omittuntwr
1158 334 1299 373 verba.-
1330 333 1481 385 gemini
1506 353 1566 360 —-

192 400 407 450 coeperunt
439 401 473 437 et
503 397 761 449 permittente
794 417 850 422 —-
882 395 1068 445 inspexit.
1247 429 1250 432 .

281 461 426 499 Mater.
470 458 666 509 quamvis,
685 456 848 505 iudices,
862 455 1082 506 plurimum
1100 454 1402 494 infelicissimae
1422 453 1565 494 matris
1598 476 1601 486 ι

193 519 413 560 adversitas
444 518 714 558 miserationis
753 516 964 555 abstulerit
1005 515 1112 566 quod
1151 528 1197 554 ex
1238 514 1393 554 duobus
1428 514 1565 555 liberis
1602 527 1620 555 5

192 583 281 632 pari
318 580 594 631 desperatione
631 577 917 630 languentibus
956 577 1074 616 alterv
1099 576 1247 626 evasit,
1286 577 1326 614 et
1362 575 1566 626 plerisque

191 642 410 680 maximum
442 639 619 679 dolorem
651 639 782 689 prima
819 638 951 676 fronte
983 636 1251 676 tractantibus
1288 635 1450 675 videtur
1482 636 1565 675 avi·

193 702 298 741 ditas
331 700 582 753 gaudiorum,
618 701 664 737 ut
694 698 811 737 modo
844 698 895 736 ad
925 698 1050 737 totius
1083 696 1270 736 orbitatis
1301 695 1465 736 redacta
1494 708 1566 747 pa-

192 763 379 802 tientiam
404 762 486 800 iam
517 773 597 799 non
625 761 678 798 sit
708 760 826 798 unius
853 759 983 798 salute
1010 759 1216 798 contenta:
1247 769 1328 797 non
1353 769 1565 808 possumus
1612 794 1614 797 ,

191 825 327 862 tamen
359 820 565 861 affectibus
596 821 744 859 nostris
776 820 880 858 hanc
910 820 1085 870 primam
1114 818 1371 858 tristissimae
1403 817 1565 857 calami-
1587 830 1621 857 ιο

192 883 288 922 tatis
321 882 497 934 allegare
535 893 762 920 mensuram
805 893 907 930 quae
945 893 990 918 ex
1028 881 1118 930 ipsa
1158 879 1295 918 solatii
1333 878 1396 918 sui
1433 877 1566 918 condi-

192 945 300 983 tione
342 942 554 981 descendit.
610 941 738 980 filium
778 942 917 991 itaque
957 953 980 978 a
1016 941 1130 991 patre
1171 941 1213 978 et
1252 938 1407 978 medico
1449 951 1566 990 quem

194 1004 391 1053 commisi,
430 1003 602 1052 requiro.
665 1002 794 1041 Pater.
844 1001 960 1050 licet,
999 1001 1044 1041 P.
1074 999 1128 1050 G,
1165 1000 1315 1039 doloris
1360 999 1567 1050 quantitas

194 1065 422 1103 absolutum
458 1077 520 1102 me
551 1064 658 1102 recte
696 1063 861 1112 fecerat,
894 1062 1103 1113 magisque
1134 1060 1407 1113 plangendum
1446 1072 1567 1110 quam

193 1124 512 1175 respondendum
543 1125 641 1173 erat,
672 1137 721 1161 ne
749 1122 846 1173 quid
877 1124 1013 1161 tamen
1039 1121 1103 1161 vel
1128 1121 1388 1173 neglegenter
1417 1120 1483 1160 vel
1507 1121 1566 1159 in-
1589 1133 1622 1160 15

192 1186 365 1224 humane
386 1187 517 1224 actum
531 1184 694 1234 putetis,
713 1183 990 1234 impatientiae
1003 1182 1185 1221 mulieris
1198 1194 1284 1221 mos
1298 1181 1476 1233 agendus
1496 1182 1568 1221 est.

192 1246 312 1296 idque
336 1246 511 1295 primum
536 1244 687 1293 audiat,
715 1244 810 1294 quia
835 1244 1106 1282 communium
1128 1242 1347 1282 liberorum
1370 1241 1569 1281 rationem

194 1306 269 1345 sibi
294 1319 374 1344 non
394 1305 526 1344 debeo.
583 1306 642 1343 M.
665 1318 766 1354 quae
791 1305 882 1355 plus
906 1303 1073 1355 praebet
1099 1304 1257 1342 animae
1283 1304 1324 1342 et
1349 1303 1569 1354 sanguinis,

194 1367 395 1417 particeps
422 1366 499 1405 erit
523 1367 682 1404 tantum
708 1364 886 1404 doloris?
940 1366 985 1404 P.
1011 1366 1058 1404 ut
1081 1377 1184 1403 unus
1211 1363 1434 1413 sanaretur,
1466 1362 1569 1402 alter

193 1427 359 1466 interiit.
423 1427 482 1465 M.
515 1428 564 1465 ut
600 1439 702 1465 unus
745 1426 892 1475 evasit,
932 1427 992 1464 ita
1033 1426 1074 1464 et
1115 1425 1219 1463 alter
1259 1425 1461 1463 evasisset.
1522 1423 1566 1461 P.
1588 1436 1623 1462 20

194 1487 400 1526 considera
431 1489 645 1536 utrumque
674 1486 909 1537 periturum,
941 1485 1136 1538 gaudebis
1167 1498 1306 1524 unum.
1324 1497 1407 1524 esse
1437 1485 1568 1523 reten-

195 1550 291 1586 tum.
348 1548 407 1586 M.
440 1547 531 1586 vide
569 1547 617 1585 de
650 1547 802 1586 duobus
841 1549 1028 1586 neutrum
1065 1547 1232 1597 periisse
1272 1545 1352 1584 nisi
1383 1545 1567 1584 occisum.

195 1608 238 1645 P.
266 1607 539 1658 ingratissima
565 1608 743 1646 omnium
768 1608 982 1646 mulierum
1007 1620 1087 1646 non
1115 1607 1358 1657 quereretur,
1389 1605 1469 1644 nisi
1493 1605 1569 1644 iste

196 1669 376 1706 evaserit.
442 1669 501 1706 M.
535 1668 835 1707 insanissimum
869 1669 1031 1719 patrum
1069 1668 1247 1706 omnium
1279 1666 1488 1716 desperare
1521 1665 1568 1704 de

197 1730 367 1778 utroque
407 1741 486 1767 non
527 1730 677 1778 potest,
719 1728 816 1767 dum
856 1742 960 1767 unus
1002 1730 1166 1767 sanatus
1208 1727 1278 1767 est.
1334 1727 1379 1765 P.
1419 1727 1568 1765 iniuste
1588 1738 1623 1766 25

195 1789 391 1839 inpetitur
424 1790 495 1839 qui
527 1802 655 1839 aequo
689 1789 822 1828 dolore
855 1788 1124 1828 confunditur.
1182 1789 1242 1827 M.
1277 1787 1459 1838 quisquis
1491 1785 1569 1826 sibi

195 1861 279 1886 rem
311 1861 497 1900 magnam
532 1849 669 1888 fecisse
694 1849 864 1898 videtur,
897 1862 921 1888 a
952 1849 1087 1888 dolore
1121 1848 1354 1900 explicatur.
1411 1847 1455 1886 P.
1488 1860 1568 1886 non

195 1910 327 1948 minus
360 1909 586 1960 diligebam.
644 1911 703 1948 M.
730 1923 811 1948 non
843 1910 960 1949 citius
987 1910 1247 1961 desperasses.
1303 1909 1347 1947 P.
1375 1920 1448 1960 ego
1480 1909 1568 1947 tan-

195 1969 362 2008 tundem
401 1969 569 2019 perdidi.
636 1971 696 2008 M.
729 1983 808 2008 non
849 1970 982 2020 perdit
1021 1969 1150 2008 filium
1191 1969 1261 2020 qui
1302 1968 1457 2008 occidit.
1523 1967 1567 2006 P.

196 2042 299 2068 unus
324 2042 404 2068 non
432 2030 644 2079 occidetur,
670 2043 719 2068 ne
746 2032 913 2080 uterque
938 2029 1162 2069 moriatur?
1210 2031 1271 2069 M.
1298 2029 1396 2068 duos
1423 2028 1569 2068 occidit
1588 2041 1624 2067 3⁰

197 2090 311 2128 cuius
338 2091 426 2128 uter
452 2090 707 2139 occideretur,
733 2104 813 2129 non
838 2092 1032 2129 interfuit.
1090 2091 1133 2129 P.
1160 2090 1304 2130 medici
1329 2090 1569 2129 moriturum

296 2211 313 2241 1
343 2205 466 2241 malae
490 2205 730 2241 tractationis
758 2205 808 2240 sit
834 2205 932 2241 actio
959 2205 1009 2240 VI
1035 2205 1095 2240 lex
1121 2212 1158 2240 P
1260 2208 1279 2240 7
1305 2204 1481 2240 videatur
1511 2209 1572 2238 VB

199 2258 241 2290 11
269 2253 429 2300 alligare
455 2260 559 2289 RVB
639 2254 876 2290 condictione
907 2260 969 2288 VB
1051 2257 1094 2289 13
1120 2253 1282 2299 requirit
1306 2259 1344 2289 Β
1429 2255 1474 2287 15
1500 2251 1568 2287 hu.-

198 2313 308 2338 mane
339 2308 400 2338 VB
482 2306 525 2337 16
552 2301 727 2337 muliebri
748 2308 852 2337 RVB
926 2306 969 2337 18
996 2302 1069 2338 sibi
1089 2313 1156 2338 om.
1178 2308 1215 2337 P
1231 2301 1332 2348 (add.
1353 2313 1451 2337 man.
1471 2301 1512 2346 2)
1532 2306 1569 2336 ιι

197 2355 243 2386 20
270 2350 367 2386 alius
398 2357 460 2386 VB
563 2354 605 2386 21
632 2350 871 2396 redemptum
895 2356 964 2385 BV
1064 2354 1108 2384 23
1136 2350 1168 2386 si
1193 2361 1269 2386 non
1295 2355 1332 2386 Β
1431 2352 1476 2384 24
1501 2359 1568 2394 pa-

196 2402 293 2435 trem
318 2405 424 2436 RVB
520 2402 564 2434 26
591 2399 656 2444 qui
673 2400 724 2434 dn
749 2410 821 2434 ras.
849 2405 898 2443 1³3
926 2398 1027 2444 quod
1059 2405 1098 2443 νς
1125 2397 1217 2444 quid
1242 2404 1280 2433 Β
1534 2425 1536 2431 ,

1605 2432 1638 2560 νεῖ-’,Λίμὼ
1631 2407 1634 2409 .
1634 2373 1638 2386 ..
1628 2275 1634 2280 »
