1638 2560
231 120 318 163 292
752 117 891 154 AMIOI
917 117 1078 153 VAnEs

229 247 466 286 paraveram
499 233 605 283 apud
636 235 853 283 tyrannum
886 234 988 271 hanc
1025 233 1304 283 iactationem,
1333 234 1389 280 ,ut
1425 245 1489 271 me
1520 245 1602 273 cre-

230 296 342 334 deret
378 295 604 342 remissum,
646 295 686 332 et
724 307 847 345 genus
889 293 1172 332 ostentationis
1199 292 1515 344 adamaveram,
1555 295 1604 333 ut

194 383 198 389 ·
230 357 470 394 mirarentur
506 354 679 394 hominis
717 353 836 393 fidem
874 353 997 392 etiam
1033 354 1077 392 in
1115 353 1302 393 orbitate.
1365 366 1444 405 quo
1479 354 1604 396 vultis

232 416 306 455 hoc
350 415 483 454 animo
526 415 651 453 feram
691 414 816 464 quod,
858 415 982 453 etiam
1019 415 1064 452 ut
1101 415 1300 464 revertar,
1341 415 1472 454 amico
1515 427 1604 454 meo

230 477 360 515 mater
390 469 597 525 inposuit?
648 476 688 514 et
719 476 915 525 quantum
947 474 999 513 ad
1030 475 1134 514 hanc
1164 476 1353 526 pertinet,
1373 476 1629 514 -maximum·

230 536 414 575 iuvenem
447 536 614 586 decepit,
645 535 761 574 illum
795 535 863 585 qui
895 547 1003 574 meos
1036 535 1250 575 crediderit
1281 535 1475 575 adfectus.
1524 549 1604 575 non

230 609 404 648 possum,
436 596 603 645 iudices,
635 596 719 635 litis
751 596 870 635 huius
903 596 1154 635 dissimulare
1186 597 1353 636 facinus.
1415 597 1605 636 innocen-

230 658 311 696 tius
343 657 489 706 fuerat,
521 658 575 698 ut,
598 654 675 708 ego'
702 657 851 695 nollem
883 657 1042 695 reverti.

320 717 518 766 Viderint,
550 716 793 756 sanctissimi
818 718 907 766 viri,
942 748 1070 756 ......
1098 717 1167 756 sed
1190 718 1371 768 receptas
1396 718 1606 757 nominum

231 779 507 828 persuasiones
538 777 650 816 velut
682 777 861 827 aliquam
894 778 1130 817 servitutem
1162 778 1344 818 caritatis
1377 777 1604 818 attendunt.
1624 795 1638 822 1

231 852 294 876 me
327 839 361 877 si
394 839 481 888 quis
513 839 748 889 interroget,
779 839 911 877 nullos
945 838 1125 877 adfectus
1157 840 1318 878 tantum
1348 840 1462 878 nasci
1491 840 1604 889 puto.

234 900 273 937 et
305 900 340 937 si
372 899 459 948 quis
498 900 633 936 omnia
665 912 759 937 vera
796 899 954 938 ratione
991 900 1182 949 respiciat
1220 899 1411 950 quiequid
1447 899 1605 950 liberos,

234 960 394 1008 fratres,
432 960 678 1009 propinquos
709 960 881 998 invicem
913 961 1041 1005 tenet,
1077 961 1258 999 amicitia
1290 962 1361 1000 est.
1424 959 1605 1000 homines

233 1021 360 1071 igitur
391 1031 489 1068 quos
522 1031 611 1057 cum
642 1021 813 1058 maxime
845 1020 1143 1059 incredibilium
1167 1034 1302 1060 rerum
1332 1021 1515 1072 loquitur
1544 1021 1606 1060 in-

234 1079 360 1130 vidia,
399 1093 533 1119 sumus
572 1081 655 1119 sine
694 1080 814 1119 dubio
853 1094 932 1120 non
971 1081 1149 1120 eiusdem
1186 1093 1279 1132 pars
1313 1082 1488 1131 animae,
1526 1093 1638 1124 non1

236 1140 411 1179 eiusdem
444 1140 600 1190 pondus
638 1142 759 1190 uteri,
798 1143 837 1180 et
869 1144 1020 1192 quanto
1059 1144 1191 1181 minus
1222 1143 1266 1180 in
1304 1142 1454 1192 causis,
1489 1142 1606 1181 tanto

235 1202 325 1251 plus
356 1202 398 1238 in
431 1200 590 1239 adfectu
622 1203 691 1240 est.
743 1201 1020 1241 admirabilior
1047 1204 1207 1253 caritas,
1238 1203 1282 1241 in
1308 1215 1429 1253 quam
1455 1201 1606 1242 coimus

236 1261 387 1299 viribus
419 1262 575 1300 nostris.
627 1275 706 1301 non
737 1262 875 1313 pudet,
907 1262 1069 1313 iudices,
1100 1263 1204 1302 hanc
1236 1263 1358 1302 fateri
1382 1264 1607 1314 persuasio-

236 1335 338 1371 nem,
362 1322 494 1360 minus
521 1321 686 1361 debetur
710 1323 864 1362 homini
890 1324 959 1373 qui
986 1324 1161 1374 aliquem
1185 1323 1276 1363 ideo
1301 1325 1463 1364 tantum
1486 1325 1607 1373 amat,

237 1382 332 1432 quia
362 1394 519 1421 necesse
552 1384 622 1421 est.
673 1383 731 1422 ita
757 1386 828 1434 est,
859 1384 1023 1434 iudices,
1054 1385 1114 1423 ita
1141 1386 1217 1424 est:
1251 1397 1275 1424 a
1299 1385 1441 1435 primis
1467 1385 1638 1426 statim}

237 1442 435 1481 aetatibus
472 1444 515 1481 in
546 1443 712 1482 eandem
751 1445 855 1483 coire
887 1446 1015 1484 vitam
1053 1445 1175 1484 habet
1213 1445 1391 1496 aliquem
1421 1444 1607 1484 fraterni-

236 1504 333 1541 tatis
367 1502 580 1545 adfectum.
849 1526 864 1551 χ.

328 1562 394 1601 Sic
425 1563 608 1602 effectum
641 1567 717 1614 est,
755 1566 800 1604 ut
831 1578 902 1604 nos
936 1565 1074 1605 statim
1105 1566 1215 1605 fama
1247 1567 1535 1617 committeret,
1568 1566 1609 1604 et

237 1624 311 1661 tali
343 1623 557 1662 certamine
590 1627 757 1675 coimus,
790 1627 853 1675 ut,
892 1627 926 1665 si
959 1627 1055 1676 quid
1087 1626 1297 1666 accidisset
1327 1626 1416 1676 uni,
1447 1626 1609 1665 deberet

239 1683 356 1722 alteri
394 1685 629 1733 exemplum.
692 1686 783 1725 inde
822 1688 899 1737 est,
932 1687 1039 1738 quod
1071 1689 1112 1726 et
1148 1688 1302 1738 pariter
1337 1688 1487 1726 reverti
1517 1699 1638 1728 con-1

335 1851 353 1882 1
380 1849 602 1902 tyrrannum
628 1855 656 1883 t·
756 1851 799 1885 ut
825 1850 1016 1899 (matris)
1042 1852 1279 1886 morarentur
1303 1851 1409 1888 Dess.
1426 1862 1464 1897 p.
1486 1852 1538 1886 89

239 1924 259 1954 3
291 1908 461 1964 homines
488 1927 515 1954 Γ
612 1922 729 1956 etiam
754 1922 958 1958 morbitate
989 1930 1017 1957 Γ
1119 1926 1140 1958 5
1166 1923 1331 1959 maxime
1357 1929 1399 1958 M
1500 1926 1521 1958 6
1548 1933 1611 1959 ac-

239 1992 340 2038 cepit
366 2003 451 2027 eum
478 1999 519 2027 M
614 1994 844 2030 crediderint
869 2001 912 2030 M
1019 2000 1038 2030 7
1067 1983 1308 2032 dissimulare
1332 2002 1370 2031 Β
1478 1998 1499 2030 9
1525 1995 1610 2031 sed:

239 2041 304 2086 qui
332 2050 368 2085 ες
396 2041 438 2076 de
463 2042 600 2077 lacuna
625 2043 670 2086 cf.
694 2043 797 2078 Dess.
813 2055 853 2088 p.
865 2047 925 2101 ξε)
1013 2048 1057 2078 10
1083 2044 1262 2080 karitatis
1289 2050 1333 2079 M
1412 2047 1455 2079 11
1482 2043 1610 2079 nullus

237 2131 308 2160 BV
412 2125 567 2161 effectus
594 2135 613 2168 β
730 2131 772 2162 12
800 2100 888 2163 ver}
912 2135 949 2163 Β
1068 2140 1192 2175 persp.
1214 2130 1360 2166 Frantz
1482 2132 1527 2164 13
1554 2129 1612 2164 est

237 2185 339 2219 supr.
359 2179 397 2208 B
479 2174 642 2210 hominis
669 2190 693 2209 α
781 2179 824 2211 15
851 2188 979 2211 sumus
1004 2177 1174 2222 profecto
1201 2177 1282 2213 sine
1307 2183 1336 2212 V
1424 2179 1467 2212 16
1492 2176 1611 2212 uteris
1635 2203 1638 2206 <

238 2228 290 2266 Β;
315 2222 419 2257 nturi
445 2229 480 2256 P
575 2223 641 2258 sed
666 2230 693 2258 V
786 2226 901 2269 quato
928 2231 965 2259 B
1074 2229 1117 2261 17
1144 2227 1202 2262 est
1227 2226 1283 2263 bis
1306 2232 1336 2260 V
1434 2225 1612 2261 ammira-
1636 2228 1638 2232 '

239 2269 352 2306 bilior
377 2270 521 2306 karitas
548 2278 591 2306 M
697 2283 771 2317 qua
798 2281 817 2315 β
929 2276 971 2308 18
998 2274 1070 2309 hae
1094 2281 1132 2309 Β
1240 2277 1284 2310 21
1312 2273 1439 2310 cohire
1462 2279 1544 2309 ΒΜ

240 2322 285 2354 24
312 2318 480 2354 cohimus
506 2325 557 2364 Β;
591 2320 756 2366 cogimus
784 2327 826 2355 M
849 2320 886 2366 (h
912 2324 975 2367 er.)
1073 2324 1132 2358 ut:
1166 2324 1205 2358 et
1230 2329 1294 2358 Βᾱ
1388 2322 1473 2369 quis
1499 2327 1544 2357 M

240 2366 520 2452 auccidisseBIZV
612 2372 657 2403 25
684 2370 722 2404 et
748 2369 858 2405 alteri
885 2376 912 2403 V
1005 2372 1042 2405 et
1067 2383 1167 2417 supr.
1188 2377 1226 2406 Β
1315 2370 1611 2416 contempsimus

278 2430 286 2460 ;
313 2427 404 2452 corr.
494 2446 499 2451 .
