<?xml version="1.0" encoding="UTF-8"?>
<!DOCTYPE html PUBLIC "-//W3C//DTD XHTML 1.0 Transitional//EN"
    "http://www.w3.org/TR/xhtml1/DTD/xhtml1-transitional.dtd">
<html xmlns="http://www.w3.org/1999/xhtml" xml:lang="en" lang="en">
 <head>
  <title>
</title>
<meta http-equiv="Content-Type" content="text/html;charset=utf-8" />
  <meta name='ocr-system' content='tesseract 3.04.00' />
  <meta name='ocr-capabilities' content='ocr_page ocr_carea ocr_par ocr_line ocrx_word'/>
</head>
<body>
  <div class='ocr_page' id='page_1' title='image "./quintilianiquaef00lehnuoft_0126.png"; bbox 0 0 1638 2560; ppageno 0'>
   <div class='ocr_carea' id='block_1_1' title="bbox 179 102 1114 151">
    <p class='ocr_par' dir='ltr' id='par_1_1' title="bbox 179 102 1114 151">
     <span class='ocr_line' id='line_1_1' title="bbox 179 102 1114 151; baseline -0.003 -10"><span class='ocrx_word' id='word_1_1' title='bbox 179 108 237 151; x_wconf 89' lang='lat'>90</span> <span class='ocrx_word' id='word_1_2' title='bbox 624 104 790 141; x_wconf 83' lang='lat' dir='ltr'><strong>AEGER</strong></span> <span class='ocrx_word' id='word_1_3' title='bbox 814 102 1114 140; x_wconf 66' lang='lat' dir='ltr'>REDEMP&#39;rvs</span> 
     </span>
    </p>
   </div>
   <div class='ocr_carea' id='block_1_2' title="bbox 125 215 1601 2022">
    <p class='ocr_par' dir='ltr' id='par_1_2' title="bbox 175 215 1601 574">
     <span class='ocr_line' id='line_1_2' title="bbox 176 215 1549 271; baseline -0.004 -10"><span class='ocrx_word' id='word_1_4' title='bbox 176 222 379 262; x_wconf 90' lang='lat' dir='ltr'>hominem</span> <span class='ocrx_word' id='word_1_5' title='bbox 410 221 479 271; x_wconf 92' lang='lat' dir='ltr'>qui</span> <span class='ocrx_word' id='word_1_6' title='bbox 515 220 730 271; x_wconf 89' lang='lat' dir='ltr'>piraticum</span> <span class='ocrx_word' id='word_1_7' title='bbox 768 231 982 268; x_wconf 89' lang='lat' dir='ltr'>carcerem,</span> <span class='ocrx_word' id='word_1_8' title='bbox 1022 218 1092 268; x_wconf 91' lang='lat' dir='ltr'>qui</span> <span class='ocrx_word' id='word_1_9' title='bbox 1129 215 1378 268; x_wconf 88' lang='lat' dir='ltr'>praedonum</span> <span class='ocrx_word' id='word_1_10' title='bbox 1414 216 1549 256; x_wconf 85' lang='lat' dir='ltr'>vincla</span> 
     </span>
     <span class='ocr_line' id='line_1_3' title="bbox 178 278 1547 331; baseline -0.005 -9"><span class='ocrx_word' id='word_1_11' title='bbox 178 282 433 331; x_wconf 74' lang='lat' dir='ltr'>discusserat,</span> <span class='ocrx_word' id='word_1_12' title='bbox 471 281 675 327; x_wconf 74' lang='lat' dir='ltr'>decuerat,</span> <span class='ocrx_word' id='word_1_13' title='bbox 711 292 759 318; x_wconf 92' lang='lat' dir='ltr'>ne</span> <span class='ocrx_word' id='word_1_14' title='bbox 790 279 984 319; x_wconf 87' lang='lat' dir='ltr'>voluisset</span> <span class='ocrx_word' id='word_1_15' title='bbox 1015 278 1135 317; x_wconf 88' lang='lat' dir='ltr'>aliter</span> <span class='ocrx_word' id='word_1_16' title='bbox 1165 278 1326 317; x_wconf 88' lang='lat' dir='ltr'>reverti.</span> <span class='ocrx_word' id='word_1_17' title='bbox 1389 290 1436 316; x_wconf 86' lang='lat' dir='ltr'>ex</span> <span class='ocrx_word' id='word_1_18' title='bbox 1469 289 1547 328; x_wconf 89' lang='lat' dir='ltr'>quo</span> 
     </span>
     <span class='ocr_line' id='line_1_4' title="bbox 177 338 1547 389; baseline -0.004 -7"><span class='ocrx_word' id='word_1_19' title='bbox 177 355 218 382; x_wconf 89' lang='lat' dir='ltr'>se</span> <span class='ocrx_word' id='word_1_20' title='bbox 250 342 362 382; x_wconf 90' lang='lat' dir='ltr'>nobis</span> <span class='ocrx_word' id='word_1_21' title='bbox 387 343 502 381; x_wconf 90' lang='lat' dir='ltr'>tanto</span> <span class='ocrx_word' id='word_1_22' title='bbox 526 341 674 380; x_wconf 82' lang='lat' dir='ltr'>virium</span> <span class='ocrx_word' id='word_1_23' title='bbox 704 340 840 379; x_wconf 88' lang='lat' dir='ltr'>labore</span> <span class='ocrx_word' id='word_1_24' title='bbox 866 339 1056 389; x_wconf 74' lang='lat' dir='ltr'>restituit,</span> <span class='ocrx_word' id='word_1_25' title='bbox 1088 339 1250 389; x_wconf 89' lang='lat' dir='ltr'>poterat</span> <span class='ocrx_word' id='word_1_26' title='bbox 1276 338 1361 377; x_wconf 82' lang='lat' dir='ltr'>eius</span> <span class='ocrx_word' id='word_1_27' title='bbox 1387 350 1547 389; x_wconf 89' lang='lat' dir='ltr'>quoque</span> 
     </span>
     <span class='ocr_line' id='line_1_5' title="bbox 178 397 1548 451; baseline -0.004 -9"><span class='ocrx_word' id='word_1_28' title='bbox 178 403 482 442; x_wconf 85' lang='lat' dir='ltr'>admirationem</span> <span class='ocrx_word' id='word_1_29' title='bbox 512 401 656 440; x_wconf 90' lang='lat' dir='ltr'>mereri</span> <span class='ocrx_word' id='word_1_30' title='bbox 689 402 758 451; x_wconf 83' lang='lat' dir='ltr'>qui</span> <span class='ocrx_word' id='word_1_31' title='bbox 788 401 919 450; x_wconf 89' lang='lat' dir='ltr'>pretio</span> <span class='ocrx_word' id='word_1_32' title='bbox 951 399 1074 451; x_wconf 88' lang='lat' dir='ltr'>paulo</span> <span class='ocrx_word' id='word_1_33' title='bbox 1107 400 1201 438; x_wconf 88' lang='lat' dir='ltr'>ante</span> <span class='ocrx_word' id='word_1_34' title='bbox 1234 398 1426 438; x_wconf 85' lang='lat' dir='ltr'>cessisset.</span> <span class='ocrx_word' id='word_1_35' title='bbox 1490 397 1548 437; x_wconf 91' lang='lat' dir='ltr'>dii</span> 
     </span>
     <span class='ocr_line' id='line_1_6' title="bbox 175 459 1601 512; baseline -0.003 -9"><span class='ocrx_word' id='word_1_36' title='bbox 175 463 438 512; x_wconf 90' lang='lat' dir='ltr'>immortales,</span> <span class='ocrx_word' id='word_1_37' title='bbox 478 475 597 512; x_wconf 90' lang='lat' dir='ltr'>quam</span> <span class='ocrx_word' id='word_1_38' title='bbox 635 460 812 511; x_wconf 89' lang='lat' dir='ltr'>laudem,</span> <span class='ocrx_word' id='word_1_39' title='bbox 852 473 971 510; x_wconf 90' lang='lat' dir='ltr'>quem</span> <span class='ocrx_word' id='word_1_40' title='bbox 1003 459 1156 511; x_wconf 87' lang='lat' dir='ltr'>gloriae</span> <span class='ocrx_word' id='word_1_41' title='bbox 1187 459 1369 499; x_wconf 85' lang='lat' dir='ltr'>favorem</span> <span class='ocrx_word' id='word_1_42' title='bbox 1405 459 1546 510; x_wconf 90' lang='lat' dir='ltr'>imple·</span> <span class='ocrx_word' id='word_1_43' title='bbox 1585 472 1601 499; x_wconf 84' lang='lat'><strong>5</strong></span> 
     </span>
     <span class='ocr_line' id='line_1_7' title="bbox 175 520 1244 574; baseline -0.005 -11"><span class='ocrx_word' id='word_1_44' title='bbox 175 525 298 574; x_wconf 83' lang='lat' dir='ltr'>verat,</span> <span class='ocrx_word' id='word_1_45' title='bbox 331 524 365 562; x_wconf 90' lang='lat' dir='ltr'>si</span> <span class='ocrx_word' id='word_1_46' title='bbox 396 524 576 573; x_wconf 88' lang='lat' dir='ltr'>pasceret</span> <span class='ocrx_word' id='word_1_47' title='bbox 605 523 773 572; x_wconf 89' lang='lat' dir='ltr'>patrem,</span> <span class='ocrx_word' id='word_1_48' title='bbox 804 521 1028 560; x_wconf 86' lang='lat' dir='ltr'>redemerat</span> <span class='ocrx_word' id='word_1_49' title='bbox 1059 520 1244 559; x_wconf 83' lang='lat' dir='ltr'>fratrem!</span> 
     </span>
    </p>

    <p class='ocr_par' dir='ltr' id='par_1_3' title="bbox 173 580 1600 996">
     <span class='ocr_line' id='line_1_8' title="bbox 264 580 1546 632; baseline -0.002 -10"><span class='ocrx_word' id='word_1_50' title='bbox 264 584 479 622; x_wconf 83' lang='lat' dir='ltr'>Relaturus</span> <span class='ocrx_word' id='word_1_51' title='bbox 499 582 623 632; x_wconf 87' lang='lat' dir='ltr'>vobis,</span> <span class='ocrx_word' id='word_1_52' title='bbox 649 582 810 631; x_wconf 85' lang='lat' dir='ltr'>iudices,</span> <span class='ocrx_word' id='word_1_53' title='bbox 837 580 974 620; x_wconf 84' lang='lat' dir='ltr'>ordine</span> <span class='ocrx_word' id='word_1_54' title='bbox 999 581 1200 619; x_wconf 84' lang='lat' dir='ltr'>malorum</span> <span class='ocrx_word' id='word_1_55' title='bbox 1223 593 1407 620; x_wconf 88' lang='lat' dir='ltr'>meorum</span> <span class='ocrx_word' id='word_1_56' title='bbox 1430 593 1546 619; x_wconf 85' lang='lat' dir='ltr'>even-</span> 
     </span>
     <span class='ocr_line' id='line_1_9' title="bbox 174 639 1580 694; baseline -0.002 -12"><span class='ocrx_word' id='word_1_57' title='bbox 174 645 260 682; x_wconf 94' lang='lat' dir='ltr'>tum</span> <span class='ocrx_word' id='word_1_58' title='bbox 293 657 410 694; x_wconf 91' lang='lat' dir='ltr'>quem</span> <span class='ocrx_word' id='word_1_59' title='bbox 446 655 563 681; x_wconf 91' lang='lat' dir='ltr'>nemo</span> <span class='ocrx_word' id='word_1_60' title='bbox 601 644 686 681; x_wconf 86' lang='lat' dir='ltr'>tam</span> <span class='ocrx_word' id='word_1_61' title='bbox 724 642 913 692; x_wconf 87' lang='lat' dir='ltr'>crudelis,</span> <span class='ocrx_word' id='word_1_62' title='bbox 950 654 1066 681; x_wconf 91' lang='lat' dir='ltr'>nemo</span> <span class='ocrx_word' id='word_1_63' title='bbox 1104 642 1191 680; x_wconf 86' lang='lat' dir='ltr'>tam</span> <span class='ocrx_word' id='word_1_64' title='bbox 1222 653 1364 680; x_wconf 80' lang='lat' dir='ltr'>saevus</span> <span class='ocrx_word' id='word_1_65' title='bbox 1397 639 1546 691; x_wconf 82' lang='lat' dir='ltr'>audiet,</span> <span class='ocrx_word' id='word_1_66' title='bbox 1577 670 1580 675; x_wconf 91' lang='lat'>.</span> 
     </span>
     <span class='ocr_line' id='line_1_10' title="bbox 174 701 1546 754; baseline -0.001 -12"><span class='ocrx_word' id='word_1_67' title='bbox 174 705 219 742; x_wconf 91' lang='lat' dir='ltr'>ut</span> <span class='ocrx_word' id='word_1_68' title='bbox 249 716 311 742; x_wconf 92' lang='lat' dir='ltr'>me</span> <span class='ocrx_word' id='word_1_69' title='bbox 343 716 422 742; x_wconf 92' lang='lat' dir='ltr'>non</span> <span class='ocrx_word' id='word_1_70' title='bbox 459 704 616 754; x_wconf 88' lang='lat' dir='ltr'>pascat,</span> <span class='ocrx_word' id='word_1_71' title='bbox 653 703 760 742; x_wconf 91' lang='lat' dir='ltr'>hunc</span> <span class='ocrx_word' id='word_1_72' title='bbox 798 704 891 741; x_wconf 86' lang='lat' dir='ltr'>ante</span> <span class='ocrx_word' id='word_1_73' title='bbox 929 701 1064 741; x_wconf 91' lang='lat' dir='ltr'>omnia</span> <span class='ocrx_word' id='word_1_74' title='bbox 1103 701 1172 752; x_wconf 90' lang='lat' dir='ltr'>qui</span> <span class='ocrx_word' id='word_1_75' title='bbox 1210 713 1251 740; x_wconf 91' lang='lat' dir='ltr'>se</span> <span class='ocrx_word' id='word_1_76' title='bbox 1283 701 1467 752; x_wconf 89' lang='lat' dir='ltr'>queritur</span> <span class='ocrx_word' id='word_1_77' title='bbox 1503 702 1546 740; x_wconf 89' lang='lat' dir='ltr'>in</span> 
     </span>
     <span class='ocr_line' id='line_1_11' title="bbox 173 761 1600 814; baseline 0.001 -12"><span class='ocrx_word' id='word_1_78' title='bbox 173 764 310 803; x_wconf 89' lang='lat' dir='ltr'>fratris</span> <span class='ocrx_word' id='word_1_79' title='bbox 352 764 648 814; x_wconf 88' lang='lat' dir='ltr'>comparatione</span> <span class='ocrx_word' id='word_1_80' title='bbox 691 763 946 812; x_wconf 89' lang='lat' dir='ltr'>damnatum,</span> <span class='ocrx_word' id='word_1_81' title='bbox 987 762 1129 801; x_wconf 86' lang='lat' dir='ltr'>secreti</span> <span class='ocrx_word' id='word_1_82' title='bbox 1169 761 1319 801; x_wconf 91' lang='lat' dir='ltr'>doloris</span> <span class='ocrx_word' id='word_1_83' title='bbox 1360 761 1545 814; x_wconf 83' lang='lat' dir='ltr'>indigna·</span> <span class='ocrx_word' id='word_1_84' title='bbox 1566 776 1600 803; x_wconf 87' lang='lat'>10</span> 
     </span>
     <span class='ocr_line' id='line_1_12' title="bbox 173 821 1545 875; baseline -0.001 -12"><span class='ocrx_word' id='word_1_85' title='bbox 173 824 281 863; x_wconf 90' lang='lat' dir='ltr'>tione</span> <span class='ocrx_word' id='word_1_86' title='bbox 314 824 515 863; x_wconf 87' lang='lat' dir='ltr'>convenio.</span> <span class='ocrx_word' id='word_1_87' title='bbox 566 823 663 874; x_wconf 89' lang='lat' dir='ltr'>quid</span> <span class='ocrx_word' id='word_1_88' title='bbox 696 825 796 875; x_wconf 89' lang='lat' dir='ltr'>agis,</span> <span class='ocrx_word' id='word_1_89' title='bbox 826 825 1040 874; x_wconf 79' lang='lat' dir='ltr'>impotens,</span> <span class='ocrx_word' id='word_1_90' title='bbox 1072 821 1271 874; x_wconf 78' lang='lat' dir='ltr'>superbe?</span> <span class='ocrx_word' id='word_1_91' title='bbox 1327 823 1373 861; x_wconf 91' lang='lat' dir='ltr'>tu</span> <span class='ocrx_word' id='word_1_92' title='bbox 1404 821 1545 872; x_wconf 85' lang='lat' dir='ltr'>nescis,</span> 
     </span>
     <span class='ocr_line' id='line_1_13' title="bbox 173 881 1545 936; baseline 0 -14"><span class='ocrx_word' id='word_1_93' title='bbox 173 886 308 923; x_wconf 89' lang='lat' dir='ltr'>utrum</span> <span class='ocrx_word' id='word_1_94' title='bbox 352 885 496 924; x_wconf 84' lang='lat' dir='ltr'>fuerim</span> <span class='ocrx_word' id='word_1_95' title='bbox 532 884 809 936; x_wconf 85' lang='lat' dir='ltr'>redempturus</span> <span class='ocrx_word' id='word_1_96' title='bbox 855 897 901 922; x_wconf 90' lang='lat' dir='ltr'>ex</span> <span class='ocrx_word' id='word_1_97' title='bbox 939 883 1095 923; x_wconf 90' lang='lat' dir='ltr'>duobus</span> <span class='ocrx_word' id='word_1_98' title='bbox 1134 884 1260 933; x_wconf 85' lang='lat' dir='ltr'>sanis,</span> <span class='ocrx_word' id='word_1_99' title='bbox 1303 895 1350 921; x_wconf 87' lang='lat' dir='ltr'>ex</span> <span class='ocrx_word' id='word_1_100' title='bbox 1391 881 1545 922; x_wconf 88' lang='lat' dir='ltr'>duobus</span> 
     </span>
     <span class='ocr_line' id='line_1_14' title="bbox 175 945 314 996; baseline -0.007 -13"><span class='ocrx_word' id='word_1_101' title='bbox 175 945 314 996; x_wconf 86' lang='lat' dir='ltr'>aegris.</span> 
     </span>
    </p>

    <p class='ocr_par' dir='ltr' id='par_1_4' title="bbox 172 1004 1598 1176">
     <span class='ocr_line' id='line_1_15' title="bbox 262 1004 1544 1054; baseline 0 -11"><span class='ocrx_word' id='word_1_102' title='bbox 262 1004 398 1043; x_wconf 88' lang='lat' dir='ltr'>Habui</span> <span class='ocrx_word' id='word_1_103' title='bbox 429 1004 551 1054; x_wconf 87' lang='lat' dir='ltr'>enim,</span> <span class='ocrx_word' id='word_1_104' title='bbox 582 1005 751 1054; x_wconf 87' lang='lat' dir='ltr'>iudices,</span> <span class='ocrx_word' id='word_1_105' title='bbox 788 1004 893 1044; x_wconf 90' lang='lat' dir='ltr'>filios</span> <span class='ocrx_word' id='word_1_106' title='bbox 926 1004 1198 1044; x_wconf 87' lang='lat' dir='ltr'>diversissima</span> <span class='ocrx_word' id='word_1_107' title='bbox 1228 1004 1427 1043; x_wconf 86' lang='lat' dir='ltr'>mentium</span> <span class='ocrx_word' id='word_1_108' title='bbox 1459 1015 1544 1043; x_wconf 91' lang='lat' dir='ltr'>cor-</span> 
     </span>
     <span class='ocr_line' id='line_1_16' title="bbox 172 1064 1598 1115; baseline 0.001 -12"><span class='ocrx_word' id='word_1_109' title='bbox 172 1077 392 1115; x_wconf 90' lang='lat' dir='ltr'>porumque</span> <span class='ocrx_word' id='word_1_110' title='bbox 437 1065 634 1115; x_wconf 85' lang='lat' dir='ltr'>qualitate</span> <span class='ocrx_word' id='word_1_111' title='bbox 678 1066 919 1115; x_wconf 86' lang='lat' dir='ltr'>eompositos</span> <span class='ocrx_word' id='word_1_112' title='bbox 964 1067 1022 1114; x_wconf 90' lang='lat' dir='ltr'>et,</span> <span class='ocrx_word' id='word_1_113' title='bbox 1072 1066 1178 1104; x_wconf 86' lang='lat' dir='ltr'>siout</span> <span class='ocrx_word' id='word_1_114' title='bbox 1220 1077 1314 1104; x_wconf 84' lang='lat' dir='ltr'>mox</span> <span class='ocrx_word' id='word_1_115' title='bbox 1356 1064 1545 1115; x_wconf 84' lang='lat' dir='ltr'>probavit</span> <span class='ocrx_word' id='word_1_116' title='bbox 1565 1078 1598 1105; x_wconf 86' lang='lat'>15</span> 
     </span>
     <span class='ocr_line' id='line_1_17' title="bbox 174 1125 1543 1176; baseline 0.001 -13"><span class='ocrx_word' id='word_1_117' title='bbox 174 1137 293 1164; x_wconf 86' lang='lat' dir='ltr'>saeva</span> <span class='ocrx_word' id='word_1_118' title='bbox 325 1126 556 1176; x_wconf 86' lang='lat' dir='ltr'>captivitas,</span> <span class='ocrx_word' id='word_1_119' title='bbox 594 1126 637 1164; x_wconf 90' lang='lat' dir='ltr'>in</span> <span class='ocrx_word' id='word_1_120' title='bbox 674 1127 804 1164; x_wconf 88' lang='lat' dir='ltr'>totam</span> <span class='ocrx_word' id='word_1_121' title='bbox 843 1125 1213 1165; x_wconf 82' lang='lat' dir='ltr'>dissimilitudinem</span> <span class='ocrx_word' id='word_1_122' title='bbox 1243 1125 1352 1165; x_wconf 84' lang='lat' dir='ltr'>vitae</span> <span class='ocrx_word' id='word_1_123' title='bbox 1384 1137 1543 1176; x_wconf 87' lang='lat' dir='ltr'>quoque</span> 
     </span>
    </p>

    <p class='ocr_par' dir='ltr' id='par_1_5' title="bbox 125 1185 1598 2022">
     <span class='ocr_line' id='line_1_18' title="bbox 125 1185 1544 1237; baseline 0.001 -14"><span class='ocrx_word' id='word_1_124' title='bbox 125 1185 149 1222; x_wconf 83' lang='lat'><strong>3</strong></span> <span class='ocrx_word' id='word_1_125' title='bbox 175 1197 317 1236; x_wconf 87' lang='lat' dir='ltr'>genere</span> <span class='ocrx_word' id='word_1_126' title='bbox 360 1185 554 1224; x_wconf 89' lang='lat' dir='ltr'>diductos.</span> <span class='ocrx_word' id='word_1_127' title='bbox 617 1186 682 1225; x_wconf 89' lang='lat' dir='ltr'>hic</span> <span class='ocrx_word' id='word_1_128' title='bbox 725 1199 896 1236; x_wconf 90' lang='lat' dir='ltr'>namque</span> <span class='ocrx_word' id='word_1_129' title='bbox 939 1186 1126 1225; x_wconf 91' lang='lat' dir='ltr'>robustus</span> <span class='ocrx_word' id='word_1_130' title='bbox 1171 1198 1217 1225; x_wconf 88' lang='lat' dir='ltr'>ac</span> <span class='ocrx_word' id='word_1_131' title='bbox 1259 1186 1419 1237; x_wconf 77' lang='lat' dir='ltr'>patiens</span> <span class='ocrx_word' id='word_1_132' title='bbox 1462 1198 1544 1225; x_wconf 89' lang='lat' dir='ltr'>non</span> 
     </span>
     <span class='ocr_line' id='line_1_19' title="bbox 171 1245 1541 1298; baseline 0 -14"><span class='ocrx_word' id='word_1_133' title='bbox 171 1245 321 1284; x_wconf 87' lang='lat' dir='ltr'>molliri</span> <span class='ocrx_word' id='word_1_134' title='bbox 351 1246 552 1296; x_wconf 80' lang='lat' dir='ltr'>prosperis</span> <span class='ocrx_word' id='word_1_135' title='bbox 584 1246 720 1296; x_wconf 82' lang='lat' dir='ltr'>facile,</span> <span class='ocrx_word' id='word_1_136' title='bbox 751 1259 832 1285; x_wconf 88' lang='lat' dir='ltr'>non</span> <span class='ocrx_word' id='word_1_137' title='bbox 864 1246 1136 1286; x_wconf 89' lang='lat' dir='ltr'>accidentibus</span> <span class='ocrx_word' id='word_1_138' title='bbox 1168 1246 1321 1298; x_wconf 86' lang='lat' dir='ltr'>frangi,</span> <span class='ocrx_word' id='word_1_139' title='bbox 1353 1248 1393 1286; x_wconf 88' lang='lat' dir='ltr'>et</span> <span class='ocrx_word' id='word_1_140' title='bbox 1425 1258 1541 1296; x_wconf 89' lang='lat' dir='ltr'>quem</span> 
     </span>
     <span class='ocr_line' id='line_1_20' title="bbox 172 1305 1544 1357; baseline 0.001 -14"><span class='ocrx_word' id='word_1_141' title='bbox 172 1305 219 1344; x_wconf 90' lang='lat' dir='ltr'>de</span> <span class='ocrx_word' id='word_1_142' title='bbox 263 1306 534 1356; x_wconf 85' lang='lat' dir='ltr'>voluptatium</span> <span class='ocrx_word' id='word_1_143' title='bbox 584 1307 901 1357; x_wconf 86' lang='lat' dir='ltr'>gaudiorumque</span> <span class='ocrx_word' id='word_1_144' title='bbox 952 1307 1183 1357; x_wconf 90' lang='lat' dir='ltr'>contemptu</span> <span class='ocrx_word' id='word_1_145' title='bbox 1234 1308 1354 1346; x_wconf 80' lang='lat' dir='ltr'>scires</span> <span class='ocrx_word' id='word_1_146' title='bbox 1403 1319 1544 1357; x_wconf 89' lang='lat' dir='ltr'>parem</span> 
     </span>
     <span class='ocr_line' id='line_1_21' title="bbox 171 1366 1598 1418; baseline 0.002 -14"><span class='ocrx_word' id='word_1_147' title='bbox 171 1366 408 1416; x_wconf 89' lang='lat' dir='ltr'>quandoque</span> <span class='ocrx_word' id='word_1_148' title='bbox 438 1367 629 1417; x_wconf 80' lang='lat' dir='ltr'>fortuitis,</span> <span class='ocrx_word' id='word_1_149' title='bbox 663 1369 842 1406; x_wconf 85' lang='lat' dir='ltr'>traxerat</span> <span class='ocrx_word' id='word_1_150' title='bbox 874 1381 922 1406; x_wconf 83' lang='lat' dir='ltr'>ex</span> <span class='ocrx_word' id='word_1_151' title='bbox 951 1367 1143 1407; x_wconf 88' lang='lat' dir='ltr'>firmitate</span> <span class='ocrx_word' id='word_1_152' title='bbox 1175 1369 1321 1407; x_wconf 90' lang='lat' dir='ltr'>mentis</span> <span class='ocrx_word' id='word_1_153' title='bbox 1353 1379 1543 1418; x_wconf 82' lang='lat' dir='ltr'>magnam</span> <span class='ocrx_word' id='word_1_154' title='bbox 1563 1382 1598 1408; x_wconf 77' lang='lat'>20</span> 
     </span>
     <span class='ocr_line' id='line_1_22' title="bbox 169 1427 1542 1479; baseline 0.001 -15"><span class='ocrx_word' id='word_1_155' title='bbox 169 1427 353 1476; x_wconf 85' lang='lat' dir='ltr'>protinus</span> <span class='ocrx_word' id='word_1_156' title='bbox 386 1428 426 1465; x_wconf 91' lang='lat' dir='ltr'>et</span> <span class='ocrx_word' id='word_1_157' title='bbox 455 1427 498 1465; x_wconf 90' lang='lat' dir='ltr'>in</span> <span class='ocrx_word' id='word_1_158' title='bbox 529 1427 706 1466; x_wconf 90' lang='lat' dir='ltr'>membra</span> <span class='ocrx_word' id='word_1_159' title='bbox 739 1428 1017 1467; x_wconf 85' lang='lat' dir='ltr'>constantiam.</span> <span class='ocrx_word' id='word_1_160' title='bbox 1080 1429 1149 1467; x_wconf 91' lang='lat' dir='ltr'>ille</span> <span class='ocrx_word' id='word_1_161' title='bbox 1181 1441 1276 1467; x_wconf 86' lang='lat' dir='ltr'>vero</span> <span class='ocrx_word' id='word_1_162' title='bbox 1314 1428 1469 1479; x_wconf 90' lang='lat' dir='ltr'>pariter</span> <span class='ocrx_word' id='word_1_163' title='bbox 1498 1428 1542 1466; x_wconf 90' lang='lat' dir='ltr'>in</span> 
     </span>
     <span class='ocr_line' id='line_1_23' title="bbox 172 1486 1541 1539; baseline 0.001 -15"><span class='ocrx_word' id='word_1_164' title='bbox 172 1486 367 1525; x_wconf 88' lang='lat' dir='ltr'>laetitiam</span> <span class='ocrx_word' id='word_1_165' title='bbox 401 1488 612 1537; x_wconf 90' lang='lat' dir='ltr'>metusque</span> <span class='ocrx_word' id='word_1_166' title='bbox 638 1488 848 1538; x_wconf 89' lang='lat' dir='ltr'>resolutus,</span> <span class='ocrx_word' id='word_1_167' title='bbox 880 1489 1034 1528; x_wconf 90' lang='lat' dir='ltr'>alienus</span> <span class='ocrx_word' id='word_1_168' title='bbox 1061 1502 1085 1527; x_wconf 91' lang='lat' dir='ltr'>a</span> <span class='ocrx_word' id='word_1_169' title='bbox 1111 1490 1227 1539; x_wconf 89' lang='lat' dir='ltr'>curis,</span> <span class='ocrx_word' id='word_1_170' title='bbox 1261 1487 1541 1528; x_wconf 87' lang='lat' dir='ltr'>sollicitudini-</span> 
     </span>
     <span class='ocr_line' id='line_1_24' title="bbox 169 1545 1543 1600; baseline 0.003 -17"><span class='ocrx_word' id='word_1_171' title='bbox 169 1545 243 1585; x_wconf 88' lang='lat' dir='ltr'>bus</span> <span class='ocrx_word' id='word_1_172' title='bbox 274 1548 414 1597; x_wconf 87' lang='lat' dir='ltr'>impar,</span> <span class='ocrx_word' id='word_1_173' title='bbox 447 1547 651 1598; x_wconf 87' lang='lat' dir='ltr'>delioatus,</span> <span class='ocrx_word' id='word_1_174' title='bbox 683 1548 907 1599; x_wconf 88' lang='lat' dir='ltr'>impatiens,</span> <span class='ocrx_word' id='word_1_175' title='bbox 942 1551 982 1588; x_wconf 92' lang='lat' dir='ltr'>et</span> <span class='ocrx_word' id='word_1_176' title='bbox 1012 1550 1094 1587; x_wconf 83' lang='lat' dir='ltr'>iam</span> <span class='ocrx_word' id='word_1_177' title='bbox 1120 1549 1262 1588; x_wconf 88' lang='lat' dir='ltr'>similis</span> <span class='ocrx_word' id='word_1_178' title='bbox 1289 1561 1421 1600; x_wconf 84' lang='lat' dir='ltr'>aegrO.</span> <span class='ocrx_word' id='word_1_179' title='bbox 1471 1547 1543 1588; x_wconf 89' lang='lat' dir='ltr'>sed</span> 
     </span>
     <span class='ocr_line' id='line_1_25' title="bbox 171 1606 1541 1661; baseline 0.003 -18"><span class='ocrx_word' id='word_1_180' title='bbox 171 1606 278 1656; x_wconf 88' lang='lat' dir='ltr'>apud</span> <span class='ocrx_word' id='word_1_181' title='bbox 308 1608 435 1656; x_wconf 87' lang='lat' dir='ltr'>patris</span> <span class='ocrx_word' id='word_1_182' title='bbox 466 1607 629 1647; x_wconf 83' lang='lat' dir='ltr'>affectus</span> <span class='ocrx_word' id='word_1_183' title='bbox 660 1609 758 1647; x_wconf 87' lang='lat' dir='ltr'>haec</span> <span class='ocrx_word' id='word_1_184' title='bbox 789 1609 877 1659; x_wconf 89' lang='lat' dir='ltr'>ipsa</span> <span class='ocrx_word' id='word_1_185' title='bbox 908 1609 1055 1648; x_wconf 90' lang='lat' dir='ltr'>liberos</span> <span class='ocrx_word' id='word_1_186' title='bbox 1082 1609 1369 1649; x_wconf 88' lang='lat' dir='ltr'>dissimilitudo</span> <span class='ocrx_word' id='word_1_187' title='bbox 1400 1609 1541 1661; x_wconf 86' lang='lat' dir='ltr'>iunge-</span> 
     </span>
     <span class='ocr_line' id='line_1_26' title="bbox 169 1665 1595 1720; baseline 0.004 -16"><span class='ocrx_word' id='word_1_188' title='bbox 169 1665 251 1715; x_wconf 89' lang='lat' dir='ltr'>bat,</span> <span class='ocrx_word' id='word_1_189' title='bbox 285 1668 325 1705; x_wconf 92' lang='lat' dir='ltr'>et</span> <span class='ocrx_word' id='word_1_190' title='bbox 357 1668 443 1705; x_wconf 90' lang='lat' dir='ltr'>erat</span> <span class='ocrx_word' id='word_1_191' title='bbox 475 1668 670 1717; x_wconf 90' lang='lat' dir='ltr'>quaedam</span> <span class='ocrx_word' id='word_1_192' title='bbox 702 1669 744 1706; x_wconf 92' lang='lat' dir='ltr'>in</span> <span class='ocrx_word' id='word_1_193' title='bbox 774 1669 1064 1719; x_wconf 83' lang='lat' dir='ltr'>inaequalitate</span> <span class='ocrx_word' id='word_1_194' title='bbox 1098 1670 1280 1709; x_wconf 88' lang='lat' dir='ltr'>caritatis</span> <span class='ocrx_word' id='word_1_195' title='bbox 1313 1670 1539 1720; x_wconf 81' lang='lat' dir='ltr'>aequalitas</span> <span class='ocrx_word' id='word_1_196' title='bbox 1560 1684 1595 1711; x_wconf 78' lang='lat'>25</span> 
     </span>
     <span class='ocr_line' id='line_1_27' title="bbox 171 1725 1540 1781; baseline 0.004 -17"><span class='ocrx_word' id='word_1_197' title='bbox 171 1725 276 1776; x_wconf 92' lang='lat' dir='ltr'>quod</span> <span class='ocrx_word' id='word_1_198' title='bbox 307 1726 412 1765; x_wconf 87' lang='lat' dir='ltr'>hunc</span> <span class='ocrx_word' id='word_1_199' title='bbox 444 1728 544 1766; x_wconf 89' lang='lat' dir='ltr'>serie</span> <span class='ocrx_word' id='word_1_200' title='bbox 575 1728 862 1779; x_wconf 87' lang='lat' dir='ltr'>laudatumque</span> <span class='ocrx_word' id='word_1_201' title='bbox 894 1742 1061 1780; x_wconf 89' lang='lat' dir='ltr'>semper,</span> <span class='ocrx_word' id='word_1_202' title='bbox 1098 1731 1216 1769; x_wconf 87' lang='lat' dir='ltr'>illum</span> <span class='ocrx_word' id='word_1_203' title='bbox 1250 1732 1333 1769; x_wconf 86' lang='lat' dir='ltr'>iam</span> <span class='ocrx_word' id='word_1_204' title='bbox 1365 1730 1540 1781; x_wconf 83' lang='lat' dir='ltr'>quadam</span> 
     </span>
     <span class='ocr_line' id='line_1_28' title="bbox 169 1787 1541 1842; baseline 0.004 -18"><span class='ocrx_word' id='word_1_205' title='bbox 169 1787 424 1826; x_wconf 85' lang='lat' dir='ltr'>miseratione</span> <span class='ocrx_word' id='word_1_206' title='bbox 444 1787 661 1839; x_wconf 87' lang='lat' dir='ltr'>diligerem.</span> <span class='ocrx_word' id='word_1_207' title='bbox 713 1789 810 1839; x_wconf 89' lang='lat' dir='ltr'>quid</span> <span class='ocrx_word' id='word_1_208' title='bbox 836 1791 989 1841; x_wconf 87' lang='lat' dir='ltr'>profuit</span> <span class='ocrx_word' id='word_1_209' title='bbox 1013 1791 1223 1830; x_wconf 86' lang='lat' dir='ltr'>individua</span> <span class='ocrx_word' id='word_1_210' title='bbox 1243 1789 1402 1842; x_wconf 76' lang='lat' dir='ltr'>pietas?</span> <span class='ocrx_word' id='word_1_211' title='bbox 1452 1792 1541 1830; x_wconf 86' lang='lat' dir='ltr'>erat</span> 
     </span>
     <span class='ocr_line' id='line_1_29' title="bbox 170 1847 1539 1903; baseline 0.004 -19"><span class='ocrx_word' id='word_1_212' title='bbox 170 1847 293 1885; x_wconf 87' lang='lat' dir='ltr'>etiam</span> <span class='ocrx_word' id='word_1_213' title='bbox 335 1860 398 1886; x_wconf 92' lang='lat' dir='ltr'>me</span> <span class='ocrx_word' id='word_1_214' title='bbox 441 1848 601 1887; x_wconf 90' lang='lat' dir='ltr'>nolente</span> <span class='ocrx_word' id='word_1_215' title='bbox 644 1850 918 1901; x_wconf 88' lang='lat' dir='ltr'>manifestum,</span> <span class='ocrx_word' id='word_1_216' title='bbox 969 1852 1098 1891; x_wconf 85' lang='lat' dir='ltr'>utrius</span> <span class='ocrx_word' id='word_1_217' title='bbox 1142 1853 1271 1903; x_wconf 88' lang='lat' dir='ltr'>magis</span> <span class='ocrx_word' id='word_1_218' title='bbox 1315 1850 1539 1901; x_wconf 86' lang='lat' dir='ltr'>colloquiis,</span> 
     </span>
     <span class='ocr_line' id='line_1_30' title="bbox 168 1907 1539 1962; baseline 0.004 -18"><span class='ocrx_word' id='word_1_219' title='bbox 168 1907 297 1958; x_wconf 88' lang='lat' dir='ltr'>magis</span> <span class='ocrx_word' id='word_1_220' title='bbox 329 1907 502 1946; x_wconf 87' lang='lat' dir='ltr'>laetarer</span> <span class='ocrx_word' id='word_1_221' title='bbox 533 1910 707 1959; x_wconf 86' lang='lat' dir='ltr'>aspectu.</span> <span class='ocrx_word' id='word_1_222' title='bbox 770 1911 880 1960; x_wconf 86' lang='lat' dir='ltr'>velit,</span> <span class='ocrx_word' id='word_1_223' title='bbox 912 1912 1032 1962; x_wconf 90' lang='lat' dir='ltr'>nolit,</span> <span class='ocrx_word' id='word_1_224' title='bbox 1063 1911 1226 1961; x_wconf 86' lang='lat' dir='ltr'>iudices,</span> <span class='ocrx_word' id='word_1_225' title='bbox 1257 1912 1348 1962; x_wconf 89' lang='lat' dir='ltr'>ipsa</span> <span class='ocrx_word' id='word_1_226' title='bbox 1380 1924 1539 1962; x_wconf 90' lang='lat' dir='ltr'>quoque</span> 
     </span>
     <span class='ocr_line' id='line_1_31' title="bbox 170 1967 1593 2022; baseline 0.006 -18"><span class='ocrx_word' id='word_1_227' title='bbox 170 1967 332 2016; x_wconf 88' lang='lat' dir='ltr'>querela</span> <span class='ocrx_word' id='word_1_228' title='bbox 374 1968 530 2007; x_wconf 89' lang='lat' dir='ltr'>iuvenis</span> <span class='ocrx_word' id='word_1_229' title='bbox 568 1969 666 2018; x_wconf 65' lang='lat' dir='ltr'>‚quid</span> <span class='ocrx_word' id='word_1_230' title='bbox 703 1970 751 2009; x_wconf 90' lang='lat' dir='ltr'>de</span> <span class='ocrx_word' id='word_1_231' title='bbox 791 1971 918 2021; x_wconf 86' lang='lat' dir='ltr'>patris</span> <span class='ocrx_word' id='word_1_232' title='bbox 962 1972 1140 2011; x_wconf 85' lang='lat' dir='ltr'>fateatur</span> <span class='ocrx_word' id='word_1_233' title='bbox 1184 1972 1336 2022; x_wconf 89' lang='lat' dir='ltr'>animo,</span> <span class='ocrx_word' id='word_1_234' title='bbox 1379 1971 1537 2022; x_wconf 88' lang='lat' dir='ltr'>probat.</span> <span class='ocrx_word' id='word_1_235' title='bbox 1558 1987 1593 2013; x_wconf 81' lang='lat'>30</span> 
     </span>
    </p>
   </div>
   <div class='ocr_carea' id='block_1_3' title="bbox 164 2057 1542 2442">
    <p class='ocr_par' dir='ltr' id='par_1_6' title="bbox 164 2057 1542 2442">
     <span class='ocr_line' id='line_1_32' title="bbox 263 2057 1538 2108; baseline 0.005 -16"><span class='ocrx_word' id='word_1_236' title='bbox 263 2061 286 2092; x_wconf 87' lang='lat'>4</span> <span class='ocrx_word' id='word_1_237' title='bbox 319 2057 374 2092; x_wconf 91' lang='lat' dir='ltr'>dii</span> <span class='ocrx_word' id='word_1_238' title='bbox 405 2058 653 2094; x_wconf 86' lang='lat' dir='ltr'>immortales:</span> <span class='ocrx_word' id='word_1_239' title='bbox 691 2060 780 2095; x_wconf 89' lang='lat' dir='ltr'>dum</span> <span class='ocrx_word' id='word_1_240' title='bbox 810 2062 988 2098; x_wconf 85' lang='lat' dir='ltr'>mortales</span> <span class='ocrx_word' id='word_1_241' title='bbox 1021 2069 1091 2097; x_wconf 83' lang='lat' dir='ltr'>BV</span> <span class='ocrx_word' id='word_1_242' title='bbox 1209 2066 1229 2098; x_wconf 88' lang='lat'><strong>6</strong></span> <span class='ocrx_word' id='word_1_243' title='bbox 1261 2062 1468 2098; x_wconf 81' lang='lat' dir='ltr'>redimerat</span> <span class='ocrx_word' id='word_1_244' title='bbox 1498 2068 1538 2108; x_wconf 80' lang='lat' dir='ltr'>V3</span> 
     </span>
     <span class='ocr_line' id='line_1_33' title="bbox 166 2104 1539 2156; baseline 0.005 -16"><span class='ocrx_word' id='word_1_245' title='bbox 166 2104 370 2141; x_wconf 87' lang='lat' dir='ltr'>redimeret</span> <span class='ocrx_word' id='word_1_246' title='bbox 394 2113 435 2141; x_wconf 90' lang='lat' dir='ltr'>M</span> <span class='ocrx_word' id='word_1_247' title='bbox 532 2111 550 2142; x_wconf 80' lang='lat'>7</span> <span class='ocrx_word' id='word_1_248' title='bbox 579 2107 748 2144; x_wconf 90' lang='lat' dir='ltr'>ordinem</span> <span class='ocrx_word' id='word_1_249' title='bbox 773 2109 925 2146; x_wconf 83' lang='lat' dir='ltr'>namhic</span> <span class='ocrx_word' id='word_1_250' title='bbox 949 2110 1135 2147; x_wconf 89' lang='lat' dir='ltr'>malorum</span> <span class='ocrx_word' id='word_1_251' title='bbox 1154 2118 1236 2156; x_wconf 80' lang='lat' dir='ltr'>BV;</span> <span class='ocrx_word' id='word_1_252' title='bbox 1263 2110 1435 2147; x_wconf 89' lang='lat' dir='ltr'>ordinem</span> <span class='ocrx_word' id='word_1_253' title='bbox 1459 2121 1539 2146; x_wconf 82' lang='lat' dir='ltr'>ma-</span> 
     </span>
     <span class='ocr_line' id='line_1_34' title="bbox 167 2152 1542 2198; baseline 0.004 -10"><span class='ocrx_word' id='word_1_254' title='bbox 167 2152 290 2189; x_wconf 90' lang='lat' dir='ltr'>lorum</span> <span class='ocrx_word' id='word_1_255' title='bbox 310 2160 364 2198; x_wconf 82' lang='lat'>113</span> <span class='ocrx_word' id='word_1_256' title='bbox 390 2155 550 2198; x_wconf 73' lang='lat' dir='ltr'>fueritne</span> <span class='ocrx_word' id='word_1_257' title='bbox 575 2155 706 2192; x_wconf 89' lang='lat' dir='ltr'>ordine</span> <span class='ocrx_word' id='word_1_258' title='bbox 732 2168 881 2192; x_wconf 90' lang='lat' dir='ltr'>omnem</span> <span class='ocrx_word' id='word_1_259' title='bbox 905 2158 968 2194; x_wconf 90' lang='lat' dir='ltr'>hic</span> <span class='ocrx_word' id='word_1_260' title='bbox 993 2159 1179 2195; x_wconf 85' lang='lat' dir='ltr'>malorum</span> <span class='ocrx_word' id='word_1_261' title='bbox 1204 2159 1224 2195; x_wconf 98' lang='grc'><em>,9</em></span> <span class='ocrx_word' id='word_1_262' title='bbox 1316 2160 1453 2195; x_wconf 85' lang='lat' dir='ltr'>eventu</span> <span class='ocrx_word' id='word_1_263' title='bbox 1477 2165 1542 2194; x_wconf 71' lang='lat' dir='ltr'>Ber</span> 
     </span>
     <span class='ocr_line' id='line_1_35' title="bbox 169 2202 1538 2254; baseline 0.005 -18"><span class='ocrx_word' id='word_1_264' title='bbox 169 2204 213 2237; x_wconf 89' lang='lat'>10</span> <span class='ocrx_word' id='word_1_265' title='bbox 246 2202 528 2248; x_wconf 85' lang='lat' dir='ltr'>comparatione</span> <span class='ocrx_word' id='word_1_266' title='bbox 552 2210 589 2238; x_wconf 88' lang='lat' dir='ltr'><em>B</em></span> <span class='ocrx_word' id='word_1_267' title='bbox 613 2206 647 2250; x_wconf 90' lang='lat' dir='ltr'>(e</span> <span class='ocrx_word' id='word_1_268' title='bbox 673 2211 695 2238; x_wconf 75' lang='lat' dir='ltr'><strong><em>b</em></strong></span> <span class='ocrx_word' id='word_1_269' title='bbox 708 2204 741 2251; x_wconf 85' lang='grc'>,9)</span> <span class='ocrx_word' id='word_1_270' title='bbox 836 2210 879 2241; x_wconf 86' lang='grc'>15</span> <span class='ocrx_word' id='word_1_271' title='bbox 913 2206 1067 2243; x_wconf 86' lang='lat' dir='ltr'>calitate</span> <span class='ocrx_word' id='word_1_272' title='bbox 1098 2215 1127 2242; x_wconf 88' lang='lat' dir='ltr'>V</span> <span class='ocrx_word' id='word_1_273' title='bbox 1221 2211 1264 2244; x_wconf 85' lang='lat'>19</span> <span class='ocrx_word' id='word_1_274' title='bbox 1296 2207 1538 2254; x_wconf 83' lang='lat' dir='ltr'>voluptatum</span> 
     </span>
     <span class='ocr_line' id='line_1_36' title="bbox 171 2250 1538 2311; baseline 0.006 -27"><span class='ocrx_word' id='word_1_275' title='bbox 171 2256 224 2284; x_wconf 75' lang='lat' dir='ltr'>Vd·</span> <span class='ocrx_word' id='word_1_276' title='bbox 303 2254 348 2285; x_wconf 85' lang='lat'>23</span> <span class='ocrx_word' id='word_1_277' title='bbox 373 2250 450 2286; x_wconf 82' lang='lat' dir='ltr'>iam</span> <span class='ocrx_word' id='word_1_278' title='bbox 477 2262 544 2287; x_wconf 86' lang='lat' dir='ltr'>om</span> <span class='ocrx_word' id='word_1_279' title='bbox 559 2259 591 2286; x_wconf 81' lang='lat' dir='ltr'><em>J</em></span> <span class='ocrx_word' id='word_1_280' title='bbox 685 2256 729 2288; x_wconf 84' lang='lat'>25</span> <span class='ocrx_word' id='word_1_281' title='bbox 756 2253 796 2288; x_wconf 88' lang='lat' dir='ltr'>in</span> <span class='ocrx_word' id='word_1_282' title='bbox 816 2265 883 2289; x_wconf 85' lang='lat' dir='ltr'>om.</span> <span class='ocrx_word' id='word_1_283' title='bbox 902 2269 926 2289; x_wconf 88' lang='grc' dir='ltr'><strong>α</strong></span> <span class='ocrx_word' id='word_1_284' title='bbox 945 2258 1058 2301; x_wconf 77' lang='lat' dir='ltr'>(supr.</span> <span class='ocrx_word' id='word_1_285' title='bbox 1074 2257 1128 2302; x_wconf 87' lang='lat' dir='ltr'>m)</span> <span class='ocrx_word' id='word_1_286' title='bbox 1148 2263 1180 2291; x_wconf 81' lang='lat' dir='ltr'><em>J</em></span> <span class='ocrx_word' id='word_1_287' title='bbox 1264 2255 1538 2311; x_wconf 75' lang='lat' dir='ltr'>aequalitatem</span> 
     </span>
     <span class='ocr_line' id='line_1_37' title="bbox 165 2299 1466 2350; baseline 0.006 -17"><span class='ocrx_word' id='word_1_288' title='bbox 165 2304 236 2333; x_wconf 80' lang='lat' dir='ltr'>BV</span> <span class='ocrx_word' id='word_1_289' title='bbox 304 2302 348 2334; x_wconf 82' lang='lat'>26</span> <span class='ocrx_word' id='word_1_290' title='bbox 376 2299 486 2334; x_wconf 84' lang='lat' dir='ltr'>serie:</span> <span class='ocrx_word' id='word_1_291' title='bbox 515 2300 652 2335; x_wconf 86' lang='lat' dir='ltr'>serium</span> <span class='ocrx_word' id='word_1_292' title='bbox 672 2307 722 2345; x_wconf 90' lang='lat' dir='ltr'>M,</span> <span class='ocrx_word' id='word_1_293' title='bbox 748 2312 839 2337; x_wconf 78' lang='lat' dir='ltr'>corr.</span> <span class='ocrx_word' id='word_1_294' title='bbox 860 2317 916 2342; x_wconf 77' lang='lat' dir='ltr'>m:</span> <span class='ocrx_word' id='word_1_295' title='bbox 946 2314 1033 2339; x_wconf 87' lang='lat' dir='ltr'>sene</span> <span class='ocrx_word' id='word_1_296' title='bbox 1057 2305 1112 2340; x_wconf 84' lang='lat' dir='ltr'>vel</span> <span class='ocrx_word' id='word_1_297' title='bbox 1139 2316 1223 2340; x_wconf 86' lang='lat' dir='ltr'>seve</span> <span class='ocrx_word' id='word_1_298' title='bbox 1249 2311 1292 2350; x_wconf 67' lang='grc' dir='ltr'>ες</span> <span class='ocrx_word' id='word_1_299' title='bbox 1320 2304 1418 2340; x_wconf 86' lang='lat' dir='ltr'>serio</span> <span class='ocrx_word' id='word_1_300' title='bbox 1445 2312 1466 2339; x_wconf 70' lang='grc' dir='ltr'>ς’</span> 
     </span>
     <span class='ocr_line' id='line_1_38' title="bbox 167 2346 1538 2399; baseline 0.005 -18"><span class='ocrx_word' id='word_1_301' title='bbox 167 2349 212 2381; x_wconf 83' lang='grc'>28</span> <span class='ocrx_word' id='word_1_302' title='bbox 239 2346 370 2383; x_wconf 87' lang='lat' dir='ltr'>etiam:</span> <span class='ocrx_word' id='word_1_303' title='bbox 399 2348 437 2382; x_wconf 92' lang='lat' dir='ltr'>et</span> <span class='ocrx_word' id='word_1_304' title='bbox 461 2354 506 2392; x_wconf 85' lang='lat' dir='ltr'>P,</span> <span class='ocrx_word' id='word_1_305' title='bbox 532 2359 623 2383; x_wconf 77' lang='lat' dir='ltr'>corr.</span> <span class='ocrx_word' id='word_1_306' title='bbox 644 2363 670 2388; x_wconf 74' lang='lat' dir='ltr'>p</span> <span class='ocrx_word' id='word_1_307' title='bbox 769 2353 814 2385; x_wconf 88' lang='lat'>30</span> <span class='ocrx_word' id='word_1_308' title='bbox 841 2351 948 2395; x_wconf 88' lang='lat' dir='ltr'>quid:</span> <span class='ocrx_word' id='word_1_309' title='bbox 977 2352 1072 2396; x_wconf 90' lang='lat' dir='ltr'>qui</span> <span class='ocrx_word' id='word_1_310' title='bbox 1063 2359 1112 2397; x_wconf 93' lang='lat' dir='ltr'>M</span> <span class='ocrx_word' id='word_1_311' title='bbox 1140 2353 1164 2388; x_wconf 85' lang='lat' dir='ltr'>d</span> <span class='ocrx_word' id='word_1_312' title='bbox 1190 2365 1291 2399; x_wconf 80' lang='lat' dir='ltr'>supr.</span> <span class='ocrx_word' id='word_1_313' title='bbox 1312 2367 1354 2388; x_wconf 87' lang='lat' dir='ltr'>m</span> <span class='ocrx_word' id='word_1_314' title='bbox 1451 2363 1538 2398; x_wconf 87' lang='lat' dir='ltr'>pro-</span> 
     </span>
     <span class='ocr_line' id='line_1_39' title="bbox 164 2394 782 2442; baseline 0.003 -12"><span class='ocrx_word' id='word_1_315' title='bbox 164 2394 278 2430; x_wconf 83' lang='lat' dir='ltr'>batur</span> <span class='ocrx_word' id='word_1_316' title='bbox 297 2401 347 2439; x_wconf 89' lang='lat' dir='ltr'>M,</span> <span class='ocrx_word' id='word_1_317' title='bbox 373 2394 432 2431; x_wconf 91' lang='lat' dir='ltr'>vel</span> <span class='ocrx_word' id='word_1_318' title='bbox 457 2395 595 2441; x_wconf 85' lang='lat' dir='ltr'>probat</span> <span class='ocrx_word' id='word_1_319' title='bbox 620 2408 719 2442; x_wconf 76' lang='lat' dir='ltr'>supr.</span> <span class='ocrx_word' id='word_1_320' title='bbox 741 2411 782 2431; x_wconf 88' lang='lat' dir='ltr'>m</span> 
     </span>
    </p>
   </div>
  </div>
 </body>
</html>
