<?xml version="1.0" encoding="UTF-8"?>
<!DOCTYPE html PUBLIC "-//W3C//DTD XHTML 1.0 Transitional//EN"
    "http://www.w3.org/TR/xhtml1/DTD/xhtml1-transitional.dtd">
<html xmlns="http://www.w3.org/1999/xhtml" xml:lang="en" lang="en">
 <head>
  <title>
</title>
<meta http-equiv="Content-Type" content="text/html;charset=utf-8" />
  <meta name='ocr-system' content='tesseract 3.04.00' />
  <meta name='ocr-capabilities' content='ocr_page ocr_carea ocr_par ocr_line ocrx_word'/>
</head>
<body>
  <div class='ocr_page' id='page_1' title='image "./quintilianiquaef00lehnuoft_0374.png"; bbox 0 0 1638 2560; ppageno 0'>
   <div class='ocr_carea' id='block_1_1' title="bbox 207 92 1183 144">
    <p class='ocr_par' dir='ltr' id='par_1_1' title="bbox 207 92 1183 144">
     <span class='ocr_line' id='line_1_1' title="bbox 207 92 1183 144; baseline -0.017 0"><span class='ocrx_word' id='word_1_1' title='bbox 207 101 294 144; x_wconf 84' lang='lat'>338</span> <span class='ocrx_word' id='word_1_2' title='bbox 602 95 804 132; x_wconf 82' lang='lat' dir='ltr'><strong>INFAMIS</strong></span> <span class='ocrx_word' id='word_1_3' title='bbox 830 94 883 130; x_wconf 89' lang='lat' dir='ltr'>IN</span> <span class='ocrx_word' id='word_1_4' title='bbox 910 92 1124 130; x_wconf 85' lang='lat' dir='ltr'><strong>MATREM</strong></span> <span class='ocrx_word' id='word_1_5' title='bbox 1148 92 1183 128; x_wconf 94' lang='lat' dir='ltr'>II</span> 
     </span>
    </p>
   </div>
   <div class='ocr_carea' id='block_1_2' title="bbox 208 209 1584 440">
    <p class='ocr_par' dir='ltr' id='par_1_2' title="bbox 208 209 1584 327">
     <span class='ocr_line' id='line_1_2' title="bbox 208 209 1584 258; baseline -0.006 -4"><span class='ocrx_word' id='word_1_6' title='bbox 208 215 398 254; x_wconf 82' lang='lat' dir='ltr'>adfectus.</span> <span class='ocrx_word' id='word_1_7' title='bbox 461 226 530 252; x_wconf 89' lang='lat' dir='ltr'>cur</span> <span class='ocrx_word' id='word_1_8' title='bbox 560 212 688 250; x_wconf 89' lang='lat' dir='ltr'>filium</span> <span class='ocrx_word' id='word_1_9' title='bbox 721 210 951 258; x_wconf 86' lang='lat' dir='ltr'>occiderim,</span> <span class='ocrx_word' id='word_1_10' title='bbox 981 209 1161 248; x_wconf 88' lang='lat' dir='ltr'>indicare</span> <span class='ocrx_word' id='word_1_11' title='bbox 1191 220 1273 247; x_wconf 89' lang='lat' dir='ltr'>non</span> <span class='ocrx_word' id='word_1_12' title='bbox 1303 219 1480 258; x_wconf 84' lang='lat' dir='ltr'>possum,</span> <span class='ocrx_word' id='word_1_13' title='bbox 1510 220 1584 248; x_wconf 87' lang='lat' dir='ltr'>nec</span> 
     </span>
     <span class='ocr_line' id='line_1_3' title="bbox 208 272 695 327; baseline -0.01 -12"><span class='ocrx_word' id='word_1_14' title='bbox 208 276 389 327; x_wconf 84' lang='lat' dir='ltr'>paenitet</span> <span class='ocrx_word' id='word_1_15' title='bbox 421 272 527 323; x_wconf 86' lang='lat' dir='ltr'>quod</span> <span class='ocrx_word' id='word_1_16' title='bbox 559 272 695 312; x_wconf 88' lang='lat' dir='ltr'>occidi.</span> 
     </span>
    </p>

    <p class='ocr_par' dir='ltr' id='par_1_3' title="bbox 208 329 1584 440">
     <span class='ocr_line' id='line_1_4' title="bbox 298 329 1584 382; baseline -0.004 -9"><span class='ocrx_word' id='word_1_17' title='bbox 298 335 442 373; x_wconf 82' lang='lat' dir='ltr'><strong>Infelix</strong></span> <span class='ocrx_word' id='word_1_18' title='bbox 480 334 678 382; x_wconf 88' lang='lat' dir='ltr'>senectus,</span> <span class='ocrx_word' id='word_1_19' title='bbox 721 332 868 370; x_wconf 86' lang='lat' dir='ltr'>misera</span> <span class='ocrx_word' id='word_1_20' title='bbox 904 329 1126 382; x_wconf 87' lang='lat' dir='ltr'>patientia,</span> <span class='ocrx_word' id='word_1_21' title='bbox 1166 329 1224 369; x_wconf 88' lang='lat' dir='ltr'>sic</span> <span class='ocrx_word' id='word_1_22' title='bbox 1263 341 1422 379; x_wconf 88' lang='lat' dir='ltr'>quoque</span> <span class='ocrx_word' id='word_1_23' title='bbox 1461 341 1584 379; x_wconf 82' lang='lat' dir='ltr'>quam</span> 
     </span>
     <span class='ocr_line' id='line_1_5' title="bbox 208 389 1584 440; baseline -0.004 -6"><span class='ocrx_word' id='word_1_24' title='bbox 208 396 339 434; x_wconf 91' lang='lat' dir='ltr'>multa</span> <span class='ocrx_word' id='word_1_25' title='bbox 380 393 547 433; x_wconf 88' lang='lat' dir='ltr'>dicenda</span> <span class='ocrx_word' id='word_1_26' title='bbox 585 393 695 432; x_wconf 88' lang='lat' dir='ltr'>sunt!</span> <span class='ocrx_word' id='word_1_27' title='bbox 757 393 907 430; x_wconf 85' lang='lat' dir='ltr'>fuimus</span> <span class='ocrx_word' id='word_1_28' title='bbox 953 390 1175 440; x_wconf 87' lang='lat' dir='ltr'>quondam,</span> <span class='ocrx_word' id='word_1_29' title='bbox 1217 389 1390 439; x_wconf 86' lang='lat' dir='ltr'>iudices,</span> <span class='ocrx_word' id='word_1_30' title='bbox 1433 389 1584 429; x_wconf 87' lang='lat' dir='ltr'>fuimus</span> 
     </span>
    </p>
   </div>
   <div class='ocr_carea' id='block_1_3' title="bbox 208 449 1619 504">
    <p class='ocr_par' dir='ltr' id='par_1_4' title="bbox 208 449 1619 504">
     <span class='ocr_line' id='line_1_6' title="bbox 208 449 1619 504; baseline -0.004 -10"><span class='ocrx_word' id='word_1_31' title='bbox 208 456 430 495; x_wconf 79' lang='lat' dir='ltr'>felicissimi</span> <span class='ocrx_word' id='word_1_32' title='bbox 466 455 671 504; x_wconf 83' lang='lat' dir='ltr'>parentes,</span> <span class='ocrx_word' id='word_1_33' title='bbox 710 466 800 492; x_wconf 86' lang='lat' dir='ltr'>eum</span> <span class='ocrx_word' id='word_1_34' title='bbox 832 452 961 490; x_wconf 90' lang='lat' dir='ltr'>adhuc</span> <span class='ocrx_word' id='word_1_35' title='bbox 992 450 1103 490; x_wconf 88' lang='lat' dir='ltr'>rudis</span> <span class='ocrx_word' id='word_1_36' title='bbox 1135 450 1245 490; x_wconf 89' lang='lat' dir='ltr'>unici</span> <span class='ocrx_word' id='word_1_37' title='bbox 1281 450 1396 490; x_wconf 89' lang='lat' dir='ltr'>nobis</span> <span class='ocrx_word' id='word_1_38' title='bbox 1425 449 1584 490; x_wconf 84' lang='lat' dir='ltr'>blandi·</span> <span class='ocrx_word' id='word_1_39' title='bbox 1615 471 1619 474; x_wconf 58' lang='lat'>&gt;</span> 
     </span>
    </p>
   </div>
   <div class='ocr_carea' id='block_1_4' title="bbox 163 510 1594 1894">
    <p class='ocr_par' dir='ltr' id='par_1_5' title="bbox 163 510 1594 1894">
     <span class='ocr_line' id='line_1_7' title="bbox 208 510 1586 564; baseline -0.004 -10"><span class='ocrx_word' id='word_1_40' title='bbox 208 518 320 555; x_wconf 88' lang='lat' dir='ltr'>retur</span> <span class='ocrx_word' id='word_1_41' title='bbox 344 515 530 564; x_wconf 84' lang='lat' dir='ltr'>infantia,</span> <span class='ocrx_word' id='word_1_42' title='bbox 557 514 796 563; x_wconf 87' lang='lat' dir='ltr'>duravitque</span> <span class='ocrx_word' id='word_1_43' title='bbox 823 513 963 551; x_wconf 87' lang='lat' dir='ltr'>domus</span> <span class='ocrx_word' id='word_1_44' title='bbox 989 514 1079 550; x_wconf 85' lang='lat' dir='ltr'>tota</span> <span class='ocrx_word' id='word_1_45' title='bbox 1103 511 1364 562; x_wconf 76' lang='lat' dir='ltr'>prosperitas,</span> <span class='ocrx_word' id='word_1_46' title='bbox 1391 510 1586 561; x_wconf 83' lang='lat' dir='ltr'>quamdiu</span> 
     </span>
     <span class='ocr_line' id='line_1_8' title="bbox 209 570 1585 627; baseline -0.004 -12"><span class='ocrx_word' id='word_1_47' title='bbox 209 576 361 627; x_wconf 84' lang='lat' dir='ltr'>pariter</span> <span class='ocrx_word' id='word_1_48' title='bbox 397 575 640 624; x_wconf 81' lang='lat' dir='ltr'>fruebamur,</span> <span class='ocrx_word' id='word_1_49' title='bbox 677 575 830 625; x_wconf 89' lang='lat' dir='ltr'>pariter</span> <span class='ocrx_word' id='word_1_50' title='bbox 862 572 1091 621; x_wconf 85' lang='lat' dir='ltr'>dileximus,</span> <span class='ocrx_word' id='word_1_51' title='bbox 1130 571 1325 623; x_wconf 80' lang='lat' dir='ltr'>quamdiu</span> <span class='ocrx_word' id='word_1_52' title='bbox 1360 570 1503 611; x_wconf 79' lang='lat' dir='ltr'>civitas&#39;</span> <span class='ocrx_word' id='word_1_53' title='bbox 1536 570 1585 610; x_wconf 83' lang='lat' dir='ltr'>de</span> 
     </span>
     <span class='ocr_line' id='line_1_9' title="bbox 210 631 1586 685; baseline -0.004 -9"><span class='ocrx_word' id='word_1_54' title='bbox 210 637 324 676; x_wconf 89' lang='lat' dir='ltr'>nobis</span> <span class='ocrx_word' id='word_1_55' title='bbox 355 636 430 675; x_wconf 88' lang='lat' dir='ltr'>hoc</span> <span class='ocrx_word' id='word_1_56' title='bbox 462 636 591 675; x_wconf 88' lang='lat' dir='ltr'>solum</span> <span class='ocrx_word' id='word_1_57' title='bbox 621 636 782 685; x_wconf 86' lang='lat' dir='ltr'>poterat</span> <span class='ocrx_word' id='word_1_58' title='bbox 812 634 942 683; x_wconf 89' lang='lat' dir='ltr'>loqui,</span> <span class='ocrx_word' id='word_1_59' title='bbox 980 632 1109 671; x_wconf 86' lang='lat' dir='ltr'>filium</span> <span class='ocrx_word' id='word_1_60' title='bbox 1146 645 1219 672; x_wconf 89' lang='lat' dir='ltr'>nos</span> <span class='ocrx_word' id='word_1_61' title='bbox 1253 631 1401 671; x_wconf 85' lang='lat' dir='ltr'>habere</span> <span class='ocrx_word' id='word_1_62' title='bbox 1438 631 1586 671; x_wconf 87' lang='lat' dir='ltr'>formo-</span> 
     </span>
     <span class='ocr_line' id='line_1_10' title="bbox 211 693 1587 743; baseline -0.003 -8"><span class='ocrx_word' id='word_1_63' title='bbox 211 709 309 736; x_wconf 90' lang='lat' dir='ltr'>sum.</span> <span class='ocrx_word' id='word_1_64' title='bbox 372 698 418 734; x_wconf 89' lang='lat' dir='ltr'>ut</span> <span class='ocrx_word' id='word_1_65' title='bbox 448 709 542 735; x_wconf 84' lang='lat' dir='ltr'>vero</span> <span class='ocrx_word' id='word_1_66' title='bbox 574 696 617 733; x_wconf 89' lang='lat' dir='ltr'>in</span> <span class='ocrx_word' id='word_1_67' title='bbox 649 709 737 734; x_wconf 90' lang='lat' dir='ltr'>eam</span> <span class='ocrx_word' id='word_1_68' title='bbox 769 694 948 733; x_wconf 85' lang='lat' dir='ltr'>adolevit</span> <span class='ocrx_word' id='word_1_69' title='bbox 980 694 1172 743; x_wconf 89' lang='lat' dir='ltr'>aetatem,</span> <span class='ocrx_word' id='word_1_70' title='bbox 1210 693 1253 731; x_wconf 87' lang='lat' dir='ltr'>in</span> <span class='ocrx_word' id='word_1_71' title='bbox 1285 705 1366 743; x_wconf 90' lang='lat' dir='ltr'>qua</span> <span class='ocrx_word' id='word_1_72' title='bbox 1401 704 1587 743; x_wconf 84' lang='lat' dir='ltr'>corpora-</span> 
     </span>
     <span class='ocr_line' id='line_1_11' title="bbox 211 752 1587 804; baseline -0.004 -8"><span class='ocrx_word' id='word_1_73' title='bbox 211 758 316 796; x_wconf 88' lang='lat' dir='ltr'>libus</span> <span class='ocrx_word' id='word_1_74' title='bbox 341 757 456 795; x_wconf 88' lang='lat' dir='ltr'>bonis</span> <span class='ocrx_word' id='word_1_75' title='bbox 481 758 667 795; x_wconf 85' lang='lat' dir='ltr'>iuventus</span> <span class='ocrx_word' id='word_1_76' title='bbox 693 756 911 795; x_wconf 74' lang='lat' dir='ltr'>insolenter</span> <span class='ocrx_word' id='word_1_77' title='bbox 937 755 1104 803; x_wconf 89' lang='lat' dir='ltr'>exultat,</span> <span class='ocrx_word' id='word_1_78' title='bbox 1136 753 1330 804; x_wconf 83' lang='lat' dir='ltr'>superbus</span> <span class='ocrx_word' id='word_1_79' title='bbox 1363 754 1486 803; x_wconf 88' lang='lat' dir='ltr'>atque</span> <span class='ocrx_word' id='word_1_80' title='bbox 1518 752 1587 792; x_wconf 86' lang='lat' dir='ltr'>ad-</span> 
     </span>
     <span class='ocr_line' id='line_1_12' title="bbox 210 812 1588 869; baseline -0.004 -13"><span class='ocrx_word' id='word_1_81' title='bbox 210 830 357 869; x_wconf 84' lang='lat' dir='ltr'>rogans</span> <span class='ocrx_word' id='word_1_82' title='bbox 396 819 439 855; x_wconf 88' lang='lat' dir='ltr'>&#39;m</span> <span class='ocrx_word' id='word_1_83' title='bbox 477 817 633 855; x_wconf 90' lang='lat' dir='ltr'>nullum</span> <span class='ocrx_word' id='word_1_84' title='bbox 663 817 772 855; x_wconf 88' lang='lat' dir='ltr'>vitae</span> <span class='ocrx_word' id='word_1_85' title='bbox 811 827 953 867; x_wconf 85' lang='lat' dir='ltr'>genus,</span> <span class='ocrx_word' id='word_1_86' title='bbox 991 827 1072 854; x_wconf 88' lang='lat' dir='ltr'>non</span> <span class='ocrx_word' id='word_1_87' title='bbox 1112 815 1156 852; x_wconf 90' lang='lat' dir='ltr'>in</span> <span class='ocrx_word' id='word_1_88' title='bbox 1194 815 1395 865; x_wconf 83' lang='lat' dir='ltr'>privatos,</span> <span class='ocrx_word' id='word_1_89' title='bbox 1432 826 1515 853; x_wconf 87' lang='lat' dir='ltr'>non</span> <span class='ocrx_word' id='word_1_90' title='bbox 1545 812 1588 852; x_wconf 90' lang='lat' dir='ltr'>in</span> 
     </span>
     <span class='ocr_line' id='line_1_13' title="bbox 163 874 1588 929; baseline -0.004 -12"><span class='ocrx_word' id='word_1_91' title='bbox 163 877 187 913; x_wconf 82' lang='lat'><strong>3</strong></span> <span class='ocrx_word' id='word_1_92' title='bbox 213 878 394 929; x_wconf 88' lang='lat' dir='ltr'>publicos</span> <span class='ocrx_word' id='word_1_93' title='bbox 433 879 545 916; x_wconf 90' lang='lat' dir='ltr'>actus</span> <span class='ocrx_word' id='word_1_94' title='bbox 588 877 796 916; x_wconf 88' lang='lat' dir='ltr'>florentem</span> <span class='ocrx_word' id='word_1_95' title='bbox 836 876 951 914; x_wconf 90' lang='lat' dir='ltr'>duxit</span> <span class='ocrx_word' id='word_1_96' title='bbox 990 876 1175 915; x_wconf 89' lang='lat' dir='ltr'>aetatem.</span> <span class='ocrx_word' id='word_1_97' title='bbox 1238 874 1297 913; x_wconf 87' lang='lat' dir='ltr'>dii</span> <span class='ocrx_word' id='word_1_98' title='bbox 1338 874 1588 923; x_wconf 85' lang='lat' dir='ltr'>inmortales,</span> 
     </span>
     <span class='ocr_line' id='line_1_14' title="bbox 213 935 1590 989; baseline -0.002 -12"><span class='ocrx_word' id='word_1_99' title='bbox 213 940 387 989; x_wconf 86' lang='lat' dir='ltr'>quantus</span> <span class='ocrx_word' id='word_1_100' title='bbox 415 938 625 988; x_wconf 88' lang='lat' dir='ltr'>qualisque</span> <span class='ocrx_word' id='word_1_101' title='bbox 652 938 757 976; x_wconf 86' lang='lat' dir='ltr'>circa</span> <span class='ocrx_word' id='word_1_102' title='bbox 781 938 967 975; x_wconf 82' lang='lat' dir='ltr'>iuvenem</span> <span class='ocrx_word' id='word_1_103' title='bbox 991 949 1129 975; x_wconf 85' lang='lat' dir='ltr'>rumor</span> <span class='ocrx_word' id='word_1_104' title='bbox 1159 935 1376 987; x_wconf 81' lang='lat' dir='ltr'>ingemuit!</span> <span class='ocrx_word' id='word_1_105' title='bbox 1407 935 1590 974; x_wconf 72' lang='lat' dir='ltr'>omnium</span> 
     </span>
     <span class='ocr_line' id='line_1_15' title="bbox 210 996 1589 1047; baseline -0.002 -10"><span class='ocrx_word' id='word_1_106' title='bbox 210 999 435 1038; x_wconf 88' lang='lat' dir='ltr'>maledictis</span> <span class='ocrx_word' id='word_1_107' title='bbox 462 999 743 1047; x_wconf 87' lang='lat' dir='ltr'>succlamatus,</span> <span class='ocrx_word' id='word_1_108' title='bbox 776 998 956 1036; x_wconf 85' lang='lat' dir='ltr'>omnium</span> <span class='ocrx_word' id='word_1_109' title='bbox 982 997 1242 1036; x_wconf 85' lang='lat' dir='ltr'>denotatione</span> <span class='ocrx_word' id='word_1_110' title='bbox 1268 996 1484 1035; x_wconf 86' lang='lat' dir='ltr'>damnatus</span> <span class='ocrx_word' id='word_1_111' title='bbox 1516 996 1589 1045; x_wconf 85' lang='lat' dir='ltr'>est,</span> 
     </span>
     <span class='ocr_line' id='line_1_16' title="bbox 213 1056 1587 1109; baseline -0.003 -11"><span class='ocrx_word' id='word_1_112' title='bbox 213 1059 337 1098; x_wconf 89' lang='lat' dir='ltr'>donec</span> <span class='ocrx_word' id='word_1_113' title='bbox 363 1061 403 1097; x_wconf 91' lang='lat' dir='ltr'>et</span> <span class='ocrx_word' id='word_1_114' title='bbox 428 1059 513 1109; x_wconf 87' lang='lat' dir='ltr'>ipse</span> <span class='ocrx_word' id='word_1_115' title='bbox 540 1071 774 1098; x_wconf 88' lang='lat' dir='ltr'>consensum</span> <span class='ocrx_word' id='word_1_116' title='bbox 800 1059 905 1097; x_wconf 86' lang='lat' dir='ltr'>circa</span> <span class='ocrx_word' id='word_1_117' title='bbox 926 1070 966 1097; x_wconf 90' lang='lat' dir='ltr'>se</span> <span class='ocrx_word' id='word_1_118' title='bbox 992 1057 1146 1107; x_wconf 79' lang='lat' dir='ltr'>publici</span> <span class='ocrx_word' id='word_1_119' title='bbox 1166 1057 1316 1095; x_wconf 88' lang='lat' dir='ltr'>doloris</span> <span class='ocrx_word' id='word_1_120' title='bbox 1342 1056 1587 1107; x_wconf 84' lang='lat' dir='ltr'>agnosceret.</span> 
     </span>
     <span class='ocr_line' id='line_1_17' title="bbox 212 1117 1590 1169; baseline -0.001 -12"><span class='ocrx_word' id='word_1_121' title='bbox 212 1120 304 1158; x_wconf 89' lang='lat' dir='ltr'>inde</span> <span class='ocrx_word' id='word_1_122' title='bbox 335 1132 449 1158; x_wconf 88' lang='lat' dir='ltr'>rarus</span> <span class='ocrx_word' id='word_1_123' title='bbox 481 1120 523 1157; x_wconf 89' lang='lat' dir='ltr'>in</span> <span class='ocrx_word' id='word_1_124' title='bbox 555 1119 733 1169; x_wconf 88' lang='lat' dir='ltr'>publico,</span> <span class='ocrx_word' id='word_1_125' title='bbox 767 1120 807 1158; x_wconf 91' lang='lat' dir='ltr'>et</span> <span class='ocrx_word' id='word_1_126' title='bbox 837 1120 1049 1168; x_wconf 82' lang='lat' dir='ltr'>tamquam</span> <span class='ocrx_word' id='word_1_127' title='bbox 1079 1118 1210 1168; x_wconf 82' lang='lat' dir='ltr'>patris</span> <span class='ocrx_word' id='word_1_128' title='bbox 1243 1129 1449 1166; x_wconf 85' lang='lat' dir='ltr'>occursus,</span> <span class='ocrx_word' id='word_1_129' title='bbox 1483 1117 1590 1156; x_wconf 77' lang='lat' dir='ltr'>tam-</span> 
     </span>
     <span class='ocr_line' id='line_1_18' title="bbox 215 1176 1590 1230; baseline -0.002 -12"><span class='ocrx_word' id='word_1_130' title='bbox 215 1193 336 1230; x_wconf 85' lang='lat' dir='ltr'>quam</span> <span class='ocrx_word' id='word_1_131' title='bbox 368 1180 544 1218; x_wconf 86' lang='lat' dir='ltr'>civitatis</span> <span class='ocrx_word' id='word_1_132' title='bbox 577 1193 647 1218; x_wconf 86' lang='lat' dir='ltr'>ora</span> <span class='ocrx_word' id='word_1_133' title='bbox 678 1181 836 1218; x_wconf 86' lang='lat' dir='ltr'>vitaret.</span> <span class='ocrx_word' id='word_1_134' title='bbox 888 1192 968 1218; x_wconf 89' lang='lat' dir='ltr'>non</span> <span class='ocrx_word' id='word_1_135' title='bbox 999 1180 1059 1217; x_wconf 87' lang='lat' dir='ltr'>est</span> <span class='ocrx_word' id='word_1_136' title='bbox 1090 1179 1178 1217; x_wconf 87' lang='lat' dir='ltr'>leve</span> <span class='ocrx_word' id='word_1_137' title='bbox 1211 1178 1418 1228; x_wconf 81' lang='lat' dir='ltr'>concipere</span> <span class='ocrx_word' id='word_1_138' title='bbox 1443 1176 1590 1226; x_wconf 82' lang='lat' dir='ltr'>verbis,</span> 
     </span>
     <span class='ocr_line' id='line_1_19' title="bbox 213 1238 1591 1290; baseline 0.001 -12"><span class='ocrx_word' id='word_1_139' title='bbox 213 1242 255 1279; x_wconf 88' lang='lat' dir='ltr'>in</span> <span class='ocrx_word' id='word_1_140' title='bbox 294 1242 488 1290; x_wconf 89' lang='lat' dir='ltr'>quantam</span> <span class='ocrx_word' id='word_1_141' title='bbox 533 1240 709 1279; x_wconf 85' lang='lat' dir='ltr'>civitatis</span> <span class='ocrx_word' id='word_1_142' title='bbox 754 1241 1063 1288; x_wconf 80' lang='lat' dir='ltr'>execrationem,</span> <span class='ocrx_word' id='word_1_143' title='bbox 1107 1240 1151 1278; x_wconf 90' lang='lat' dir='ltr'>in</span> <span class='ocrx_word' id='word_1_144' title='bbox 1191 1239 1387 1289; x_wconf 87' lang='lat' dir='ltr'>quantam</span> <span class='ocrx_word' id='word_1_145' title='bbox 1429 1238 1591 1288; x_wconf 79' lang='lat' dir='ltr'>culpam</span> 
     </span>
     <span class='ocr_line' id='line_1_20' title="bbox 214 1298 1590 1350; baseline -0.001 -12"><span class='ocrx_word' id='word_1_146' title='bbox 214 1300 369 1340; x_wconf 86' lang='lat' dir='ltr'>iuvenis</span> <span class='ocrx_word' id='word_1_147' title='bbox 400 1300 597 1340; x_wconf 89' lang='lat' dir='ltr'>inciderit.</span> <span class='ocrx_word' id='word_1_148' title='bbox 649 1300 781 1339; x_wconf 87' lang='lat' dir='ltr'>dictus</span> <span class='ocrx_word' id='word_1_149' title='bbox 815 1304 875 1339; x_wconf 91' lang='lat' dir='ltr'>est</span> <span class='ocrx_word' id='word_1_150' title='bbox 901 1299 1078 1339; x_wconf 84' lang='lat' dir='ltr'>occidere</span> <span class='ocrx_word' id='word_1_151' title='bbox 1109 1311 1227 1350; x_wconf 91' lang='lat' dir='ltr'>posse</span> <span class='ocrx_word' id='word_1_152' title='bbox 1257 1300 1427 1349; x_wconf 89' lang='lat' dir='ltr'>patrem,</span> <span class='ocrx_word' id='word_1_153' title='bbox 1460 1298 1590 1337; x_wconf 84' lang='lat' dir='ltr'>dictus</span> 
     </span>
     <span class='ocr_line' id='line_1_21' title="bbox 216 1358 1588 1412; baseline -0.002 -12"><span class='ocrx_word' id='word_1_154' title='bbox 216 1363 275 1400; x_wconf 87' lang='lat' dir='ltr'>est</span> <span class='ocrx_word' id='word_1_155' title='bbox 307 1361 451 1412; x_wconf 87' lang='lat' dir='ltr'>dignus</span> <span class='ocrx_word' id='word_1_156' title='bbox 484 1374 602 1410; x_wconf 90' lang='lat' dir='ltr'>quem</span> <span class='ocrx_word' id='word_1_157' title='bbox 633 1362 769 1410; x_wconf 89' lang='lat' dir='ltr'>posset</span> <span class='ocrx_word' id='word_1_158' title='bbox 801 1362 924 1399; x_wconf 86' lang='lat' dir='ltr'>etiam</span> <span class='ocrx_word' id='word_1_159' title='bbox 954 1362 1071 1410; x_wconf 90' lang='lat' dir='ltr'>pater</span> <span class='ocrx_word' id='word_1_160' title='bbox 1104 1360 1294 1399; x_wconf 86' lang='lat' dir='ltr'>occidere.</span> <span class='ocrx_word' id='word_1_161' title='bbox 1357 1358 1456 1409; x_wconf 89' lang='lat' dir='ltr'>quid</span> <span class='ocrx_word' id='word_1_162' title='bbox 1485 1359 1588 1398; x_wconf 88' lang='lat' dir='ltr'>face-</span> 
     </span>
     <span class='ocr_line' id='line_1_22' title="bbox 214 1415 1593 1471; baseline -0.001 -11"><span class='ocrx_word' id='word_1_163' title='bbox 214 1435 316 1471; x_wconf 86' lang='lat' dir='ltr'>rem,</span> <span class='ocrx_word' id='word_1_164' title='bbox 348 1421 517 1470; x_wconf 85' lang='lat' dir='ltr'>iudices,</span> <span class='ocrx_word' id='word_1_165' title='bbox 554 1421 854 1460; x_wconf 87' lang='lat' dir='ltr'>infelicissimus</span> <span class='ocrx_word' id='word_1_166' title='bbox 887 1419 1032 1460; x_wconf 79' lang='lat' dir='ltr'>senex?</span> <span class='ocrx_word' id='word_1_167' title='bbox 1070 1421 1154 1460; x_wconf 90' lang='lat' dir='ltr'>iam</span> <span class='ocrx_word' id='word_1_168' title='bbox 1185 1421 1268 1459; x_wconf 89' lang='lat' dir='ltr'>iam</span> <span class='ocrx_word' id='word_1_169' title='bbox 1298 1433 1380 1459; x_wconf 87' lang='lat' dir='ltr'>non</span> <span class='ocrx_word' id='word_1_170' title='bbox 1411 1415 1593 1459; x_wconf 85' lang='lat' dir='ltr'>evitabat</span> 
     </span>
     <span class='ocr_line' id='line_1_23' title="bbox 216 1479 1591 1532; baseline -0.001 -13"><span class='ocrx_word' id='word_1_171' title='bbox 216 1482 325 1520; x_wconf 83' lang='lat' dir='ltr'>fama</span> <span class='ocrx_word' id='word_1_172' title='bbox 349 1494 422 1521; x_wconf 89' lang='lat' dir='ltr'>nec</span> <span class='ocrx_word' id='word_1_173' title='bbox 453 1483 622 1532; x_wconf 87' lang='lat' dir='ltr'>patrem,</span> <span class='ocrx_word' id='word_1_174' title='bbox 654 1483 737 1520; x_wconf 86' lang='lat' dir='ltr'>iam</span> <span class='ocrx_word' id='word_1_175' title='bbox 762 1483 861 1520; x_wconf 84' lang='lat' dir='ltr'>meis</span> <span class='ocrx_word' id='word_1_176' title='bbox 889 1481 1052 1520; x_wconf 88' lang='lat' dir='ltr'>auribus</span> <span class='ocrx_word' id='word_1_177' title='bbox 1077 1494 1194 1521; x_wconf 91' lang='lat' dir='ltr'>nemo</span> <span class='ocrx_word' id='word_1_178' title='bbox 1220 1479 1423 1531; x_wconf 87' lang='lat' dir='ltr'>parcebat.</span> <span class='ocrx_word' id='word_1_179' title='bbox 1467 1480 1591 1519; x_wconf 86' lang='lat' dir='ltr'>inter-</span> 
     </span>
     <span class='ocr_line' id='line_1_24' title="bbox 216 1540 1594 1592; baseline -0.001 -13"><span class='ocrx_word' id='word_1_180' title='bbox 216 1554 359 1592; x_wconf 88' lang='lat' dir='ltr'>rogare</span> <span class='ocrx_word' id='word_1_181' title='bbox 396 1555 476 1580; x_wconf 90' lang='lat' dir='ltr'>non</span> <span class='ocrx_word' id='word_1_182' title='bbox 516 1543 730 1592; x_wconf 81' lang='lat' dir='ltr'>audebam,</span> <span class='ocrx_word' id='word_1_183' title='bbox 769 1541 1023 1581; x_wconf 85' lang='lat' dir='ltr'>dissimulare</span> <span class='ocrx_word' id='word_1_184' title='bbox 1060 1555 1142 1581; x_wconf 89' lang='lat' dir='ltr'>non</span> <span class='ocrx_word' id='word_1_185' title='bbox 1177 1542 1372 1592; x_wconf 89' lang='lat' dir='ltr'>poteram.</span> <span class='ocrx_word' id='word_1_186' title='bbox 1435 1540 1594 1579; x_wconf 84' lang='lat' dir='ltr'>fallitur</span> 
     </span>
     <span class='ocr_line' id='line_1_25' title="bbox 219 1601 1594 1653; baseline 0.001 -13"><span class='ocrx_word' id='word_1_187' title='bbox 219 1602 400 1651; x_wconf 83' lang='lat' dir='ltr'>quisquis</span> <span class='ocrx_word' id='word_1_188' title='bbox 439 1616 501 1641; x_wconf 86' lang='lat' dir='ltr'>me</span> <span class='ocrx_word' id='word_1_189' title='bbox 538 1604 658 1652; x_wconf 89' lang='lat' dir='ltr'>putat</span> <span class='ocrx_word' id='word_1_190' title='bbox 691 1603 906 1653; x_wconf 87' lang='lat' dir='ltr'>quicquam</span> <span class='ocrx_word' id='word_1_191' title='bbox 944 1603 1084 1642; x_wconf 81' lang='lat' dir='ltr'>fecisse</span> <span class='ocrx_word' id='word_1_192' title='bbox 1117 1602 1302 1641; x_wconf 88' lang='lat' dir='ltr'>consilio:</span> <span class='ocrx_word' id='word_1_193' title='bbox 1339 1601 1514 1651; x_wconf 90' lang='lat' dir='ltr'>impetus</span> <span class='ocrx_word' id='word_1_194' title='bbox 1547 1612 1594 1642; x_wconf 80' lang='lat' dir='ltr'>ao</span> 
     </span>
     <span class='ocr_line' id='line_1_26' title="bbox 218 1661 1594 1713; baseline 0.001 -13"><span class='ocrx_word' id='word_1_195' title='bbox 218 1662 409 1712; x_wconf 88' lang='lat' dir='ltr'>temporis</span> <span class='ocrx_word' id='word_1_196' title='bbox 453 1663 580 1712; x_wconf 87' lang='lat' dir='ltr'>ipsius</span> <span class='ocrx_word' id='word_1_197' title='bbox 624 1664 755 1702; x_wconf 87' lang='lat' dir='ltr'>nescio</span> <span class='ocrx_word' id='word_1_198' title='bbox 795 1664 885 1712; x_wconf 82' lang='lat' dir='ltr'>quis</span> <span class='ocrx_word' id='word_1_199' title='bbox 930 1663 1048 1702; x_wconf 87' lang='lat' dir='ltr'>ardor</span> <span class='ocrx_word' id='word_1_200' title='bbox 1092 1662 1294 1713; x_wconf 84' lang='lat' dir='ltr'>explicuit.</span> <span class='ocrx_word' id='word_1_201' title='bbox 1356 1661 1594 1712; x_wconf 83' lang='lat' dir='ltr'>praeparari</span> 
     </span>
     <span class='ocr_line' id='line_1_27' title="bbox 218 1721 1593 1773; baseline 0 -13"><span class='ocrx_word' id='word_1_202' title='bbox 218 1721 302 1760; x_wconf 92' lang='lat' dir='ltr'>filio</span> <span class='ocrx_word' id='word_1_203' title='bbox 333 1724 533 1762; x_wconf 85' lang='lat' dir='ltr'>tormenta</span> <span class='ocrx_word' id='word_1_204' title='bbox 564 1736 643 1762; x_wconf 92' lang='lat' dir='ltr'>non</span> <span class='ocrx_word' id='word_1_205' title='bbox 675 1725 853 1773; x_wconf 88' lang='lat' dir='ltr'>possunt.</span> <span class='ocrx_word' id='word_1_206' title='bbox 906 1725 966 1762; x_wconf 89' lang='lat' dir='ltr'>est</span> <span class='ocrx_word' id='word_1_207' title='bbox 996 1724 1039 1761; x_wconf 88' lang='lat' dir='ltr'>in</span> <span class='ocrx_word' id='word_1_208' title='bbox 1070 1724 1227 1763; x_wconf 83' lang='lat' dir='ltr'>miseris</span> <span class='ocrx_word' id='word_1_209' title='bbox 1258 1722 1473 1772; x_wconf 86' lang='lat' dir='ltr'>penatibus</span> <span class='ocrx_word' id='word_1_210' title='bbox 1498 1733 1593 1772; x_wconf 87' lang='lat' dir='ltr'>pars</span> 
     </span>
     <span class='ocr_line' id='line_1_28' title="bbox 218 1781 1593 1833; baseline -0.001 -12"><span class='ocrx_word' id='word_1_211' title='bbox 218 1784 385 1831; x_wconf 88' lang='lat' dir='ltr'>remota,</span> <span class='ocrx_word' id='word_1_212' title='bbox 412 1784 597 1832; x_wconf 87' lang='lat' dir='ltr'>seposita,</span> <span class='ocrx_word' id='word_1_213' title='bbox 622 1784 823 1833; x_wconf 86' lang='lat' dir='ltr'>profunda</span> <span class='ocrx_word' id='word_1_214' title='bbox 849 1784 1035 1833; x_wconf 86' lang='lat' dir='ltr'>tenebris,</span> <span class='ocrx_word' id='word_1_215' title='bbox 1061 1783 1190 1823; x_wconf 88' lang='lat' dir='ltr'>tristis</span> <span class='ocrx_word' id='word_1_216' title='bbox 1211 1795 1382 1832; x_wconf 85' lang='lat' dir='ltr'>accessu,</span> <span class='ocrx_word' id='word_1_217' title='bbox 1409 1781 1593 1822; x_wconf 90' lang='lat' dir='ltr'>omnibus</span> 
     </span>
     <span class='ocr_line' id='line_1_29' title="bbox 220 1843 1593 1894; baseline 0 -14"><span class='ocrx_word' id='word_1_218' title='bbox 220 1844 318 1893; x_wconf 85' lang='lat' dir='ltr'>apta</span> <span class='ocrx_word' id='word_1_219' title='bbox 354 1843 537 1894; x_wconf 85' lang='lat' dir='ltr'>flagitiis,</span> <span class='ocrx_word' id='word_1_220' title='bbox 577 1845 616 1882; x_wconf 84' lang='lat' dir='ltr'>et</span> <span class='ocrx_word' id='word_1_221' title='bbox 653 1845 695 1881; x_wconf 90' lang='lat' dir='ltr'>in</span> <span class='ocrx_word' id='word_1_222' title='bbox 727 1857 806 1894; x_wconf 88' lang='lat' dir='ltr'>qua</span> <span class='ocrx_word' id='word_1_223' title='bbox 846 1844 992 1883; x_wconf 85' lang='lat' dir='ltr'>audeat</span> <span class='ocrx_word' id='word_1_224' title='bbox 1030 1845 1162 1883; x_wconf 88' lang='lat' dir='ltr'>facere</span> <span class='ocrx_word' id='word_1_225' title='bbox 1199 1844 1356 1882; x_wconf 86' lang='lat' dir='ltr'>facinus</span> <span class='ocrx_word' id='word_1_226' title='bbox 1388 1844 1429 1882; x_wconf 88' lang='lat' dir='ltr'>et</span> <span class='ocrx_word' id='word_1_227' title='bbox 1465 1844 1593 1893; x_wconf 87' lang='lat' dir='ltr'>pater.</span> 
     </span>
    </p>
   </div>
   <div class='ocr_carea' id='block_1_5' title="bbox 316 1995 1597 2063">
    <p class='ocr_par' dir='ltr' id='par_1_6' title="bbox 316 1995 1597 2063">
     <span class='ocr_line' id='line_1_30' title="bbox 316 1995 1597 2063; baseline 0 -11"><span class='ocrx_word' id='word_1_228' title='bbox 316 2021 339 2052; x_wconf 82' lang='lat'>4</span> <span class='ocrx_word' id='word_1_229' title='bbox 364 2018 525 2053; x_wconf 88' lang='lat' dir='ltr'>condam</span> <span class='ocrx_word' id='word_1_230' title='bbox 550 2024 619 2052; x_wconf 83' lang='lat' dir='ltr'>BV</span> <span class='ocrx_word' id='word_1_231' title='bbox 706 2023 726 2054; x_wconf 87' lang='grc'><strong>6</strong></span> <span class='ocrx_word' id='word_1_232' title='bbox 753 2019 924 2063; x_wconf 87' lang='lat' dir='ltr'>quandiu</span> <span class='ocrx_word' id='word_1_233' title='bbox 948 2025 986 2054; x_wconf 99' lang='grc' dir='ltr'><em>Β</em></span> <span class='ocrx_word' id='word_1_234' title='bbox 1072 2023 1091 2054; x_wconf 85' lang='lat'><strong>7</strong></span> <span class='ocrx_word' id='word_1_235' title='bbox 1117 1995 1316 2055; x_wconf 57' lang='lat' dir='ltr'>fruebffm</span> <span class='ocrx_word' id='word_1_236' title='bbox 1339 2025 1377 2054; x_wconf 83' lang='lat' dir='ltr'><em>B</em></span> <span class='ocrx_word' id='word_1_237' title='bbox 1462 2021 1507 2053; x_wconf 93' lang='lat'>10</span> <span class='ocrx_word' id='word_1_238' title='bbox 1534 2027 1597 2053; x_wconf 83' lang='lat' dir='ltr'>ex·</span> 
     </span>
    </p>
   </div>
   <div class='ocr_carea' id='block_1_6' title="bbox 219 2069 1598 2234">
    <p class='ocr_par' dir='ltr' id='par_1_7' title="bbox 219 2069 1598 2234">
     <span class='ocr_line' id='line_1_31' title="bbox 219 2069 1596 2137; baseline 0.001 -13"><span class='ocrx_word' id='word_1_239' title='bbox 219 2089 381 2125; x_wconf 84' lang='lat' dir='ltr'>insultat</span> <span class='ocrx_word' id='word_1_240' title='bbox 400 2091 627 2136; x_wconf 81' lang='lat' dir='ltr'>superatque</span> <span class='ocrx_word' id='word_1_241' title='bbox 652 2097 681 2125; x_wconf 99' lang='lat' dir='ltr'><em>V</em></span> <span class='ocrx_word' id='word_1_242' title='bbox 749 2069 847 2135; x_wconf 60' lang='lat' dir='ltr'>{ique</span> <span class='ocrx_word' id='word_1_243' title='bbox 872 2097 909 2126; x_wconf 82' lang='lat' dir='ltr'><em>B</em></span> <span class='ocrx_word' id='word_1_244' title='bbox 1006 2095 1048 2127; x_wconf 88' lang='lat'>11</span> <span class='ocrx_word' id='word_1_245' title='bbox 1076 2092 1117 2127; x_wconf 88' lang='lat' dir='ltr'>in</span> <span class='ocrx_word' id='word_1_246' title='bbox 1143 2095 1229 2128; x_wconf 77' lang='lat' dir='ltr'>ante</span> <span class='ocrx_word' id='word_1_247' title='bbox 1253 2090 1428 2137; x_wconf 84' lang='lat' dir='ltr'>publicos</span> <span class='ocrx_word' id='word_1_248' title='bbox 1454 2101 1522 2126; x_wconf 86' lang='lat' dir='ltr'>om.</span> <span class='ocrx_word' id='word_1_249' title='bbox 1542 2095 1596 2134; x_wconf 71' lang='grc' dir='ltr'>Βς</span> 
     </span>
     <span class='ocr_line' id='line_1_32' title="bbox 221 2137 1596 2184; baseline -0.001 -11"><span class='ocrx_word' id='word_1_250' title='bbox 221 2137 433 2184; x_wconf 86' lang='lat' dir='ltr'>impudicos</span> <span class='ocrx_word' id='word_1_251' title='bbox 460 2144 510 2182; x_wconf 84' lang='lat' dir='ltr'>M,</span> <span class='ocrx_word' id='word_1_252' title='bbox 539 2150 630 2175; x_wconf 76' lang='lat' dir='ltr'>corr.</span> <span class='ocrx_word' id='word_1_253' title='bbox 651 2153 693 2173; x_wconf 89' lang='lat' dir='ltr'>m</span> <span class='ocrx_word' id='word_1_254' title='bbox 793 2143 836 2174; x_wconf 87' lang='lat'>13</span> <span class='ocrx_word' id='word_1_255' title='bbox 869 2139 1059 2175; x_wconf 83' lang='lat' dir='ltr'>increbuit</span> <span class='ocrx_word' id='word_1_256' title='bbox 1083 2140 1275 2176; x_wconf 72' lang='lat' dir='ltr'>Francius</span> <span class='ocrx_word' id='word_1_257' title='bbox 1373 2142 1418 2174; x_wconf 87' lang='lat'>14</span> <span class='ocrx_word' id='word_1_258' title='bbox 1451 2137 1596 2174; x_wconf 83' lang='lat' dir='ltr'>succla-</span> 
     </span>
     <span class='ocr_line' id='line_1_33' title="bbox 219 2185 1598 2234; baseline -0.001 -12"><span class='ocrx_word' id='word_1_259' title='bbox 219 2188 347 2222; x_wconf 77' lang='lat' dir='ltr'>matus</span> <span class='ocrx_word' id='word_1_260' title='bbox 379 2198 423 2222; x_wconf 74' lang='lat' dir='ltr'>eoe</span> <span class='ocrx_word' id='word_1_261' title='bbox 448 2197 572 2222; x_wconf 85' lang='lat' dir='ltr'>-amus</span> <span class='ocrx_word' id='word_1_262' title='bbox 599 2193 642 2222; x_wconf 82' lang='lat' dir='ltr'><em>M</em></span> <span class='ocrx_word' id='word_1_263' title='bbox 768 2191 812 2222; x_wconf 78' lang='lat'>15</span> <span class='ocrx_word' id='word_1_264' title='bbox 845 2188 965 2223; x_wconf 83' lang='lat' dir='ltr'>scirca</span> <span class='ocrx_word' id='word_1_265' title='bbox 989 2194 1017 2222; x_wconf 89' lang='lat' dir='ltr'><em>V</em></span> <span class='ocrx_word' id='word_1_266' title='bbox 1135 2192 1179 2223; x_wconf 82' lang='lat'>17</span> <span class='ocrx_word' id='word_1_267' title='bbox 1213 2187 1403 2234; x_wconf 86' lang='lat' dir='ltr'>concipite</span> <span class='ocrx_word' id='word_1_268' title='bbox 1427 2193 1467 2231; x_wconf 87' lang='lat' dir='ltr'>V;</span> <span class='ocrx_word' id='word_1_269' title='bbox 1501 2185 1598 2221; x_wconf 90' lang='lat' dir='ltr'>inci-</span> 
     </span>
    </p>
   </div>
   <div class='ocr_carea' id='block_1_7' title="bbox 221 2248 1599 2317">
    <p class='ocr_par' dir='ltr' id='par_1_8' title="bbox 221 2248 1599 2317">
     <span class='ocr_line' id='line_1_34' title="bbox 221 2248 1599 2317; baseline -0.001 -22"><span class='ocrx_word' id='word_1_270' title='bbox 221 2269 312 2305; x_wconf 86' lang='lat' dir='ltr'>pere</span> <span class='ocrx_word' id='word_1_271' title='bbox 332 2267 351 2302; x_wconf 78' lang='grc' dir='ltr'><strong><em>β</em></strong></span> <span class='ocrx_word' id='word_1_272' title='bbox 424 2259 564 2294; x_wconf 84' lang='lat' dir='ltr'>verbis:</span> <span class='ocrx_word' id='word_1_273' title='bbox 588 2260 677 2294; x_wconf 86' lang='lat' dir='ltr'>urbs</span> <span class='ocrx_word' id='word_1_274' title='bbox 702 2266 731 2293; x_wconf 95' lang='lat' dir='ltr'><em>V</em></span> <span class='ocrx_word' id='word_1_275' title='bbox 801 2263 844 2294; x_wconf 90' lang='grc'>18</span> <span class='ocrx_word' id='word_1_276' title='bbox 866 2248 985 2306; x_wconf 65' lang='grc' dir='ltr'>(1υὲήο</span> <span class='ocrx_word' id='word_1_277' title='bbox 1004 2267 1055 2305; x_wconf 90' lang='grc' dir='ltr'>Β;</span> <span class='ocrx_word' id='word_1_278' title='bbox 1076 2262 1261 2317; x_wconf 77' lang='lat' dir='ltr'>quantum</span> <span class='ocrx_word' id='word_1_279' title='bbox 1287 2266 1315 2294; x_wconf 90' lang='lat' dir='ltr'><em>V</em></span> <span class='ocrx_word' id='word_1_280' title='bbox 1385 2262 1429 2295; x_wconf 89' lang='grc'>19</span> <span class='ocrx_word' id='word_1_281' title='bbox 1450 2258 1599 2295; x_wconf 84' lang='grc' dir='ltr'>0001ᾶο-</span> 
     </span>
    </p>
   </div>
   <div class='ocr_carea' id='block_1_8' title="bbox 221 2320 1599 2390">
    <p class='ocr_par' dir='ltr' id='par_1_9' title="bbox 221 2320 1599 2390">
     <span class='ocr_line' id='line_1_35' title="bbox 221 2320 1599 2390; baseline -0.001 -11"><span class='ocrx_word' id='word_1_282' title='bbox 221 2343 273 2379; x_wconf 86' lang='lat' dir='ltr'>rit</span> <span class='ocrx_word' id='word_1_283' title='bbox 290 2328 312 2386; x_wconf 57' lang='grc' dir='ltr'>4,ιι</span> <span class='ocrx_word' id='word_1_284' title='bbox 385 2347 431 2379; x_wconf 80' lang='grc'>20</span> <span class='ocrx_word' id='word_1_285' title='bbox 451 2343 624 2380; x_wconf 85' lang='lat' dir='ltr'>occidere</span> <span class='ocrx_word' id='word_1_286' title='bbox 644 2343 759 2379; x_wconf 89' lang='lat' dir='ltr'>etiam</span> <span class='ocrx_word' id='word_1_287' title='bbox 778 2345 889 2390; x_wconf 85' lang='lat' dir='ltr'>pater</span> <span class='ocrx_word' id='word_1_288' title='bbox 907 2350 935 2378; x_wconf 89' lang='lat' dir='ltr'><em>V</em></span> <span class='ocrx_word' id='word_1_289' title='bbox 1004 2348 1047 2380; x_wconf 83' lang='lat'>21</span> <span class='ocrx_word' id='word_1_290' title='bbox 1069 2320 1300 2380; x_wconf 61' lang='lat' dir='ltr'>infeligiilnus</span> <span class='ocrx_word' id='word_1_291' title='bbox 1313 2350 1350 2379; x_wconf 90' lang='grc' dir='ltr'><em>Β</em></span> <span class='ocrx_word' id='word_1_292' title='bbox 1422 2347 1467 2379; x_wconf 84' lang='lat'>23</span> <span class='ocrx_word' id='word_1_293' title='bbox 1488 2342 1599 2379; x_wconf 87' lang='lat' dir='ltr'>audi-</span> 
     </span>
    </p>
   </div>
   <div class='ocr_carea' id='block_1_9' title="bbox 222 2392 1094 2437">
    <p class='ocr_par' dir='ltr' id='par_1_10' title="bbox 222 2392 1094 2437">
     <span class='ocr_line' id='line_1_36' title="bbox 222 2392 1094 2437; baseline -0.001 -9"><span class='ocrx_word' id='word_1_294' title='bbox 222 2392 311 2428; x_wconf 88' lang='lat' dir='ltr'>bam</span> <span class='ocrx_word' id='word_1_295' title='bbox 336 2398 364 2426; x_wconf 92' lang='lat' dir='ltr'><em>V</em></span> <span class='ocrx_word' id='word_1_296' title='bbox 458 2396 502 2428; x_wconf 78' lang='lat'>27</span> <span class='ocrx_word' id='word_1_297' title='bbox 529 2393 693 2437; x_wconf 58' lang='lat' dir='ltr'>remota*</span> <span class='ocrx_word' id='word_1_298' title='bbox 712 2398 749 2427; x_wconf 91' lang='grc' dir='ltr'><em>Β</em></span> <span class='ocrx_word' id='word_1_299' title='bbox 846 2396 891 2428; x_wconf 86' lang='grc'>28</span> <span class='ocrx_word' id='word_1_300' title='bbox 918 2392 1032 2428; x_wconf 88' lang='lat' dir='ltr'>odeat</span> <span class='ocrx_word' id='word_1_301' title='bbox 1058 2399 1094 2427; x_wconf 84' lang='grc' dir='ltr'><strong><em>Ρ</em></strong></span> 
     </span>
    </p>
   </div>
   <div class='ocr_carea' id='block_1_10' title="bbox 1607 767 1638 793">
    <p class='ocr_par' dir='ltr' id='par_1_11' title="bbox 1607 767 1638 793">
     <span class='ocr_line' id='line_1_37' title="bbox 1607 767 1638 793; baseline 0 0"><span class='ocrx_word' id='word_1_302' title='bbox 1607 767 1638 793; x_wconf 72' lang='lat'>1⁰</span> 
     </span>
    </p>
   </div>
   <div class='ocr_carea' id='block_1_11' title="bbox 1609 1069 1638 1096">
    <p class='ocr_par' dir='ltr' id='par_1_12' title="bbox 1609 1069 1638 1096">
     <span class='ocr_line' id='line_1_38' title="bbox 1609 1069 1638 1096; baseline 0 0"><span class='ocrx_word' id='word_1_303' title='bbox 1609 1069 1638 1096; x_wconf 68' lang='lat'>15</span> 
     </span>
    </p>
   </div>
   <div class='ocr_carea' id='block_1_12' title="bbox 1610 1371 1638 1398">
    <p class='ocr_par' dir='ltr' id='par_1_13' title="bbox 1610 1371 1638 1398">
     <span class='ocr_line' id='line_1_39' title="bbox 1610 1371 1638 1398; baseline 0 0"><span class='ocrx_word' id='word_1_304' title='bbox 1610 1371 1638 1398; x_wconf 69' lang='grc' dir='ltr'>Β(</span> 
     </span>
    </p>
   </div>
   <div class='ocr_carea' id='block_1_13' title="bbox 1612 1674 1638 1701">
    <p class='ocr_par' dir='ltr' id='par_1_14' title="bbox 1612 1674 1638 1701">
     <span class='ocr_line' id='line_1_40' title="bbox 1612 1674 1638 1701; baseline -0.038 0"><span class='ocrx_word' id='word_1_305' title='bbox 1612 1674 1638 1701; x_wconf 66' lang='lat'>22</span> 
     </span>
    </p>
   </div>
  </div>
 </body>
</html>
