1638 2560
234 138 323 181 260
726 133 848 170 APES
873 132 1113 169 PAVPERIS

324 251 530 291 Postremo
558 250 717 300 quidem
744 249 880 288 divitis
906 248 1132 298 patrocinio
1157 259 1237 286 non
1261 246 1418 297 putavi,
1442 245 1606 296 iudices,

229 311 565 362 respondendum,
592 311 670 350 nisi
694 311 817 348 rideri
836 311 1012 348 vestram
1036 309 1292 347 maiestatem
1317 306 1607 346 contumeliosa

235 372 462 411 defensione
493 383 573 410 non
605 371 760 409 ferrem.
825 366 947 408 ‘ultro
981 365 1115 417 enim',
1152 369 1304 418 inquit,
1336 363 1405 406 ‘ad
1435 369 1607 407 mortem

235 434 431 471 venerunt
477 445 571 482 apes
614 427 736 470 tuae.'
798 432 859 469 ita
901 430 1031 480 plane.
1095 429 1277 479 alioquin
1320 430 1366 467 tu
1410 440 1607 467 venenum

233 493 397 531 floribus
436 492 612 531 dederas.
675 491 1018 541 impudentiaene‚
1055 489 1225 538 iudices,
1264 490 1348 528 eius
1387 487 1607 540 adsignem,

235 555 268 592 si
299 554 374 591 hoc
399 551 499 590 mihi
524 552 631 602 apud
655 564 726 591 vos
752 551 984 599 obtinuerit,
1016 563 1067 588 an
1094 550 1307 599 stultitiae,
1338 550 1374 588 si
1398 547 1608 600 speravit?

235 614 269 652 si
294 626 490 652 venenum
515 613 669 651 homini
695 612 878 660 dedisset,
905 611 1055 650 diceret
1079 611 1213 660 ipsum
1238 609 1357 649 labiis
1384 609 1608 649 admovisse

233 674 387 725 pocula.
451 674 487 711 si
516 685 788 722 percussorem
819 673 1019 722 posuisset
1048 672 1091 709 in
1123 671 1243 720 saltu,
1273 671 1408 721 ipsum
1437 671 1482 709 in
1511 671 1608 710 insi-

235 734 321 772 dias
359 734 465 772 ultro
498 734 653 772 venisse
692 733 894 772 clamaret.
959 733 992 771 si
1030 731 1157 770 telum
1196 731 1436 770 obiectasset
1472 731 1516 769 in
1549 731 1608 770 te·

234 794 378 843 nebris,
410 793 584 832 inlatum
610 806 682 832 sua
713 794 831 844 culpa
863 792 1131 832 contenderet.
1196 805 1281 844 ego,
1313 791 1477 841 iudices,
1510 791 1638 841 quid1

232 853 352 893 dico?
403 854 480 892 duo
514 866 596 893 esse
629 854 714 893 sola
746 867 848 904 quae
875 854 984 892 omni
1009 854 1051 891 in
1078 853 1244 892 crimine
1270 851 1490 902 spectanda
1515 852 1608 902 sint,

236 916 414 954 animum
447 916 487 953 et
518 916 714 953 eventum.
767 916 854 964 quis
888 915 1044 952 animus
1078 913 1216 952 divitis
1248 913 1339 963 fuit,
1371 925 1463 952 cum
1491 925 1608 951 vene-

232 989 332 1014 num
364 973 538 1024 sparsit?
588 976 634 1013 ut
666 987 760 1025 apes
791 975 978 1025 perirent.
1031 974 1121 1024 quis
1147 972 1342 1013 eventus?
1392 974 1608 1024 perierunt.

236 1037 278 1074 in
311 1047 477 1084 summa,
510 1035 671 1084 iudices,
705 1037 792 1085 quis
825 1035 996 1084 dubitat,
1030 1035 1127 1085 quin
1156 1034 1351 1073 damnum
1382 1035 1419 1073 ei
1451 1034 1506 1073 sit
1535 1033 1609 1072 im-

237 1096 471 1146 putandum,
504 1097 588 1134 sine
622 1109 700 1145 quo
732 1109 811 1134 non
844 1094 1079 1134 accidisset?
1630 1109 1638 1134 1

167 1157 217 1194 15
327 1156 523 1207 Intellego
565 1170 692 1206 neque
730 1156 988 1206 prudentiam
1019 1157 1195 1195 vestram
1234 1155 1460 1194 desiderare
1490 1155 1610 1205 plura

238 1216 286 1255 de
324 1229 443 1255 causa
486 1229 614 1266 neque
651 1218 826 1255 vestram
870 1216 989 1255 fidem
1027 1229 1073 1255 ac
1110 1215 1348 1267 religionem
1393 1228 1507 1268 egere
1545 1228 1610 1254 ex-

237 1276 466 1315 hortatione
497 1290 588 1315 vere
619 1277 833 1315 iudicandi.
898 1277 995 1327 quid
1025 1289 1160 1316 moror
1190 1274 1349 1327 igitur?
1403 1277 1515 1315 tenet
1546 1288 1609 1314 me

238 1337 352 1375 dolor
384 1339 423 1376 et
449 1337 636 1376 adsuetae
661 1338 883 1387 voluptatis
915 1337 1167 1376 desiderium.
1218 1338 1313 1375 sunt
1339 1336 1536 1387 quaedam
1566 1337 1610 1374 in

238 1398 313 1435 hac
345 1409 464 1436 causa
497 1411 598 1447 quae
630 1399 775 1437 sarcire
807 1411 936 1448 poena
967 1411 1047 1436 non
1078 1398 1217 1448 possit.
1278 1398 1410 1436 maior
1439 1396 1638 1436 forsitan:

238 1458 408 1495 materia
440 1458 626 1496 videatur
663 1459 853 1497 adfectus.
918 1460 952 1498 si
982 1471 1182 1508 pauperes
1222 1470 1356 1497 amare
1387 1458 1467 1497 nisi
1497 1456 1611 1507 paria

239 1530 319 1556 non
344 1529 566 1567 possumus,
599 1520 638 1557 et
663 1521 883 1558 necessario
909 1518 1024 1558 nobis
1049 1520 1227 1569 pretiosa
1253 1530 1356 1568 quae
1383 1518 1480 1568 sola,
1507 1519 1612 1566 sunt,

240 1578 419 1616 animum
450 1592 582 1617 meum
609 1579 806 1618 extinctae
833 1580 951 1618 unius
983 1580 1105 1618 horae
1130 1581 1333 1618 momento
1365 1579 1429 1618 tot
1454 1579 1612 1617 animae

239 1640 404 1677 movent
436 1639 541 1688 quod
579 1640 771 1689 perierint
803 1640 851 1678 de
883 1653 946 1679 me
977 1640 1076 1678 bene
1108 1640 1288 1678 meritae.
1352 1641 1449 1689 quin
1479 1639 1613 1689 ipsum

241 1698 313 1736 leti
339 1711 462 1750 genus
483 1699 597 1737 addit
621 1700 956 1751 indignationem:
983 1713 1135 1740 veneno
1161 1701 1378 1750 perierunt.
1423 1700 1513 1750 quis
1537 1699 1638 1739 hoc:

240 1758 327 1797 ulla
358 1760 455 1798 satis
488 1762 672 1810 persequi
702 1761 831 1810 possit
861 1759 1044 1800 invidia?
1106 1774 1201 1811 apes
1233 1759 1415 1800 veneno?

339 1854 358 1884 2
385 1849 534 1885 irrideri
559 1858 590 1884 J
710 1851 1019 1886 contumeliosam
1045 1858 1123 1886 ΒΜ
1243 1855 1263 1886 3
1291 1851 1550 1887 defensionem
1576 1855 1619 1885 ιι

242 1901 263 1932 5
290 1898 575 1943 impudentiane
596 1905 650 1942 Β;
677 1899 913 1945 impudentie
938 1907 965 1934 ι’
1030 1900 1109 1935 eius
1129 1900 1274 1935 iudices
1296 1909 1315 1942 β
1383 1903 1404 1934 6
1431 1898 1613 1945 speravit:

241 1946 434 1991 superavit
454 1953 509 1990 1713
537 1947 661 1992 spavit
687 1957 706 1990 β
779 1952 800 1983 8
827 1948 1014 1993 potuisset
1033 1955 1125 1992 BM;
1151 1948 1282 1994 posuit
1306 1948 1373 1984 sed
1403 1954 1431 1982 V
1501 1951 1522 1983 9
1549 1946 1615 1983 ob-

241 1994 419 2029 iectasset
445 2003 482 2030 ςε
511 1995 740 2031 abiectasset
764 2011 793 2030 ω
882 2000 926 2031 10
953 2008 1022 2042 ego
1050 2008 1133 2031 sum
1158 1997 1235 2033 iud.
1263 1997 1330 2042 qui
1355 2002 1398 2031 Μ
1482 1999 1526 2031 11
1554 2005 1614 2031 ex-

235 2055 431 2100 pectanda
452 2061 531 2089 ΒΜ
627 2059 670 2090 12
699 2043 875 2091 eventum
900 2063 928 2091 Γ
1014 2061 1058 2092 14
1085 2058 1135 2092 sit
1160 2057 1399 2093 inferendum
1424 2057 1616 2102 imputan-

242 2103 331 2137 dum
356 2109 384 2136 V
455 2107 497 2138 15
525 2104 761 2140 accendisset
779 2111 830 2148 Β;
859 2106 1079 2141 accessisset
1099 2112 1141 2140 M
1213 2109 1256 2141 16
1285 2106 1318 2141 si
1335 2115 1459 2152 neque
1478 2110 1550 2140 BV
1568 2104 1616 2150 (si

240 2162 333 2187 corr.
355 2153 391 2196 b)
478 2152 712 2188 desideraret
726 2174 770 2178 ——
784 2153 968 2199 religione
994 2155 1059 2189 hoc
1085 2154 1160 2190 loco
1186 2166 1253 2190 om.
1282 2158 1316 2190 et
1340 2153 1427 2189 add.
1448 2156 1536 2199 post
1559 2162 1617 2188 re-

241 2198 422 2245 ligionem
449 2200 470 2234 l.
495 2204 541 2235 17
566 2207 602 2235 Β
717 2201 949 2237 desideraret
975 2209 1044 2236 BV
1163 2206 1206 2238 17
1233 2213 1357 2248 neque
1383 2201 1430 2238 de
1455 2207 1525 2237 BV

241 2257 404 2308 vestram
424 2252 497 2296 fide
519 2271 562 2295 ac
581 2253 764 2307 religione
790 2264 844 2298 sic
861 2263 970 2298 verba
990 2263 1125 2298 iterata
1143 2269 1180 2298 Β
1263 2266 1307 2298 18
1335 2261 1428 2308 quid
1453 2262 1575 2297 maior
1594 2269 1621 2297 «r

244 2311 288 2343 19
322 2308 532 2344 adsuetudo
558 2316 595 2344 Β
716 2314 758 2345 21
787 2314 873 2356 post
905 2310 1076 2346 adfectus
1110 2311 1196 2346 add.
1224 2323 1300 2347 non
1331 2310 1453 2356 possit
1483 2316 1526 2345 n

242 2360 288 2392 23
313 2350 453 2407 tunius
472 2363 524 2402 Β;
549 2358 685 2404 {unius
711 2365 739 2392 V
807 2358 922 2406 horae
943 2370 1009 2394 om.
1034 2366 1062 2393 V
1132 2363 1177 2394 24
1203 2360 1296 2404 quot
1315 2359 1511 2405 perierunt
1531 2368 1552 2393 ς

242 2430 309 2474 qui
337 2429 377 2465 in
400 2436 444 2475 Β,
472 2441 562 2466 corr.
585 2437 608 2464 b
707 2434 751 2465 25
783 2418 853 2466 lgti
880 2437 934 2465 Β-
