1638 2560
126 403 172 439 11

121 1728 170 1764 12

201 107 283 150 198
560 105 852 143 SEPVLGRVM
877 105 1207 143 INOANTATVM

196 223 351 274 gemitu
382 221 606 271 orbitatem,
637 221 838 271 permitte,
871 221 1063 271 quamdiu
1094 221 1207 271 velit,
1237 221 1342 261 flere.
1399 221 1467 262 odi
1497 234 1568 274 pa-

195 284 297 321 trem
330 283 401 332 qui
432 294 522 321 cum
558 281 686 320 filium
724 283 764 320 et
800 282 886 333 ipse
923 281 1161 332 perdiderit,
1199 283 1320 332 putat
1355 281 1477 322 nimis
1507 283 1568 322 lu-

197 355 287 394 gere
317 343 498 381 matrem.

287 402 392 448 Quid
423 415 516 454 ergo
549 403 740 453 queritur,
773 401 932 453 inquit?
982 403 1057 442 hoc
1087 404 1282 453 primum:
1314 402 1444 442 filium
1471 416 1568 454 quo-

195 463 311 501 modo
344 463 471 513 debes,
505 464 705 513 scelerate,
738 462 967 503 desideras?
1017 476 1164 515 magno
1197 464 1332 503 animo
1362 465 1482 504 orbus
1514 476 1567 515 eS,
1606 478 1623 505 5

194 523 367 573 loqueris
405 523 529 562 fuisse
569 524 782 563 mortalem
820 525 860 562 et
897 524 1176 574 interpretaris
1219 524 1323 563 nihil
1360 537 1568 576 superesse

194 584 284 633 post
314 583 508 623 flammas.
570 584 640 623 flet
669 585 782 623 iuxta
813 585 920 623 latus
953 586 994 623 et
1024 584 1187 636 plangit
1216 598 1331 636 uxor,
1361 586 1412 624 tu
1443 586 1568 625 siccos

194 643 329 682 oculos
361 643 494 683 habes.
545 645 618 684 illa
645 646 743 684 totis
768 644 952 684 noctibus
978 644 1165 685 funebres
1191 649 1348 685 exercet
1371 646 1569 696 ululatus,

192 705 238 742 tu
274 716 415 755 graves
454 717 611 745 somnos
651 718 696 744 ac
732 705 935 756 placidam
980 705 1167 756 quietem.
1230 707 1348 758 pater
1384 705 1568 756 crudelis,

192 766 307 814 pater
338 765 557 815 immemor,
589 766 687 816 quid
712 766 772 805 vis
804 766 882 805 tibi
914 766 1087 817 amplius
1114 765 1363 806 obiciamus‘?
1412 780 1460 807 ex
1486 780 1566 819 quo
1587 781 1622 808 10

193 825 402 874 perdidisti
427 825 565 876 filium,
585 839 793 876 nunquam
818 828 875 866 sic
894 826 1143 878 desiderasti,
1165 828 1210 866 ut
1229 827 1396 867 videres.
1438 826 1569 879 quid?

194 885 300 935 quod
324 885 506 935 eripuisti
531 887 653 925 matri
672 887 878 937 solacium,
896 889 997 938 puta
1016 900 1166 927 vanum
1186 889 1227 927 et
1245 887 1567 939 supervacuum?

192 945 296 995 nolo,
327 946 490 996 iudices,
522 948 615 986 nolo
648 949 860 998 corripias,
892 948 1012 987 scires
1046 950 1245 998 quantum
1277 950 1383 988 esset
1412 949 1500 1000 hoc,
1532 949 1568 988 si

191 1006 427 1044 tantundem
459 1007 621 1046 doleres.
672 1021 734 1047 res
765 1008 970 1061 indignior
1001 1022 1081 1048 non
1114 1011 1176 1048 est
1205 1022 1327 1060 quam
1352 1010 1460 1060 quod
1489 1009 1568 1049 tibi

193 1066 239 1104 de
266 1079 311 1104 eo
343 1068 524 1116 postulas
551 1068 655 1107 credi
684 1068 790 1119 quod
816 1082 895 1108 non
921 1069 1072 1109 vidisti.
1122 1069 1288 1122 indulge
1315 1082 1411 1110 sane
1435 1083 1566 1110 vanae
1586 1083 1621 1111 15

191 1127 266 1175 rei,
304 1127 482 1178 ignosce:
515 1128 686 1167 libenter
717 1142 758 1169 se
791 1129 942 1170 orbitas
975 1130 1137 1180 decipit.
1200 1143 1368 1182 magnas
1402 1131 1566 1171 calami-

191 1188 294 1225 tates
333 1200 437 1226 vana
474 1189 578 1228 ratio
618 1191 819 1229 sustentat
857 1191 963 1241 quod
1003 1191 1217 1242 indulgent
1254 1192 1362 1230 mala
1402 1204 1566 1242 persua-

192 1247 367 1286 sionibus
400 1248 492 1288 suis.
544 1250 734 1300 quicquid
764 1250 816 1289 ad
846 1251 1011 1290 miseros
1043 1253 1232 1302 pertinet,
1265 1252 1464 1292 crudelius
1491 1251 1566 1291 eri-

189 1308 303 1356 pitur
335 1321 412 1358 quo
437 1310 569 1348 miuus
596 1312 666 1349 est.
718 1311 867 1351 clamat
891 1312 1041 1362 itaque,
1074 1312 1224 1351 clamat
1248 1314 1380 1352 mater
1406 1313 1566 1352 infelix:

191 1367 225 1405 si
255 1368 354 1406 mihi
393 1370 571 1419 aliquam
607 1372 825 1423 imaginem
862 1372 937 1410 filii
967 1373 1048 1411 mei
1078 1373 1144 1412 vel
1181 1373 1343 1424 parvuli
1380 1374 1446 1413 vel
1482 1374 1566 1413 iam
1585 1387 1638 1431 sm⁴

191 1427 318 1467 adulti
355 1430 420 1468 vel
463 1432 722 1470 novissimam
761 1433 917 1472 iuvenis
962 1434 1156 1484 auferres,
1201 1434 1392 1474 inicerem
1428 1436 1566 1474 tamen
1611 1451 1616 1457 ⁴

190 1489 334 1527 misera
365 1491 574 1540 tamquam
600 1494 757 1543 corpori
782 1506 959 1543 manum,
990 1494 1105 1532 illam
1131 1494 1439 1534 similitudinem
1466 1495 1566 1534 flens

190 1550 384 1599 tenerem,
422 1551 514 1590 illos
547 1552 700 1602 oculos,
738 1554 852 1592 illam
884 1555 1159 1606 gratissimam
1190 1556 1336 1595 faciem
1368 1557 1410 1595 et
1438 1557 1565 1596 rictus

191 1609 269 1647 oris
308 1623 510 1660 expressos
549 1615 589 1651 et
627 1613 885 1654 adumbratos
923 1615 1088 1655 artificis
1126 1629 1250 1655 manu
1284 1616 1432 1655 vultus.
1496 1616 1567 1656 scd

190 1668 305 1707 illum
330 1671 498 1722 perdidi,
524 1673 627 1712 unde
653 1674 799 1726 imago,
831 1675 939 1714 unde
965 1676 1201 1727 similitudo,
1226 1677 1332 1716 unde
1358 1676 1563 1716 solacium.
1584 1690 1620 1718 25

280 1730 370 1780 Fili,
401 1732 492 1781 plus
523 1733 641 1772 hodie
669 1735 786 1774 amisi
819 1748 939 1785 quam
966 1748 1056 1775 cum
1082 1737 1213 1776 elatus
1239 1750 1291 1776 es.
1341 1739 1435 1788 post
1459 1750 1565 1777 mor-

189 1791 272 1827 tem
302 1792 342 1829 te
374 1793 486 1830 tuam
518 1794 613 1832 vidi.
677 1795 710 1833 si
741 1795 985 1836 mehercules
1023 1799 1140 1836 notas
1172 1798 1215 1836 in
1253 1810 1418 1849 corpore
1456 1798 1565 1837 unici

192 1851 320 1889 vestes
348 1851 580 1892 subtrahere
605 1857 835 1905 temptares,
855 1857 1045 1896 dicerem:
1078 1871 1262 1898 succurre
1288 1859 1436 1898 solacio
1461 1872 1563 1898 meo.

191 1910 289 1950 haec
320 1913 454 1951 omnia
486 1915 594 1964 apud
624 1928 687 1954 me
719 1916 794 1955 filii
825 1919 905 1955 mei
935 1918 1115 1958 membra
1147 1921 1259 1958 sunt:
1299 1932 1372 1971 ego
1408 1920 1564 1959 oscula-

287 2068 304 2098 1
333 2063 490 2100 orbitati
511 2074 558 2108 scr
629 2067 710 2102 odit
728 2073 765 2102 Β
836 2069 983 2114 patrem
1004 2076 1053 2115 M,
1080 2071 1148 2106 del.
1169 2075 1203 2107 et
1220 2071 1382 2107 matrem
1399 2082 1501 2117 supr.
1521 2085 1565 2106 m

193 2138 212 2169 7
238 2123 335 2171 εἰὲοε
360 2143 398 2172 Β
501 2141 520 2172 9
549 2149 609 2174 ac:
638 2140 676 2174 et
701 2149 721 2182 β
827 2144 868 2175 15
896 2151 1016 2177 vanae
1042 2154 1109 2178 om.
1132 2149 1175 2178 Μ
1277 2147 1319 2179 17
1347 2154 1459 2179 vana:
1486 2154 1564 2179 una

192 2183 274 2219 Obr.
386 2189 429 2220 21
459 2186 610 2221 adhulti
640 2194 669 2221 V
773 2192 817 2222 22
844 2190 1029 2234 tanquam
1049 2202 1118 2236 per
1143 2203 1216 2227 ναε.
1238 2203 1283 2227 em
1307 2193 1504 2237 tamquam
1528 2197 1567 2227 B

189 2235 234 2267 24
259 2243 434 2278 expresso
461 2243 480 2276 β
554 2235 708 2271 artificis
733 2237 880 2281 umbra,
905 2238 968 2273 sed
992 2239 1127 2275 umbra
1153 2240 1220 2275 del.
1241 2246 1279 2275 B
1360 2243 1405 2275 26
1431 2239 1562 2276 hodie:

188 2279 252 2315 odi
278 2283 316 2317 et
346 2289 375 2316 V
468 2286 512 2318 27
539 2284 577 2319 te
604 2295 670 2320 om.
692 2290 729 2319 B
813 2286 919 2320 tuam
945 2287 995 2331 te,
1021 2288 1083 2323 sed
1108 2292 1250 2334 transp.
1277 2295 1306 2323 V
1372 2299 1433 2324 me
1458 2299 1564 2324 ercu-

187 2352 241 2388 les
267 2360 314 2398 B,
340 2354 365 2389 h
391 2366 492 2401 supr.
514 2362 537 2390 b
636 2357 745 2392 notas
770 2356 942 2394 hercules
968 2358 1008 2394 in
1033 2365 1071 2394 Β
1176 2363 1221 2396 28
1249 2337 1433 2396 eunom-rs&
1452 2367 1496 2396 Μ

189 2405 234 2436 29
260 2402 396 2438 umbra
426 2410 456 2438 V

1289 2528 1348 2539 η,-
