1638 2560
217 128 304 171 194
579 125 870 163 SEPVLORVM
895 125 1226 162 INCANTATVM

215 243 438 282 audiebam.
489 243 635 282 misera
665 242 756 292 plus
787 240 958 291 perdidi,
989 241 1023 280 si
1054 253 1171 280 nemo
1204 239 1342 280 credit.
1392 241 1476 279 iam
1502 252 1588 280 006-

214 316 353 354 peram
383 305 496 342 tuam
528 315 699 353 quoque,
730 303 874 340 marite
906 301 1096 351 crudelis,
1129 312 1247 353 agere
1278 313 1442 341 causam
1471 313 1588 352 roga-

215 363 386 413 bamque
417 364 620 412 iuvenem,
655 365 702 401 ut
731 363 909 413 paternis
941 362 1067 401 oculis
1099 374 1260 412 quoque
1291 361 1422 401 laetus
1454 373 1588 401 occur-

214 425 332 473 reret,
365 425 405 462 et
435 423 523 473 tibi,
554 425 725 475 ingrate,
756 422 925 461 dimidia
956 423 1073 462 nocte
1105 421 1305 462 cedebam.
1354 423 1439 461 iam
1469 423 1592 462 miser

216 486 256 523 et
280 485 349 523 ille
374 484 649 534 pollicebatur.
700 484 798 523 haec
823 496 886 522 me
911 483 1058 522 fiducia
1081 481 1272 533 perdidit,
1299 484 1346 522 ut
1371 481 1589 523 confiterer.
1628 496 1638 524 ε

214 557 325 596 rogo,
359 544 455 594 quid
479 546 565 583 tam
590 543 795 593 muliebre,
826 543 922 594 quid
953 545 1039 582 tam
1064 544 1293 582 maternum
1316 542 1404 582 fieri
1427 541 1592 594 potest?

216 601 391 656 ‘gaude',
413 605 557 655 inquit,
580 601 749 654 ‘marite,
771 604 911 655 gaude,
931 603 1062 642 filium
1082 604 1254 643 fortasse
1272 605 1390 644 nocte
1407 603 1592 654 proxima

215 665 380 704 videbis.
439 665 556 703 illum
589 678 708 715 quem
740 665 966 704 crudelibus
997 664 1170 704 fiammis
1203 664 1400 715 exussisti,
1432 677 1481 703 ex
1512 677 1591 715 quo

216 727 366 765 cineres
399 727 439 764 et
471 738 560 765 ossa
592 726 818 776 supersunt,
849 726 1037 765 iuvenem
1068 725 1224 765 videbis
1256 726 1297 764 et
1326 724 1431 764 forte
1468 725 1593 764 etiam

217 786 280 824 die
319 799 462 837 speres.
526 798 599 838 ego
639 788 744 825 certe
788 786 885 825 totis
923 786 1107 825 noctibus
1148 786 1279 824 mater
1319 798 1425 835 sum,
1463 785 1592 834 video,
1612 797 1638 825 ι(

215 847 341 896 fruor,
378 847 460 885 iam
498 848 539 885 et
575 843 721 885 narro.’
787 848 939 885 exitum
971 846 1132 897 paterni
1164 846 1329 886 affectus
1368 844 1593 896 quaeritis?

215 907 344 945 filium
376 906 509 946 videre
540 908 691 946 timuit.

171 970 190 1006 7
311 966 377 1006 Sic
407 980 572 1019 magum
602 969 786 1018 protinus
817 968 951 1007 nescia
982 969 1111 1006 matre
1144 967 1257 1011 cuius
1287 967 1451 1007 horrido
1484 979 1595 1006 mur-

217 1041 329 1066 mure
359 1028 663 1078 imperiosisque
689 1028 821 1068 verbis
853 1028 909 1066 dii
936 1029 1071 1079 superi
1101 1041 1318 1078 manesque
1343 1029 1594 1078 torquentur,

220 1089 468 1140 excogitator
504 1089 581 1127 iste
618 1089 759 1128 mortis
798 1089 965 1128 alterius
1011 1089 1199 1139 advocat,
1237 1101 1318 1128 non
1354 1090 1402 1127 ut
1439 1089 1595 1127 exorati
1614 1101 1638 1128 11

218 1161 355 1187 manes
394 1148 693 1198 deducerentur,
730 1162 803 1189 nec
834 1151 880 1188 ut
919 1151 1085 1189 evocata
1122 1149 1330 1189 nocturnis
1367 1148 1593 1188 ululatibus

148 1254 158 1256 -
219 1209 480 1258 undecunque
518 1210 662 1248 umbra
704 1211 957 1260 properaret,
1001 1210 1070 1249 scd
1106 1211 1317 1260 tamquam
1352 1222 1497 1260 parum
1534 1222 1594 1249 se-

219 1269 359 1320 pulcra
390 1272 617 1319 premerent
642 1271 682 1309 et
707 1271 957 1309 tumulorum
988 1271 1075 1310 leve
1100 1271 1257 1321 pondus
1283 1271 1399 1311 esset.
1443 1266 1595 1320 ‘filius'‚

219 1331 364 1379 inquit,
387 1327 513 1369 ‘meus
532 1343 611 1370 non
632 1331 730 1370 satis
755 1331 889 1381 periit,
910 1331 1039 1370 adhuc
1064 1331 1221 1383 fulgore
1241 1331 1418 1371 siderum
1445 1331 1596 1370 fruitur

220 1392 260 1429 et
300 1392 415 1429 nocte
454 1392 601 1430 nostra.
664 1404 758 1430 nam
797 1405 887 1431 cum
925 1392 1009 1431 dies
1048 1391 1211 1443 occidit,
1255 1391 1430 1442 imponit
1471 1392 1595 1430 morti
1614 1404 1638 1430 2⁴

220 1463 314 1489 suae
352 1451 488 1500 finem,
528 1451 690 1491 domum
727 1453 875 1502 repetit
913 1453 951 1490 et
983 1454 1188 1492 maternos
1225 1453 1389 1491 territat
1423 1463 1593 1492 somnos.

219 1511 358 1550 inveni
389 1511 543 1561 aliqua,
574 1512 711 1550 inveni
742 1513 876 1552 vincla
907 1513 1137 1562 verborum,
1176 1512 1245 1553 sed
1276 1514 1364 1552 arte
1394 1514 1494 1563 tota,
1526 1511 1596 1552 sed

219 1571 357 1610 labore
395 1573 492 1611 toto.
556 1585 704 1624 magna
735 1574 807 1611 tua
839 1573 968 1624 gloria
1001 1575 1078 1623 est,
1115 1574 1150 1613 si
1180 1574 1329 1612 retines
1364 1572 1494 1611 filium
1525 1573 1597 1623 qui

219 1632 325 1670 redit
357 1632 479 1670 etiam
512 1645 536 1670 a
560 1634 688 1671 morte
720 1633 770 1671 ad
801 1630 999 1672 matrem.’

310 1692 485 1745 Noxium
505 1693 688 1743 sepulcro
710 1693 982 1732 circumdatur
1007 1706 1179 1733 carmen.
1223 1696 1319 1733 tunc
1337 1692 1595 1732 horrentibus
1614 1706 1638 1732 ει

219 1752 352 1791 verbis
389 1765 493 1791 urna
529 1754 813 1804 praecluditur,
851 1756 950 1793 tunc
988 1755 1163 1805 primum
1192 1755 1315 1794 miser
1348 1753 1456 1793 filius
1487 1765 1595 1793 mors

221 1814 261 1851 et
292 1813 435 1851 umbra
471 1813 527 1851 fit.
590 1814 646 1852 ite
678 1827 783 1853 nunc
815 1816 855 1853 et
891 1817 1033 1865 putate
1065 1828 1171 1855 vana
1204 1815 1329 1854 fuisse
1359 1814 1501 1853 matris
1532 1826 1595 1854 so-

220 1873 335 1912 lacia.
397 1872 525 1911 filium
561 1874 641 1913 ista
679 1876 713 1913 si
751 1875 1062 1926 cogitationibus
1109 1877 1150 1914 et
1185 1875 1299 1914 inani
1337 1874 1596 1927 persuasione

221 1932 398 1983 vidisset,
432 1934 559 1972 adhuc
590 1934 753 1974 videret.

318 2029 338 2059 2
365 2026 472 2060 tuam
497 2036 597 2071 supr.
618 2031 655 2059 Β
728 2027 757 2060 ’3
784 2026 910 2062 iuveni
935 2033 972 2061 Β
1055 2031 1077 2062 4
1103 2027 1254 2074 ingrate
1279 2028 1361 2073 tota
1387 2025 1550 2062 dimidia
1573 2031 1603 2060 V

221 2076 242 2108 5
270 2073 451 2108 confitear
474 2079 507 2108 J
603 2077 623 2108 6
650 2073 715 2118 qui
741 2075 820 2109 tam
845 2074 1029 2110 muliebre
1056 2081 1124 2110 MS
1149 2078 1254 2122 (corr.
1272 2075 1328 2122 m>
1427 2078 1448 2110 8
1475 2074 1515 2110 et
1537 2073 1598 2110 for

221 2125 306 2157 ante
337 2121 446 2156 illum
473 2121 559 2158 add.
582 2128 624 2165 P,
658 2123 725 2158 del.
745 2134 843 2158 man.
865 2126 888 2158 3
992 2123 1149 2159 exusisti
1174 2130 1226 2169 B3
1258 2122 1460 2170 exgussisti
1485 2128 1530 2158 M

224 2173 268 2205 10
293 2169 384 2205 totis
410 2181 477 2205 om.
499 2176 550 2214 M,
577 2170 662 2205 add.
684 2185 726 2205 m
823 2171 1074 2227 noctibusque
1101 2179 1144 2207 Μ
1225 2172 1357 2208 videor
1381 2180 1401 2215 β
1488 2174 1531 2206 11
1559 2171 1599 2206 et

221 2241 378 2266 narrans
403 2230 459 2266 vel
484 2231 522 2265 et
548 2230 637 2265 dum
662 2241 773 2266 narro
799 2231 879 2267 Sch.
988 2237 1031 2267 13
1057 2243 1238 2278 magnam
1263 2238 1301 2267 Β
1407 2235 1452 2267 14
1478 2230 1537 2266 dis
1562 2236 1601 2266 B

223 2282 266 2314 15
301 2278 468 2325 exgorati
495 2278 534 2325 (h
559 2280 622 2324 er.)
647 2285 685 2313 Β
780 2283 825 2314 20
858 2281 896 2314 et
920 2281 1003 2315 tota
1032 2282 1143 2317 nocte
1174 2282 1305 2317 nostra
1328 2287 1362 2316 J
1456 2278 1599 2315 occidit

221 2327 261 2362 in
281 2339 354 2363 ras.
368 2333 406 2362 B
490 2330 534 2362 22
562 2327 689 2362 inveni
712 2326 856 2373 aliqua:
884 2328 1011 2364 inveni
1037 2329 1107 2364 ali-
1133 2330 1175 2365 in
1193 2341 1266 2365 ras.
1281 2335 1318 2364 Β
1403 2331 1448 2364 23
1474 2327 1598 2374 gloria

220 2376 289 2411 tua
315 2384 334 2418 β
438 2379 484 2410 24
511 2375 560 2411 ad
585 2376 745 2411 mortem
771 2384 798 2410 (r
899 2380 943 2411 25
971 2377 1212 2423 sepulchrum
1237 2383 1307 2412 BV
1400 2375 1598 2412 circunda-

220 2425 283 2459 tur
307 2430 345 2459 Β
442 2427 486 2459 26
513 2423 629 2459 filius:
656 2423 760 2459 illius
787 2432 814 2458 <r
908 2428 953 2460 28
980 2425 1012 2460 si
1038 2437 1105 2462 om.
1128 2432 1177 2470 M,
1204 2437 1306 2472 supr.
1327 2439 1389 2469 mg
1414 2423 1490 2460 nisi
1514 2430 1552 2459 Β
