1638 2560
179 133 266 176 306
612 128 858 166 VENENVM
883 125 1115 164 Errvsvn

177 248 310 289 totum
340 246 494 285 facinus
525 258 676 294 meum,
707 244 813 293 vivo,
843 241 1078 294 respondeo,
1109 254 1189 280 non
1221 240 1334 295 fugio
1365 239 1562 292 iudicem,

179 321 258 348 non
291 307 384 347 cedo
417 305 660 345 criminibus.
709 305 792 344 iam
822 317 903 343 non
933 303 1058 342 miror
1084 302 1181 353 quid
1213 301 1279 352 sit,
1310 302 1418 342 circa
1443 301 1552 353 quod

177 367 221 407 in
248 367 444 418 patientia
466 366 654 416 deceptae
680 365 930 404 crudelitatis
957 365 1166 403 exaestuet
1190 363 1286 414 plus
1304 375 1428 413 quam
1446 362 1553 403 orbi-

179 429 275 467 tatis
307 417 498 479 gaudium
531 426 638 477 quod
673 425 791 464 modo
829 424 1006 476 perdidit
1042 436 1179 463 senex:
1218 424 1470 475 speraverat,
1504 424 1552 462 ut

179 488 354 528 occidere
391 500 454 526 me
491 489 626 537 posset
661 499 749 525 meo
780 498 943 525 veneno.
1007 484 1076 524 sed
1115 486 1313 535 quatenus
1348 483 1551 524 invenisse
1587 496 1606 524 ⁶

178 561 219 588 se
249 549 368 599 putat
400 547 505 597 quod
537 547 767 596 crederetis,
801 548 848 585 ut
880 545 1205 586 contentionibus
1237 544 1407 585 subinde
1439 544 1550 585 dam·

177 609 283 648 natis
321 608 603 647 auctoritatem
635 607 682 646 de
714 619 818 646 novo
857 607 993 646 dolore
1032 605 1315 655 circumdaret,
1353 605 1552 645 inusitata

178 671 422 709 commentus
461 670 531 707 est.
593 681 695 718 quae
740 668 826 707 sola
869 667 969 706 mihi
1006 668 1191 718 superest
1232 665 1338 706 ratio
1376 665 1561 715 vivendi,-

176 729 331 769 facinus
364 742 411 768 ea
442 728 712 780 simplicitate,
746 740 792 767 ea
822 727 900 767 fide
933 727 1086 779 denego
1118 739 1199 778 qua
1230 726 1437 767 confessus
1462 739 1552 767 sum

177 791 224 829 de
255 802 418 829 veneno.
480 788 688 840 parricidii
720 789 818 841 agis.
1549 800 1610 827 -10

266 849 482 889 Abstulisti
520 849 681 899 quidem
724 849 823 888 mihi
862 849 1040 900 partem,
1083 850 1130 888 ut
1175 847 1440 888 exclamarem
1476 847 1553 887 hoc

176 911 280 950 loco:
327 907 428 949 ‘fieri
464 922 544 948 non
585 906 746 961 potest.’
811 910 892 949 scio
931 911 1128 960 quantum
1172 908 1397 949 defensioni
1438 921 1552 948 meae

177 971 427 1011 difficultatis
459 970 650 1010 adiecerit
683 970 789 1021 quod
820 970 1060 1021 iampridem
1091 970 1134 1008 in
1160 969 1278 1010 domo
1310 970 1450 1010 nostra
1477 969 1552 1010 hu-

176 1044 386 1070 manorum
422 1031 636 1082 pignorum
666 1032 771 1070 ratio
802 1044 883 1070 non
921 1032 1098 1080 constat,
1127 1030 1205 1071 rsed
1241 1029 1552 1082 pronuntiatum

176 1092 305 1142 liquet
329 1093 411 1130 utri
437 1105 483 1130 ex
507 1091 622 1130 nobis
647 1092 806 1131 facilior
831 1093 884 1131 sit
908 1091 1097 1142 inpietas,
1128 1092 1219 1132 uter
1242 1092 1358 1131 iuxta
1382 1089 1551 1130 alterius
1571 1102 1607 1130 15

176 1152 410 1204 languorem
447 1164 634 1202 suprema
665 1165 745 1192 non
781 1152 934 1192 fecerit.
995 1154 1043 1192 tu
1074 1152 1241 1191 unicum
1274 1150 1422 1192 cotidie
1459 1163 1552 1202 pro-

176 1212 340 1251 turbare
372 1213 527 1252 conaris
553 1226 573 1251 e
600 1213 729 1263 domo,
760 1213 885 1252 velles
915 1212 1099 1264 inopiam
1120 1225 1265 1262 meam,
1296 1212 1420 1252 velles
1446 1212 1551 1262 aspi-

177 1286 264 1312 cere
295 1273 534 1323 squalorem.
598 1286 671 1324 ego
704 1274 860 1312 osculor
891 1273 982 1312 illas
1016 1273 1252 1324 expellentis
1283 1285 1445 1323 manus,
1477 1285 1551 1324 ego

178 1333 385 1373 abicientis
423 1346 552 1384 genua
589 1335 705 1372 teneo
750 1335 790 1372 et
827 1334 878 1374 ad
916 1336 1075 1385 patrem
1114 1334 1184 1384 qui
1214 1346 1278 1375 me
1316 1335 1403 1373 tam
1436 1334 1552 1373 nota÷

175 1393 312 1432 biliter
343 1392 439 1443 odit,
470 1406 550 1432 non
581 1394 708 1433 habeo
742 1407 811 1433 cur
842 1395 964 1434 velim
988 1394 1137 1444 redire,
1169 1395 1205 1434 si
1234 1407 1317 1434 non
1348 1406 1472 1435 amor.
1570 1405 1609 1433 »ο

132 1456 150 1492 7
268 1454 524 1493 Praevaleret
560 1454 733 1494 nominis
770 1455 831 1493 tui
876 1455 1059 1495 fortassis
1098 1454 1339 1504 auctoritas,
1383 1455 1417 1494 si
1461 1466 1552 1494 con·

176 1515 303 1553 tentio
342 1516 479 1554 nostra
517 1515 711 1566 coepisset
750 1528 773 1554 a
810 1528 975 1555 veneno.
1038 1516 1323 1566 consumpsisti
1360 1513 1553 1566 quicquid

178 1576 249 1623 est,
269 1574 375 1624 quod
399 1577 585 1625 parentes
611 1576 660 1614 ab
687 1576 866 1615 omnium
892 1577 1086 1616 scelerum
1112 1575 1341 1627 suspicione
1359 1574 1550 1615 defendit.

177 1647 258 1673 non
293 1634 413 1674 habet
454 1637 571 1685 pater
608 1636 713 1674 unde
757 1637 1019 1686 parricidium
1059 1637 1107 1676 de
1151 1636 1236 1677 filio
1275 1635 1429 1686 credat,
1472 1636 1552 1675 nisi

179 1707 296 1744 quem
321 1698 456 1745 posset
481 1696 668 1735 occidere.
718 1710 781 1735 me
809 1697 982 1748 quidem,
1006 1700 1136 1748 pater,
1169 1699 1210 1737 et
1233 1696 1407 1736 infelicis
1431 1696 1552 1736 huius
1570 1708 1608 1736 25

177 1755 445 1804 persuasionis
471 1757 773 1806 simplicitatem
805 1759 839 1796 si
866 1758 955 1808 quis
980 1759 1214 1810 interroget,
1245 1770 1318 1797 nec
1344 1770 1368 1796 a
1392 1758 1433 1796 te
1458 1770 1551 1808 par-

177 1815 363 1853 ricidium
386 1815 474 1854 fieri
503 1828 618 1866 posse
651 1817 767 1856 credo
798 1819 878 1857 nisi
903 1831 991 1858 meo
1017 1831 1182 1858 veneno.
1233 1819 1389 1857 facinus
1413 1818 1552 1857 tamen

178 1876 220 1913 in
259 1875 440 1914 omnibus
476 1877 707 1916 incredibile
745 1878 979 1930 pignoribus
1017 1879 1142 1918 nullis
1180 1873 1391 1918 'difficilius
1430 1891 1552 1929 quam

177 1934 314 1974 liberis
356 1937 466 1986 puto.
529 1950 600 1976 vos
639 1938 769 1978 adhuc
812 1940 856 1978 in
896 1952 1083 1990 suprema
1126 1941 1266 1980 nostra
1306 1938 1554 1991 praecipitat

275 2031 293 2062 1
328 2026 433 2074 fugio
459 2039 504 2064 ex
528 2027 607 2064 fuio
633 2035 671 2063 Β
791 2033 811 2063 2
845 2030 955 2065 credo
981 2037 1051 2065 BV
1168 2029 1271 2076 quod
1296 2030 1364 2066 del.
1389 2029 1453 2067 Gr.

178 2103 200 2134 5
231 2088 347 2135 venet>
372 2106 410 2134 Β
530 2103 550 2134 6
583 2101 622 2135 et
646 2115 670 2135 α
792 2105 813 2136 9
845 2113 942 2149 nego
968 2109 1048 2138 ΒΜ
1168 2107 1212 2138 10
1237 2102 1486 2149 parricidium
1512 2108 1556 2137 Μ

179 2151 222 2183 11
249 2147 344 2184 mihi
370 2147 523 2193 quidem
550 2157 570 2191 β
641 2151 751 2195 pater
776 2149 858 2187 Sch.
945 2154 988 2186 12
1016 2151 1247 2187 defensionis
1271 2157 1300 2186 V
1382 2154 1427 2188 14
1450 2150 1553 2187 ratio

177 2230 245 2256 om.
261 2228 283 2263 β
344 2223 387 2255 15
408 2220 507 2256 uter:
527 2221 627 2257 uteri
641 2228 692 2266 Β;
712 2221 828 2258 vitari
846 2229 875 2256 V
933 2226 976 2258 17
995 2199 1144 2259 vtlesB
1205 2227 1250 2260 18
1271 2222 1504 2270 expellentes
1519 2229 1559 2258 P

180 2295 224 2327 19
249 2291 431 2328 nobiliter
454 2299 482 2327 V
587 2297 633 2329 20
658 2269 780 2330 habeo
805 2300 843 2329 Β
945 2306 1029 2331 amo
1059 2296 1123 2332 Gr.
1232 2300 1276 2332 21
1303 2295 1364 2332 vel
1383 2299 1471 2342 post
1492 2295 1553 2331 tui

179 2376 265 2432 add:
285 2382 330 2412 Μ
408 2380 453 2432 24
479 2352 579 2421 ἓξὲξ
604 2377 722 2414 habet
746 2385 775 2413 V
849 2382 895 2414 25
921 2380 1030 2425 patet
1055 2386 1106 2425 M,
1132 2392 1224 2418 corr.
1245 2395 1305 2426 ηις
1331 2382 1370 2418 et
1395 2391 1463 2417 om.
1485 2387 1560 2423 βγεν

179 2429 224 2461 28
250 2437 291 2461 1n
316 2424 508 2461 omnlbus:
535 2426 702 2462 moribus
728 2433 765 2462 P
860 2427 1069 2464 difficillius
1094 2435 1132 2465 Β
