1638 2560
485 131 805 168 DECLAMATIO
831 131 901 167 XII
921 135 1026 167 7—9.
1355 131 1445 175 225

66 247 236 297 abierat,
265 248 308 287 et
335 247 585 286 frumentum
614 247 765 287 totiens
797 245 875 287 sibi
904 243 1058 287 frustra
1088 248 1331 298 promissum
1360 247 1445 286 ani-

65 320 155 348 mus
185 308 269 347 iam
298 320 350 347 ne
379 320 525 359 cupere
558 307 722 358 quidem
753 306 945 358 audebat,
977 307 1103 347 subiit
1131 308 1246 347 furor
1276 310 1318 347 et
1348 307 1446 346 alie-

65 369 179 408 natio
208 368 369 418 mentis,
401 369 443 407 et
471 369 561 407 tota
592 368 657 407 sui
682 368 841 407 arbitrii
871 368 999 407 fames
1030 369 1140 407 facta
1165 369 1236 408 est.
1288 368 1446 408 animus

65 429 185 468 malis
216 428 459 481 der-ignerat,
491 441 534 468 os
566 428 742 468 insolitis
773 428 873 468 cibis
906 428 1106 480 stupebat,
1137 429 1234 469 feris
1265 429 1446 468 invidere

30 505 48 533 5
67 490 280 540 coepimus.
342 489 474 540 primo
505 491 642 528 tamen
673 489 817 528 furtim
848 491 888 528 et
918 490 1028 529 intra
1059 502 1152 530 suas
1184 491 1357 541 quisque
1388 490 1447 528 la-

65 550 202 590 tebras
233 549 398 590 admisit
426 550 503 589 hoc
536 551 773 599 monstrum,
804 551 857 600 et,
888 550 923 590 si
952 550 1076 601 paulo
1109 550 1227 590 citius
1259 551 1448 600 venisses,

67 611 267 663 potuisset
294 609 371 650 hoc
402 612 553 663 negari.
605 611 640 650 si
672 612 743 661 qui
774 623 823 649 ex
853 612 987 663 strage
1014 623 1227 662 corporum
1253 611 1448 660 defuerat,

68 671 272 723 sepultum
302 671 563 723 putabamus,
601 684 674 710 nec
704 673 842 710 tamen
873 671 1072 711 indicavit
1103 671 1337 722 quisquam,
1375 683 1449 711 nec

68 731 332 783 deprehendit
350 732 509 782 aliquis.
559 744 676 771 nemo
701 733 748 770 ut
773 732 848 771 hoc
873 733 1025 772 faceret
1056 733 1237 784 exemplo
1262 733 1447 783 inpulsus

13 807 50 836 ιο
67 793 146 843 est,
183 804 225 832 se
264 794 435 844 quisque
473 792 628 842 docuit,
665 805 802 832 omnes
835 794 935 832 scire
971 794 1193 844 coepimus,
1231 787 1450 844 postquam

67 865 205 893 omnes
240 853 420 892 fecimus.
484 853 669 903 quotiens
700 854 856 903 tamen,
890 855 1107 905 antequam
1138 853 1374 905 inciperem,
1405 854 1450 893 in

67 915 232 964 portum
257 912 443 953 cucurri?
469 913 662 964 quamdiu
686 915 730 952 in
755 914 885 953 altum
908 915 1101 964 intentus,
1128 914 1162 954 si
1185 927 1290 965 quae
1317 915 1450 954 essent

66 975 112 1013 in
143 977 360 1025 conspectu
389 987 524 1025 naves,
557 975 694 1014 oculos
726 973 929 1026 fatigavi?
990 975 1079 1025 tibi,
1111 975 1257 1027 legate,
1288 976 1448 1025 tempus

68 1034 228 1074 differre
258 1035 377 1074 facile
404 1036 465 1074 est
490 1035 561 1086 qui
589 1037 703 1074 tuam
734 1036 895 1074 tantum
925 1037 1085 1087 partem
1110 1048 1192 1075 non
1217 1035 1447 1075 vendidisti.

13 1109 49 1138 ιη
66 1096 115 1134 tu
139 1108 259 1147 quem
288 1095 438 1135 habeas
464 1095 571 1134 diem
595 1095 758 1146 videris,
790 1109 864 1149 ego
890 1096 1108 1147 septimum
1133 1098 1343 1147 expectare
1367 1109 1450 1136 non

67 1168 244 1207 possum.

158 1216 268 1269 Ergo
286 1216 421 1255 rabidi
439 1229 561 1268 supra
580 1217 779 1257 cadavera
803 1218 1058 1257 incubuimus
1078 1219 1120 1257 et
1139 1218 1286 1258 clausis
1308 1218 1447 1268 oculis,
1473 1218 1499 1256 9

69 1277 186 1327 quasi
203 1277 313 1318 visus
339 1279 584 1317 conscientia
610 1278 790 1318 acerbior
810 1280 924 1328 esset,
943 1281 1033 1318 tota
1058 1291 1226 1330 corpora
1250 1278 1449 1318 morsibus

69 1338 398 1389 consumpsimus.
461 1339 570 1378 subit
600 1339 764 1378 interim
800 1339 943 1378 horror
973 1352 1021 1378 ex
1057 1340 1165 1379 facto
1199 1341 1239 1378 et
1269 1339 1451 1378 taedium

12 1413 51 1440 ao
69 1410 117 1437 ac
154 1398 370 1438 detestatio
408 1399 470 1438 sui
508 1401 550 1438 et
586 1400 784 1450 planctus.
847 1400 917 1439 sed
948 1412 1040 1439 cum
1079 1399 1129 1439 ab
1167 1399 1356 1439 infaustis
1388 1400 1449 1438 fu-

70 1459 202 1510 gimus
234 1459 345 1509 cibis,
376 1460 461 1498 urit
490 1460 640 1499 iterum
670 1459 810 1509 fames,
841 1462 882 1499 et
914 1459 1022 1511 quod
1047 1460 1166 1500 modo
1193 1474 1239 1499 ex
1266 1473 1333 1499 ore
1358 1473 1450 1511 pro-

68 1519 248 1570 iecimus,
279 1519 553 1572 colligendum
585 1522 655 1560 est.
718 1533 824 1559 nunc
854 1521 956 1559 mihi
991 1521 1064 1559 issa
1099 1521 1217 1560 foeda
1249 1520 1451 1571 videntur,

69 1592 176 1619 nunc
207 1580 495 1630 abominanda,
526 1581 650 1620 laceri
681 1583 795 1621 artus
827 1583 868 1621 et
898 1581 1052 1621 nudata
1087 1594 1178 1622 ossa
1209 1583 1251 1621 et
1283 1581 1451 1632 abrepta

70 1642 161 1680 cute
185 1641 296 1680 intus
322 1653 466 1680 cavum
491 1643 641 1692 pectus.
693 1654 799 1681 nunc
825 1644 1040 1682 occurrunt
1065 1643 1190 1683 effusa
1214 1642 1451 1693 praecordia.

15 1714 52 1742 2⁵
70 1702 112 1739 et
135 1700 286 1740 lividae
306 1714 445 1741 carnes
466 1703 507 1741 et
531 1715 762 1753 expressum
788 1702 974 1743 dentibus
1000 1703 1141 1742 tabum
1167 1705 1208 1742 et
1233 1703 1451 1743 exhaustae

71 1761 226 1801 ossibus
263 1761 476 1801 medullae.
540 1764 780 1813 quantulum
819 1764 927 1802 enim
957 1765 1135 1815 corporis
1170 1764 1298 1803 fames
1330 1764 1449 1803 relin-

70 1820 250 1872 quebat?
299 1836 405 1863 nunc
435 1823 539 1862 illud
569 1823 712 1864 horreo
744 1826 916 1875 tempus,
947 1825 983 1864 si
1009 1824 1170 1875 quando
1202 1826 1276 1864 aut
1307 1837 1450 1864 manus

168 1967 189 1998 2
223 1962 379 2009 quidem
403 1963 447 1998 in
471 1975 544 2000 ras.
572 1969 600 1997 V
699 1967 720 1998 3
753 1963 920 1999 arbitrii:
947 1963 994 1999 -ii
1019 1965 1061 1999 in
1086 1975 1160 2000 ras.
1181 1970 1234 2009 Β;
1268 1964 1403 2000 arbitri
1429 1970 1458 1999 V

70 2013 94 2045 4
120 2010 333 2057 diriguerat
357 2018 430 2055 Vpd·
537 2011 648 2048 cibis:
675 2012 690 2047 i
715 2013 758 2048 in
781 2024 862 2049 ras..
883 2014 942 2058 (ex
967 2012 1087 2058 cibus)
1113 2019 1151 2048 Β
1259 2016 1280 2048 5
1307 2013 1407 2048 inter
1433 2021 1452 2055 β

72 2062 92 2094 7
119 2060 213 2105 quid
238 2066 306 2095 VM
329 2062 433 2106 (cm-r.
460 2062 502 2096 in
529 2060 594 2105 qui
616 2061 676 2106 V);
703 2060 787 2106 quis
815 2069 862 2103 βα*
933 2072 979 2097 ex
1008 2062 1118 2108 trage
1143 2067 1213 2096 Β]
1234 2062 1266 2107 (s
1290 2073 1393 2107 supr.
1414 2062 1451 2106 ὁ)

71 2110 94 2143 8
120 2119 197 2143 non
222 2119 291 2144 nec
316 2115 344 2143 V
462 2112 482 2143 9
510 2108 583 2144 hac
608 2115 660 2154 Β,
687 2120 708 2144 o
733 2121 835 2155 supr.
857 2117 880 2144 b
1006 2113 1047 2144 11
1082 2109 1205 2145 omnis
1231 2109 1391 2145 fecimus
1416 2115 1455 2144 Β

73 2158 118 2191 14
145 2155 296 2192 differre
322 2168 367 2193 ex
392 2156 543 2192 differte
569 2163 612 2192 Μ
694 2158 859 2193 vendisti
886 2164 928 2193 Μ
1025 2162 1068 2193 15
1096 2158 1300 2204 septimum
1326 2160 1365 2193 et
1390 2168 1451 2193 ex-

71 2241 226 2286 pectare
250 2247 356 2277 mm
451 2245 497 2278 20
523 2253 584 2278 ac:
608 2215 652 2286 a?
679 2248 708 2276 V
799 2242 949 2288 plactus
976 2248 1013 2297 Β
1108 2242 1304 2278 infaustis:
1338 2241 1450 2277 -ustis

71 2313 222 2358 scripsit
246 2321 270 2348 b
380 2318 424 2350 21
459 2326 533 2360 quo
554 2321 622 2350 Β]
716 2316 805 2362 ore}
836 2321 864 2349 V
943 2303 1090 2364 gneiein'i
1108 2321 1146 2350 Β
1255 2319 1299 2350 23
1333 2314 1451 2349 abho-

73 2384 255 2420 minanda
286 2393 315 2421 V
395 2375 528 2433 aiepta
554 2394 597 2423 Μ
686 2391 732 2423 24
756 2399 854 2423 none
880 2394 925 2430 B,
952 2399 978 2422 u
1003 2399 1103 2433 supr.
1126 2394 1149 2421 b
1248 2390 1292 2422 25
1321 2397 1451 2422 carnes

74 2442 293 2479 expressum
318 2441 398 2470 ΒΜ

147 2500 362 2533 varuum
382 2509 655 2530 nsenauanoxns
675 2503 722 2531 ed.
742 2503 767 2528 L
776 2510 791 2529 e
799 2503 818 2528 h
827 2511 847 2529 n
856 2511 871 2529 e
880 2511 894 2529 r
902 2506 922 2529 t.
1189 2500 1231 2531 15
