1638 2560
486 82 805 120 DECLAMATIO
831 82 902 119 ΧΠ
922 86 1077 121 13-15,
1386 83 1474 126 231

91 201 297 249 raverunt,
329 212 411 239 non
435 211 529 239 aves
555 198 793 250 attigerunt,
826 200 867 238 et
891 200 1029 238 tamen
1055 197 1253 238 cadavera
1277 197 1475 237 mortibus

93 260 356 300 adnumerare
388 272 470 300 non
501 271 724 310 possumus.
787 260 890 299 citra
922 272 1035 310 spem
1069 258 1374 299 convalescendi
1406 258 1474 297 ad-

91 321 194 361 flicti
230 332 386 371 sumus,
423 321 547 360 immo
585 319 710 359 etiam
748 321 853 359 citra
890 321 1042 359 votum.
1104 320 1270 372 gravior
1305 320 1350 358 in
1390 317 1475 358 dies

91 381 192 421 facti
221 380 474 432 paenitentia
505 383 577 430 est,
609 380 736 431 pudet
765 381 887 430 vitae,
919 381 1051 420 lucem
1083 393 1130 419 ac
1161 379 1294 420 sidera
1324 380 1476 419 intueri

55 455 72 483 5
91 455 174 482 non
204 441 351 492 audeo,
389 441 537 482 cotidie
574 441 710 481 felices
749 442 929 481 mortuos
969 442 1099 480 clamo
1138 442 1179 480 et
1215 440 1348 480 malae
1383 452 1474 480 con-

91 503 284 545 scientiae
315 502 470 542 facibus
497 503 678 555 agitatus
703 502 807 540 nihil
838 502 1085 541 fortunatius
1116 502 1160 540 in
1191 503 1357 541 aeterna
1382 501 1475 540 sede

90 565 311 614 utcmque
330 563 562 614 compositis
581 564 701 614 put03
721 563 819 602 adeo
833 575 941 602 mors
961 562 1107 614 placet.
1138 561 1222 601 iam
1236 561 1362 602 etiam
1374 561 1475 601 cibis

90 624 239 664 nostris
269 623 444 676 invideo,
474 624 696 675 praeterita
721 623 876 673 differo,
905 624 996 674 ipsa
1021 637 1069 662 ex
1094 622 1221 662 nimia
1250 623 1475 674 cupiditate

89 686 208 724 nocet
231 684 523 734 habundantia,
550 684 798 724 desideratos
824 684 895 723 diu
920 684 1029 724 cibos
1056 683 1173 723 avide
1198 683 1406 723 haurimus
1433 685 1474 723 et

35 758 71 787 ιο
89 745 239 786 lassam
255 745 406 785 famem
418 746 635 785 saturitate
649 745 961 798 strangulamus.
993 745 1189 784 morimur
1202 744 1335 784 adhuc
1350 745 1475 783 etiam

87 806 292 846 frumento
323 808 406 845 tuo.
458 807 574 857 atqui
605 807 761 845 ceterae
791 805 1038 856 reipublicae
1072 806 1209 856 partes
1242 818 1345 856 quae
1378 807 1473 844 sunt
1494 805 1545 843 15

89 866 142 907 ad
172 879 290 906 usum
321 867 464 918 populi
496 868 773 917 comparatae,
805 868 846 905 et
883 867 1034 906 leviore
1060 878 1152 905 cum
1183 866 1323 905 damni
1354 877 1472 905 sensu

87 929 260 978 pereunt
290 929 331 967 et
361 927 480 967 facile
510 927 733 967 remedium
765 927 981 977 accipiunt,
1015 939 1105 966 cum
1130 928 1313 977 reparari
1343 927 1473 977 possit

88 989 293 1028 amissum.
345 1001 468 1039 opera
495 989 722 1038 restituam,
754 988 957 1027 aerarium
981 987 1157 1038 replebo,
1189 1000 1326 1037 naves,
1358 1000 1471 1026 arma

33 1061 68 1089 1⁵
86 1047 282 1091 reficiam:
319 1048 386 1089 hic
423 1049 570 1088 vulnus
609 1048 806 1088 altissime
845 1050 1052 1100 penetrat,
1095 1048 1162 1087 hic
1199 1050 1290 1099 ipsa
1327 1048 1472 1088 vitalia

86 1109 301 1159 feriuntur,
332 1109 413 1149 ubi·
433 1110 608 1161 populus
640 1110 738 1159 ruit,
770 1109 840 1148 ubi
871 1110 1073 1149 continuis
1106 1109 1314 1148 funeribus
1341 1109 1470 1148 omnis

86 1182 203 1210 sexus
242 1171 364 1221 atque
402 1172 515 1210 aetas
561 1170 684 1210 semel
722 1170 926 1210 sternitur.
991 1170 1186 1209 exhausta
1224 1171 1286 1210 est
1326 1169 1470 1209 civitas

86 1232 127 1271 et
158 1231 362 1271 desolatae
395 1231 555 1281 domus,
592 1231 710 1270 triste
742 1230 921 1271 florentis
955 1230 1158 1281 quondam
1189 1230 1377 1270 fortunae
1409 1231 1470 1269 in-

85 1291 248 1341 dicium,
273 1291 356 1331 laxi
380 1292 498 1331 muri.
543 1305 666 1343 quam
691 1292 812 1331 multi
836 1292 879 1330 in
906 1291 1071 1331 civitate
1096 1293 1236 1331 nostra
1261 1291 1469 1342 perierint,

29 1365 67 1394 20
86 1351 308 1403 quaeritis?
370 1353 538 1391 minima
571 1352 734 1403 quidem
771 1353 905 1403 portio
939 1354 1017 1402 est,
1056 1351 1126 1391 sed
1158 1353 1284 1391 etiam
1316 1365 1362 1391 ex
1394 1352 1469 1391 hoc

84 1413 268 1465 intellegi
298 1414 445 1464 potest,
477 1414 669 1453 esurienti
699 1413 852 1464 populo
884 1413 983 1452 satis
1015 1413 1191 1452 fuerunt.

174 1473 401 1513 Plurimum
420 1475 561 1526 tamen
587 1475 757 1513 interest
777 1473 977 1524 quomodo
997 1473 1201 1524 perierint,
1222 1473 1319 1512 felix
1342 1473 1467 1524 pesti-

84 1534 228 1584 lentia,
266 1535 364 1574 felix
402 1530 649 1585 proeliorum
687 1536 861 1586 strages,
901 1534 1073 1585 denique
1106 1534 1235 1574 omnis
1267 1546 1375 1574 mors
1407 1534 1467 1573 fa-

85 1594 191 1635 cilis:
222 1595 349 1635 fames
380 1607 522 1646 aspera
547 1595 690 1634 vitalia
721 1595 871 1644 haurit,
903 1594 1140 1645 praecordia
1166 1595 1309 1646 carpit,
1342 1595 1468 1634 animi

29 1667 65 1696 25
83 1657 348 1705 tormentum,
387 1656 564 1706 corporis
602 1655 735 1706 tabes,
772 1656 969 1708 magistra
1000 1655 1212 1707 peccandi,
1251 1646 1467 1696 dhrissima

83 1717 406 1766 necessitatium,
451 1716 745 1756 deformissima
794 1717 1005 1756 malorum.
1068 1716 1167 1755 haec
1211 1716 1263 1756 ad
1313 1716 1466 1755 humile

83 1788 183 1827 opus
203 1776 358 1817 nobiles
376 1789 519 1816 manus
539 1778 681 1827 mittit,
706 1777 805 1816 haec
827 1777 970 1817 alienis
995 1776 1165 1828 pedibus
1190 1777 1464 1817 mendicantes

82 1838 315 1888 prosternit,
346 1838 444 1877 haec
477 1850 595 1889 saepe
627 1837 827 1877 sociorum
858 1838 979 1877 fidem
1010 1838 1146 1890 fregit,
1180 1837 1278 1877 haec
1311 1850 1465 1877 venena

81 1898 243 1949 populis
268 1898 428 1949 publice
454 1898 578 1949 dedit,
596 1899 694 1938 haec
718 1900 761 1938 in
786 1898 1050 1950 parricidium
1075 1899 1163 1950 pios
1190 1898 1283 1951 egit.
1336 1898 1465 1938 adhuc

180 2078 197 2110 1
227 2075 265 2110 et
289 2075 419 2110 tamen
445 2085 512 2111 om.
536 2080 585 2119 M,
611 2086 712 2121 supr.
733 2089 775 2110 m
861 2074 976 2111 morti
1005 2074 1089 2119 Gr.;
1115 2074 1275 2110 mortuis
1302 2075 1463 2110 Almelo-

80 2123 228 2159 veenius
338 2127 359 2158 2
386 2123 717 2170 adnumeraffirare
743 2123 892 2170 (incipit
915 2124 979 2168 fol.
997 2124 1059 2169 75)
1079 2129 1116 2158 Β
1232 2126 1251 2158 7
1279 2123 1415 2169 positis
1442 2129 1469 2157 ι’

83 2173 104 2205 9
131 2170 370 2207 abundantia
396 2178 465 2207 Md
583 2171 650 2207 diu
675 2183 743 2208 om.
764 2178 807 2207 M
921 2175 965 2207 10
991 2171 1276 2218 transgulamus
1302 2177 1370 2206 VJ!

83 2221 126 2254 11
161 2229 275 2264 quae:
304 2220 330 2266 (ἶ
354 2226 382 2254 Γ
502 2223 544 2256 12
577 2219 695 2256 levior
721 2220 835 2256 edum
861 2220 992 2255 damni
1018 2226 1070 2264 B;
1100 2219 1239 2256 leviore
1267 2219 1397 2254 damni
1424 2226 1467 2254 M

82 2266 135 2314 (in
161 2267 247 2303 aliis
278 2267 330 2304 hf
348 2268 489 2304 leviore
521 2272 548 2304 c-
575 2269 699 2315 dapno
725 2283 768 2303 m
799 2269 842 2304 in
867 2270 996 2315 mary.)
1124 2272 1166 2303 13
1200 2269 1383 2314 pereunte
1410 2274 1461 2311 B3

80 2318 281 2361 pereuntes
308 2323 351 2352 Μ
448 2320 492 2353 15
518 2317 701 2353 refaciam
725 2323 763 2352 Β
861 2321 903 2352 19
931 2316 1139 2364 Ρθτὶθτίξιιῒ
1165 2323 1204 2361 ¹⁷3
1231 2318 1317 2351 -unt
1336 2323 1368 2351 J

82 2390 128 2423 20
154 2389 227 2424 est:
255 2391 427 2436 superest
454 2398 476 2425 ς’
568 2393 612 2425 26
638 2389 909 2425 necessitatum
935 2396 987 2425 nr
1083 2392 1127 2424 28
1155 2377 1251 2434 1333st
1280 2395 1306 2422 ι’
