1638 2560
483 84 802 122 DECLAMATIO
829 85 864 122 V
883 89 1037 121 21—23.
1364 85 1451 128 109

74 203 273 254 quantum
308 201 438 251 voles,
479 198 691 240 effractum
728 213 945 250 carcerem,
984 202 1125 252 ruptas
1167 202 1348 249 catenas,
1389 200 1452 240 vis

75 264 176 303 scire
206 261 304 314 quid
334 262 592 314 neglegentes
622 261 763 301 feeerit
788 274 1027 312 securosque
1058 260 1242 312 piratas?
1291 273 1452 311 accepe-

74 325 170 363 rant
196 323 374 374 pretium
406 322 586 362 duorum.

166 383 386 435 Intellegit,
417 383 583 432 iudices,
615 385 656 422 et
687 383 771 434 ipse
803 382 972 432 iuvenis,
1003 395 1084 422 non
1110 395 1194 422 esse
1221 395 1262 422 se
1288 382 1453 422 calami-

28 458 60 486 .5
78 445 228 485 tatium
263 445 495 484 nostrarum
531 444 713 483 iustitiae
750 456 907 494 parem,
943 445 984 482 et
1014 444 1072 482 sic
1104 445 1208 495 agit,
1244 445 1456 493 tamquam

79 505 186 544 aler'e
222 517 303 544 non
340 504 494 544 debeat.
555 505 695 555 itaque
734 505 930 543 transfert
966 505 1009 542 in
1052 504 1128 543 hoc
1171 504 1455 553 defensionem,

78 567 126 612 ut
154 577 271 617 posse
303 577 344 604 se
375 567 506 617 neget.
570 565 670 615 quid
701 564 848 615 dicitis,
879 563 1058 604 iudices?
1120 564 1257 603 feretis
1288 564 1365 603 hoc
1396 563 1456 603 di-

78 627 235 666 centem
259 626 444 665 iuvenem
463 638 628 676 corpore
655 628 776 676 atque
803 627 937 665 aetate
963 625 1186 664 robustum.
1227 638 1308 664 non
1323 625 1456 678 ⁶habes

80 699 188 738 opes,
219 686 291 726 sed
319 686 510 736 membra,
543 686 612 726 sed
637 686 753 727 vires.
805 700 899 725 nam
923 699 1053 736 neque
1080 699 1154 738 ego
1180 685 1360 725 laborem
1383 698 1458 724 nec

26 761 62 788 ιο
81 746 265 788 difficiles
301 759 423 798 posco
462 749 647 797 conatus,
680 749 890 786 contentus
929 760 1034 797 sum,
1065 747 1234 796 iuvenis,
1266 747 1313 785 ut
1344 747 1456 785 velis.

80 808 189 848 cibos
237 821 302 847 me
348 820 513 858 poscere
561 806 711 858 putas?
790 807 975 847 humeros
1021 807 1166 858 quibus
1216 806 1457 856 incumbam,

79 881 224 918 mnus
256 881 356 919 quas
388 868 485 908 eliso
514 868 668 919 pectori
700 881 912 919 apponam,
944 869 1068 918 sinus,
1100 869 1144 907 in
1170 880 1271 919 quos
1297 880 1459 920 egeram

81 930 366 969 exhaustarum
401 929 594 979 reliquias
634 930 910 978 lacrimarum,
955 931 1001 968 ut
1038 929 1226 980 sepelias,
1270 930 1316 967 ut
1359 928 1459 966 haec

82 1002 174 1030 cum
209 989 347 1029 miseri
382 990 495 1028 illius
533 989 720 1029 membris
753 1002 843 1029 ossa
875 1002 1088 1040 conponas.
1152 1002 1233 1028 non
1265 989 1458 1028 alimenta

28 1063 63 1091 15
84 1063 245 1102 quaero,
276 1050 346 1090 sed
376 1050 515 1089 filium.
580 1049 706 1100 quid?
740 1049 848 1101 quod
878 1064 928 1089 ne
961 1063 1083 1103 grave
1114 1050 1363 1102 longumque
1394 1062 1458 1088 su-

81 1124 243 1164 premae
292 1112 458 1162 pietatis
510 1112 704 1164 exigimus
755 1109 960 1150 officium?
1020 1124 1100 1150 non
1150 1110 1220 1149 diu
1269 1111 1459 1160 viverem,

83 1172 243 1211 etiamsi
273 1185 337 1211 me
369 1171 447 1211 duo
477 1173 709 1222 pasceretis.
772 1184 932 1211 securus
965 1173 1037 1222 sis,
1068 1172 1183 1210 brevi
1214 1174 1254 1210 te
1287 1172 1459 1223 gemitus

82 1232 165 1272 mei
187 1232 430 1283 liberabunt,
450 1232 621 1272 assiduis
645 1232 875 1284 planctibus
903 1232 1137 1272 everberata
1162 1232 1316 1271 vitalia.
1363 1231 1460 1282 quid

83 1307 147 1333 me
178 1293 352 1332 remittis
385 1293 437 1332 ad
467 1292 658 1332 turbam?
720 1292 819 1343 quid
850 1293 949 1332 facis
981 1306 1118 1332 rursus
1151 1292 1335 1331 omnibus
1368 1305 1460 1343 gra-

30 1367 66 1394 20
84 1352 204 1394 vem?
253 1353 480 1404 consumpsi
505 1354 635 1404 fietus,
667 1354 923 1392 clementiam
949 1353 1126 1393 civitatis
1153 1354 1328 1392 exhausi.
1380 1366 1462 1391 non

85 1415 163 1454 alit
204 1415 376 1465 populus
422 1414 625 1454 hominem
667 1427 786 1464 quem
825 1427 989 1464 pascere
1033 1414 1139 1453 filius
1171 1414 1299 1452 debet.
1364 1412 1462 1463 quid

85 1475 165 1514 sibi
194 1475 284 1514 vult
313 1474 411 1514 haec
444 1475 576 1514 aliena
608 1475 907 1514 calamitatibus
939 1476 1101 1524 nostris,
1133 1475 1266 1513 aliena
1297 1473 1462 1513 virtuti-

84 1535 159 1574 bus
202 1536 303 1586 tuis,
346 1536 525 1586 iuvenis,
571 1534 797 1586 asperitas?
868 1535 1072 1575 abstulisti
1115 1535 1216 1573 mihi
1259 1535 1462 1574 malorum

87 1608 245 1647 quoque
276 1609 456 1635 meorum
487 1596 779 1635 verecundiam.
843 1596 1035 1647 quicquid
1065 1596 1276 1645 faciebam,
1310 1595 1462 1634 mendi-

33 1670 68 1698 25
84 1658 189 1696 'citas
228 1658 306 1707 est,
345 1669 392 1695 ex
424 1670 501 1707 quo
539 1669 721 1696 reversus
760 1669 813 1696 es.
876 1657 995 1695 durat
1031 1657 1075 1695 in
1107 1661 1291 1706 suscepto
1329 1657 1462 1708 rigore

86 1717 245 1757 iuvenis
290 1718 330 1756 et
375 1717 426 1756 ad
469 1717 784 1756 misericordiam
822 1730 903 1757 non
946 1717 1140 1757 memoria
1183 1717 1341 1766 fratris,
1382 1729 1463 1755 non

87 1779 216 1830 patris
249 1778 587 1827 contemplatione
620 1777 854 1818 deflectitur.

178 1838 434 1879 Exclamaret
465 1839 569 1878 alius
599 1839 675 1878 hoc
705 1839 811 1878 loco:
844 1852 890 1877 ex
922 1841 994 1878 tua
1024 1838 1102 1878 fide
1129 1837 1273 1889 dignus
1301 1837 1462 1889 quidem

89 1911 196 1949 eras,
239 1899 575 1949 impotentissime
613 1900 768 1951 generis
806 1900 989 1949 humani,
1029 1912 1147 1949 quem
1184 1900 1227 1937 in
1261 1900 1464 1938 tormenta

34 1973 71 2000 eo
88 1972 180 1998 mea
216 1959 472 2010 doloremque
509 1959 742 1999 redeuntem
779 1959 912 1999 vincla
947 1972 1084 1999 rursus
1124 1972 1170 1998 ac
1207 1972 1337 2010 poena
1379 1972 1463 1998 car-

89 2020 190 2060 ceris
223 2021 432 2071 exciperet.
489 2022 529 2059 et
559 2021 728 2060 insultes
758 2021 853 2060 huic
884 2021 1124 2060 confessioni
1155 2021 1263 2070 licet,
1295 2020 1464 2072 alligare

90 2093 171 2120 non
202 2092 376 2131 possum.
428 2081 527 2132 quid
551 2081 650 2120 mihi
675 2082 841 2120 miseras
866 2082 1053 2132 ultiones,
1086 2081 1183 2132 quid
1209 2081 1327 2120 triste
1352 2093 1463 2119 mon-

188 2199 210 2230 4
230 2206 311 2231 esse
331 2207 386 2232 se:
408 2198 534 2232 essent
546 2202 616 2231 BV
684 2196 946 2232 calamitatum
964 2203 1037 2239 Vssd
1106 2199 1150 2231 10
1172 2197 1410 2242 contemptus
1430 2202 1467 2230 B

88 2245 137 2280 11
163 2244 355 2280 humeros:
381 2256 556 2281 numeros
583 2254 603 2288 β
665 2249 751 2291 post
774 2245 950 2280 humeros
976 2245 1062 2280 add.
1084 2256 1197 2291 posco
1218 2253 1238 2287 β
1307 2248 1350 2279 13
1377 2244 1464 2279 reli-

91 2292 183 2339 quia
202 2299 230 2327 V
294 2296 339 2328 14
364 2305 450 2329 ossa
469 2305 569 2339 supr.
584 2300 621 2328 B
689 2297 731 2329 17
752 2294 856 2329 brevi
876 2295 930 2329 te:
952 2293 1135 2329 brevitate
1155 2299 1183 2327 V
1245 2296 1291 2328 20
1318 2292 1466 2327 exausit

91 2347 138 2385 B,
157 2341 298 2386 hsupr.
313 2349 336 2376 b
399 2346 443 2377 23
465 2342 631 2388 aperitas
650 2349 679 2376 V
732 2346 776 2377 25
799 2353 859 2377 ex:
882 2342 947 2377 sed
969 2356 993 2376 α
1053 2352 1108 2377 εει
1130 2342 1187 2377 est
1207 2349 1234 2375 ό·
1293 2344 1338 2376 28
1359 2342 1465 2375 tuam

92 2389 206 2425 fidem
236 2396 265 2424 V
357 2394 402 2426 32
428 2390 522 2426 mihi
548 2391 603 2427 bis
627 2397 665 2425 B
759 2390 978 2426 monstrasti
1006 2396 1054 2435 Μ,
1082 2390 1140 2426 vel
1166 2390 1215 2425 tis
1241 2401 1342 2435 supr.
1363 2403 1406 2423 m

1476 382 1526 419 22
