1638 2560
414 97 831 134 DEGLAMATIONES
856 98 1090 135 XV—XVII.
1354 101 1443 143 385

62 211 187 252 felix?
243 223 315 252 eur
337 212 540 252 redditam
564 213 684 252 modo
711 214 929 253 sanitatem
947 215 1080 265 rigore
1105 215 1254 254 nimiae
1281 216 1444 254 conten-

60 274 187 314 tionis
217 272 458 324 exasperas?
512 274 720 324 praedico,
751 275 897 324 testor,
929 276 1130 314 consumis
1163 275 1313 325 odium,
1344 289 1443 315 non-

62 333 160 374 dum
189 334 321 374 totam
351 336 527 374 mentem
563 336 625 374 vis
656 334 820 385 perfusa
850 335 1040 386 possedit.
1103 336 1233 375 adhuc
1265 327 1372 376 cii’ca
1403 339 1443 376 te

62 394 142 435 duo
172 396 340 435 maximi
369 396 554 434 rixantur
585 395 762 436 affectus.
825 396 976 435 adiuva
1005 397 1159 447 potius,
1192 397 1343 437 adiuva
1371 411 1443 448 po-

23 469 42 497 5
61 457 227 506 tionem,
256 455 383 497 donec
414 457 568 496 sanitas
598 458 732 495 totum
763 459 967 507 conponat
999 457 1214 496 hominem.
1277 460 1442 498 sanatus

61 529 122 566 es,
162 516 310 568 quodsi
349 518 492 556 contra
530 517 747 556 sanitatem
794 518 856 557 vis
901 518 1060 557 luctari.
1122 519 1323 569 imprecor
1365 519 1443 558 tibi

60 577 241 617 universi
264 590 464 618 summam
489 578 590 616 mali
615 591 737 628 quam
764 578 935 629 quaeris.
998 592 1153 629 pauper
1179 581 1233 619 sis
1260 581 1301 619 et
1333 593 1441 619 ames

60 650 354 689 quamcumque
385 640 636 677 meretricem
668 641 710 678 et
741 652 876 678 amare
909 652 989 678 non
1021 639 1191 679 desinas.

695 772 802 812 XVI.

5 869 41 896 ιο
150 857 342 896 Ιηκὶὒὶωιης
372 856 518 906 videte,
549 857 719 906 iudices,
750 857 1061 908 perplexitatem
1092 858 1278 898 miseriae
1308 871 1440 898 meae:

59 929 219 956 necesse
250 919 312 956 est
346 919 419 956 aut
453 918 629 956 amicum
662 918 890 968 relinquere
919 920 991 958 aut
1015 920 1199 958 matrem.
1263 921 1441 959 succurri

59 990 140 1016 non
170 978 305 1028 potest
336 977 509 1028 duobus,
549 979 717 1029 paratus
757 980 895 1018 tamen
933 992 1024 1019 sum
1062 979 1217 1020 duobus
1248 981 1440 1030 impendi.

59 1037 216 1078 excedit
246 1051 405 1078 omnem
437 1042 501 1079 etc.
535 1033 597 1093 (p.
624 1040 726 1086 291,
755 1033 842 1093 10).

141 1111 186 1148 p.
206 1100 308 1145 293,
331 1101 388 1138 14
406 1112 480 1150 pro
500 1100 735 1140 visitatione
753 1102 896 1140 matris
918 1113 1031 1140 meae
1052 1100 1251 1153 obligavit
1269 1113 1311 1140 se
1329 1102 1440 1141 iuve-

6 1173 40 1199 15
59 1161 123 1199 nis
149 1160 313 1200 amicus.
364 1159 553 1211 deceptus
580 1173 633 1210 es,
659 1174 682 1199 o
708 1161 848 1211 amice,
875 1163 945 1211 qui
969 1175 1033 1200 me
1060 1162 1232 1200 alterum
1257 1164 1298 1201 te
1323 1175 1441 1212 repu-

57 1221 192 1270 tabas,
233 1233 325 1259 cum
356 1233 482 1261 essem
521 1234 593 1273 ego
625 1221 793 1260 inferior
825 1222 933 1272 quod
962 1223 1108 1272 probat
1139 1235 1329 1262 recessus.
1394 1237 1440 1262 ex

57 1280 212 1321 duobus
252 1282 360 1320 enim
399 1282 530 1334 magis
572 1284 733 1321 amatur
773 1296 892 1332 quem
931 1284 1130 1333 tyrannus
1170 1285 1338 1333 paratus
1380 1286 1440 1323 est

57 1341 238 1394 alligare.
303 1355 327 1380 a
357 1343 499 1393 primis
532 1343 734 1382 aetatibus
772 1344 814 1381 in
847 1343 1014 1382 eandem
1056 1345 1278 1383 coieramus
1311 1346 1439 1383 vitam

56 1403 253 1453 tanquam
285 1415 352 1441 cor
382 1417 508 1441 unum
535 1405 575 1442 ct
606 1405 742 1442 anima
767 1417 860 1453 una,
893 1417 1048 1454 semper
1076 1404 1278 1443 individui
1309 1405 1439 1444 fuera-

3 1475 40 1502 ὀ
58 1475 159 1502 mus.
218 1464 415 1514 quantum
445 1463 535 1513 tibi,
567 1464 706 1514 amice,
738 1464 862 1503 debeo
884 1495 892 1502 .
915 1495 922 1502 .
945 1496 953 1503 .

141 1536 186 1573 p.
212 1525 314 1569 297,
343 1527 366 1562 1
400 1537 505 1563 nunc
532 1524 646 1563 adest
670 1527 830 1575 tempus
854 1527 1020 1576 propter
1046 1525 1154 1575 quod
1180 1528 1438 1566 convenimus

55 1584 99 1622 in
131 1584 368 1634 amicitiam,
400 1597 491 1624 cum
523 1585 689 1624 advenit
721 1585 955 1625 adversitas.

140 1657 185 1694 p.
212 1645 314 1691 298,
339 1646 396 1684 21
431 1658 454 1684 o
487 1647 639 1696 quanto
678 1646 825 1685 affectu
863 1649 904 1685 et
936 1659 1027 1686 cum
1057 1647 1235 1686 lacrimis
1276 1649 1438 1700 rogavit

56 1707 277 1755 tyrannum
309 1705 479 1756 amicus,
511 1708 558 1744 ut
588 1719 652 1745 me
683 1708 865 1746 mitteret
896 1707 947 1746 ad
978 1711 1150 1746 matrem
1181 1709 1223 1746 et
1252 1707 1341 1759 ipso
1373 1708 1437 1747 die

2 1778 38 1804 85
58 1765 276 1818 assignato,
308 1766 387 1805 nisi
411 1766 596 1816 redirem,
627 1769 790 1817 pararet
813 1767 998 1820 iugulum
1025 1770 1066 1807 et
1090 1769 1255 1807 interim
1278 1770 1322 1807 in
1348 1771 1436 1808 arto

57 1838 214 1866 carcere
238 1826 480 1866 truderetur.
531 1840 554 1866 o
582 1840 705 1877 quare
730 1826 852 1867 veni?
900 1830 1029 1868 testor
1054 1832 1119 1868 etc.
1146 1823 1205 1883 (p.
1224 1831 1326 1876 299,
1350 1824 1435 1883 12).

140 1899 185 1936 p.
211 1888 313 1933 299,
339 1889 398 1926 20
423 1887 640 1927 mirabitur
665 1889 805 1927 catena
830 1890 996 1940 tyranni
1021 1902 1125 1939 quae
1154 1890 1262 1928 ultra
1287 1892 1436 1930 mortes

57 1949 98 1986 et
128 1948 258 1987 maria
290 1961 330 1987 se
363 1948 553 1987 extendit.

683 2082 810 2121 XVII.

2 2176 38 2202 80
140 2177 184 2214 p.
213 2167 312 2214 304,
341 2167 367 2204 9
405 2178 574 2216 cumque
613 2168 656 2205 in
701 2166 841 2207 abdita
882 2170 997 2219 parte
1046 2168 1187 2208 domus
1228 2170 1435 2219 potionem

55 2227 198 2265 mortis
228 2239 426 2276 pararem,
457 2228 599 2266 anxius
633 2227 763 2266 adhuc
795 2228 951 2268 animus
984 2242 1031 2267 ex
1056 2230 1171 2280 parte
1203 2242 1284 2268 una
1315 2229 1435 2268 liber-

56 2286 184 2324 tatem
215 2299 330 2326 suam
362 2289 507 2336 optans
543 2287 586 2325 in
620 2287 733 2327 brevi
764 2289 960 2338 futuram,
1000 2303 1047 2328 ex
1079 2289 1161 2328 alia
1192 2292 1308 2340 parte
1342 2302 1434 2328 con-

155 2403 198 2435 31
227 2401 353 2437 animo
381 2407 423 2436 Μ

130 2467 345 2500 va'rrnum
364 2475 637 2497 nncnmuxrromzs
658 2470 704 2497 ed.
725 2470 750 2496 L
758 2478 774 2497 ο
782 2471 802 2497 11
811 2479 830 2496 11
838 2478 854 2497 e
863 2473 905 2497 rt.
1170 2469 1215 2499 25
