1638 2560
155 115 209 158 12
599 109 770 146 PARIES
794 106 1056 144 PALMATVs

154 229 290 268 lictam
319 228 524 266 mulierem
548 225 635 264 ideo
666 225 834 273 tantum,
866 223 912 261 ut
935 220 1139 261 videretur
1169 218 1272 258 illud
1296 218 1408 258 nefas
1433 217 1511 257 illa.

153 290 301 329 fecisse.
364 286 504 326 callide
544 285 659 335 satis,
700 284 768 323 sed
808 284 883 322 hoc
924 281 1005 321 alio
1045 280 1231 332 protinus
1273 280 1510 332 argumento

155 349 456 389 subverteretur.
517 358 595 385 non
627 346 686 384 est
717 344 892 383 eiusdem
922 343 1079 382 consilii
1109 353 1303 381 novercae
1333 351 1514 391 parcere,-

155 411 200 448 ut
230 409 443 448 substituat
472 419 592 455 ream,
624 407 663 444 et
694 404 872 456 gladium
902 403 1128 453 relinquere
1155 414 1233 453 quo
1258 402 1344 452 ipse
1370 399 1508 451 depre-

154 469 359 508 hendatur.
409 468 564 517 saepius
595 466 655 504 uti
685 477 841 504 necesse
872 464 1000 503 habeo
1027 463 1265 515 argumento
1290 461 1510 510 caecitatis,
1547 473 1563 500 5

156 531 195 568 et
225 529 297 567 hoc
335 529 454 567 etiam
491 527 576 566 loco
610 539 686 576 quo
725 525 772 564 de
808 525 879 563 illo
910 524 1075 563 vulnere
1113 522 1402 574 disputandum
1438 522 1510 560 est.

154 589 385 638 mehercule,
415 599 621 638 percussor
644 587 834 624 intrasset
858 584 928 635 qui
952 584 1119 634 videret,
1151 583 1222 634 qui
1252 583 1388 622 lumen
1413 594 1510 634 prae

157 662 195 688 se
225 649 396 697 tulisset,
426 661 505 686 non
535 649 668 686 tamen
695 648 779 685 tam
810 645 982 684 feliciter
1012 644 1199 684 librasset
1229 644 1354 683 ictum
1380 656 1514 694 quem,

156 709 311 748 etiamsi
341 708 472 746 nullae
500 707 686 746 fallerent
715 706 913 755 tenebrae,
943 707 1073 744 metus
1099 706 1140 744 et
1164 703 1421 754 conscientia,
1450 704 1512 742 in-

155 771 304 808 certum
334 768 469 819 magni
500 768 656 806 sceleris
687 768 843 806 tristem
874 779 1009 805 morae
1040 765 1237 804 fecissent.
1294 777 1387 804 raro
1419 776 1514 803 con-·
1531 777 1571 804 io

155 829 276 881 tingit
312 829 432 867 semel
467 828 583 867 ferire
622 827 814 877 carnifici,
853 827 1034 877 quamvis
1067 826 1268 876 conponat
1303 825 1390 876 ipse
1429 836 1513 864 cer-

155 890 297 938 vicem,
347 890 387 927 et
429 890 607 938 spectata
649 899 790 926 manus
838 887 1096 926 homicidium
1140 886 1356 925 novissime
1398 885 1515 924 velut

158 949 354 999 quoddam
391 960 513 999 genus
545 949 641 988 artis
680 949 869 987 exerceat.
931 948 988 986 sic
1020 959 1113 999 ergo
1144 946 1311 987 libravit
1346 958 1512 985 manum

157 1021 310 1058 caecus,
346 1010 392 1047 ut
428 1009 557 1058 ipsam
593 1010 774 1059 protinus
812 1007 950 1046 feriret
987 1005 1192 1046 animam?
1254 1020 1328 1059 ego
1358 1006 1513 1046 meher-

157 1070 263 1108 cules
296 1069 416 1107 etiam
445 1069 546 1107 illud
578 1068 762 1118 admiror,
794 1068 918 1118 quod,
952 1081 1040 1107 cum
1070 1070 1229 1119 patrem
1258 1067 1399 1118 vellet,
1430 1079 1512 1107 non
1531 1079 1566 1107 ιε

155 1141 362 1168 novercam
404 1129 606 1178 percussit.
676 1131 833 1179 praeter
877 1130 1053 1167 animum
1096 1128 1154 1167 nfl
1196 1129 1348 1168 virium
1389 1127 1513 1168 habet

156 1188 357 1239 parricidii
387 1189 538 1239 primus
564 1189 685 1228 ictus:
716 1189 784 1228 ille
815 1189 1004 1239 trepidat,
1035 1189 1103 1228 ille
1129 1190 1295 1241 cogitat,
1324 1189 1394 1228 ille
1424 1201 1511 1227 eru-

157 1249 298 1298 bescit,
335 1249 403 1287 ille
436 1251 494 1288 est
526 1249 573 1288 ab
604 1249 831 1288 innocentia
867 1250 1088 1300 proximus,
1125 1249 1195 1288 ille
1226 1250 1407 1300 praestat
1437 1249 1513 1288 hoc

159 1309 295 1357 solum,
327 1310 372 1347 ut
403 1321 568 1359 sequens
598 1310 740 1349 fortius
771 1311 901 1349 feriat.

89 1377 136 1413 11
245 1369 493 1419 Interrogare
535 1382 640 1408 nunc
677 1370 768 1409 volo
809 1383 909 1421 quae
950 1370 1085 1410 iuveni
1123 1382 1243 1410 causa
1280 1370 1424 1420 fuerit,
1467 1371 1515 1409 ut
1532 1383 1574 1410 20⁷

158 1429 362 1478 reliquerit
399 1429 584 1480 gladium.
647 1430 798 1470 scilicet
834 1430 964 1470 noluit
1000 1443 1212 1470 novercam
1249 1443 1366 1470 suam
1409 1431 1512 1470 infa-

158 1489 268 1526 mari.
332 1489 498 1528 abstulit
529 1490 605 1528 sibi
637 1503 792 1529 omnem
823 1490 1091 1530 defensionem
1123 1493 1163 1531 et
1194 1503 1235 1530 se
1269 1491 1514 1542 parricidam

160 1549 356 1587 confessus
389 1551 457 1588 est.
507 1551 655 1588 ferrum
686 1551 728 1588 in
757 1551 919 1590 vulnere
949 1551 1125 1601 reliquit.
1176 1554 1210 1591 si
1240 1552 1420 1591 nondum
1451 1563 1513 1592 oo·

160 1608 326 1657 ciderat,
356 1609 499 1647 iterum
530 1610 676 1649 feriret.
738 1611 771 1649 si
801 1613 882 1650 iam
913 1613 1131 1662 perfectum
1162 1613 1274 1652 nefas
1305 1613 1514 1664 intellege-

256 1737 277 1768 3
309 1734 541 1770 subvertetur
566 1736 765 1773 Parisinus
783 1740 881 1773 1618
907 1746 928 1773 ς
999 1726 1129 1784 parcee
1154 1746 1191 1774 Β
1285 1743 1309 1775 4
1339 1750 1447 1776 ream
1470 1745 1514 1775 s:

159 1815 237 1840 rem
263 1811 350 1840 αΡσ
434 1818 527 1861 quoz·
550 1818 640 1852 quos
668 1809 755 1854 (non
781 1798 855 1854 qu&
880 1814 922 1846 ut
947 1810 1164 1858 Enderlei‘n)
1189 1819 1227 1847 Β
1307 1812 1515 1858 deprehen-

160 1853 298 1888 dantur
321 1860 358 1888 B
453 1858 471 1889 7
500 1867 531 1889 si
556 1866 749 1900 percussor
774 1864 833 1900 Μβ
927 1859 1106 1895 intrasset
1131 1861 1212 1906 qui:
1239 1861 1402 1897 intrasse
1421 1860 1515 1906 quid

158 1907 228 1936 BV
318 1912 408 1946 prae
434 1913 472 1937 se
497 1903 660 1939 tulisset:
686 1905 926 1950 praetulisset
945 1914 995 1952 B;
1021 1919 1088 1953 per
1108 1920 1146 1943 se
1171 1909 1323 1945 tulisset
1341 1916 1385 1945 M
1407 1910 1512 1956 (corr.

158 1949 213 1994 m)
301 1952 320 1984 9
348 1949 379 1984 si
404 1950 546 1986 nullae:
574 1951 705 1987 simule
732 1960 767 1987 P
850 1957 893 1988 10
919 1956 1064 2002 magni:
1094 1957 1207 2004 iagni
1233 1964 1269 1993 P
1347 1957 1513 1994 tristem:

158 2007 275 2056 tgtem
300 2027 333 2055 .1
400 2033 543 2057 morae:
569 2002 680 2058 moreh!
705 2031 747 2059 Μ
816 2027 1001 2073 contingit
1027 2036 1063 2065 3:
1092 2030 1252 2076 contigit
1277 2045 1306 2065 ω
1383 2034 1427 2067 11
1455 2041 1515 2066 co-

158 2070 277 2114 ponat
306 2075 334 2103 V
426 2071 464 2105 et
496 2072 681 2117 spectata:
716 2075 912 2118 expectata
938 2090 977 2120 ας
1011 2078 1048 2112 et
1075 2079 1272 2123 expectata
1299 2087 1382 2124 βγσς
1413 2089 1516 2115 exer-

159 2151 278 2188 citata
302 2161 365 2208 cjx·
400 2201 422 2208 ..
444 2157 488 2188 14
513 2130 695 2190 mehgi&
720 2163 756 2190 B
853 2162 895 2193 16
921 2159 975 2194 nil
1001 2172 1066 2196 om.
1089 2167 1131 2206 S,
1157 2163 1275 2198 nichil
1300 2175 1401 2209 supr.
1422 2178 1444 2198 e

160 2203 204 2255 17
229 2201 425 2246 pamcldu
450 2202 571 2238 Desa:
605 2203 708 2238 -cida
733 2219 762 2238 ω
784 2211 929 2249 praeter
955 2214 1010 2252 M,
1042 2210 1106 2245 ubi
1132 2211 1247 2254 -cide‚
1285 2216 1373 2248 ante
1395 2212 1517 2258 parri-

160 2248 243 2284 crde
263 2249 348 2304 afid.
370 2249 562 2285 homicida
576 2256 618 2285 M
675 2252 815 2296 primus
834 2254 946 2290 ictus:
967 2257 1088 2301 primo
1108 2258 1187 2293 ictu
1201 2260 1405 2296 Parisinus
1416 2263 1521 2296 1618

159 2300 203 2332 21
229 2296 453 2342 rehnquerit
470 2299 622 2344 B<corr.
637 2302 684 2345 B)
700 2306 765 2334 MS
837 2302 974 2339 noluit:
1001 2306 1105 2340 novit
1123 2313 1168 2350 Β,
1191 2307 1310 2343 voluit
1329 2318 1348 2351 β
1362 2309 1466 2354 (corr.
1481 2310 1518 2355 a)

159 2348 204 2380 22
237 2355 276 2379 se
291 2356 400 2428 ὶνέν.
423 2352 459 2380 Ρ
553 2350 597 2381 23
631 2352 715 2382 ante
746 2347 884 2384 ferrum
919 2352 1004 2387 add.
1033 2365 1116 2388 cum
1143 2362 1184 2389 M
1278 2360 1323 2392 24
1357 2357 1390 2392 si
1420 2357 1518 2393 iam:

158 2404 267 2428 suum
