1638 2560
490 111 809 150 DECLAMATIO
835 111 906 148 XV
923 116 1031 148 4—6.
1362 111 1462 154 281·

75 229 233 270 feratur
265 229 498 278 infamiam,
532 227 770 268 beneficium
806 228 913 266 male
950 227 1149 267 audiendo
1180 228 1363 266 vertetur
1392 239 1454 266 33-

75 290 238 339 11113113,
280 289 499 340 stafimque
550 288 770 328 merebit-ur
812 288 972 328 sceleris
1015 287 1214 327 invidiam
1263 287 1456 339 quicquid

76 350 278 403 profuerit
323 350 466 389 invito.
528 349 633 388 illud
680 350 843 388 tantum
892 348 1056 388 noxium
1100 349 1211 387 virus
1260 360 1456 387 vocavere

76 411 192 464 leges
217 410 326 462 quod
355 423 438 449 non
470 408 704 449 admitteret
733 409 1080 460 interpretationis
1110 408 1322 448 incertum.
1378 409 1456 447 ini-

39 486 58 512 11
77 473 315 523 (1111381131113
346 472 409 510 est
437 483 635 510 venenum
666 469 797 509 videri
828 470 937 520 quod
972 471 1016 509 in
1046 471 1249 521 potestate
1280 469 1457 508 bibentis

78 534 152 582 est,
183 544 237 571 an
267 532 322 572 sit
350 530 584 571 remedium.

169 591 314 642 Sentit,
338 592 503 641 iudices,
528 591 684 631 iuvenis
710 593 859 630 crimen
885 591 994 642 quod
1019 591 1178 642 detulit,
1197 603 1271 630 300
1295 591 1458 629 nomine

77 666 151 693 300
182 652 326 692 effectu
357 653 618 704 scriptionem
648 652 751 704 legis
782 652 960 703 implere.
1011 653 1150 702 itaque
1181 665 1229 691 ex
1259 650 1456 690 vocabulo

75 714 259 754 mulieris
291 714 451 764 quaerit
480 713 687 753 invidiam.
753 708 1046 764 ‘meretricem’,
1080 713 1235 763 inquit,
1268 708 1454 751 ‘accuso'

24 788 60 816 1⁰
77 775 220 824 nescis,
250 774 352 813 mihi
383 773 510 823 crede,
540 774 710 823 iuvenis,
742 773 901 813 sceleris
930 773 1037 824 quod
1069 773 1264 822 detulisti,
1297 772 1461 823 qualem

77 834 179 874 mihi
209 834 355 874 debeas
385 834 676 885 probationem.
727 847 813 874 rem
846 836 1011 885 expecto
1036 833 1294 883 mehercules,
1325 834 1374 871 ut
1404 834 1459 872 sit

79 897 174 935 ante
204 895 341 935 omnia
370 896 508 934 minax
539 895 695 944 vultus,
726 894 865 934 feralis
895 894 1078 944 habitus,
1114 895 1308 934 horreant
1338 906 1456 943 squa-

78 956 163 996 lore
209 957 357 1005 crines,
403 957 535 1008 rigeat
578 969 697 1006 super
739 955 934 995 nefandas
978 955 1245 1007 cogitationes
1293 954 1459 994 efferata

78 1017 262 1056 tristitia.
323 1016 481 1056 facinus
513 1016 620 1066 quod
659 1016 807 1055 dicitur
843 1010 1071 1066 inquietare
1108 1028 1290 1066 superos,
1327 1014 1459 1054 sidera

25 1089 61 1117 15
80 1077 179 1117 diris
217 1077 374 1130 agitare
411 1076 674 1126 carminibus,
711 1077 908 1126 tumulos,
946 1075 1068 1116 busta
1098 1077 1272 1116 scrutari
1303 1078 1344 1115 et
1374 1089 1459 1115 am-

78 1138 235 1190 putatis
273 1137 534 1177 cadaveribus
572 1139 682 1189 ipsas
722 1139 766 1176 in
803 1137 932 1177 scelus
974 1150 1129 1177 armare
1166 1139 1334 1186 mortes,
1372 1135 1459 1175 fieri

79 1211 163 1238 non
192 1199 344 1249 potest,
382 1200 430 1237 ut
461 1200 667 1238 auctorem
705 1211 822 1237 suum
853 1211 934 1236 non
973 1199 1113 1237 statim
1149 1199 1281 1249 primo
1312 1196 1460 1248 prodat

81 1260 256 1311 aspectu.
306 1258 419 1298 vides
450 1258 650 1299 veneficae
680 1271 761 1298 non
792 1258 977 1298 horridos
1008 1259 1147 1298 vultus
1178 1257 1460 1309 placidamque

81 1320 237 1359 faciem.
301 1320 335 1359 si
366 1319 651 1372 cogitationes,
690 1319 723 1359 si
762 1319 932 1358 consilia
967 1321 1208 1370 pertractes,
1246 1319 1333 1358 sola
1363 1330 1461 1357 cura

26 1392 63 1420 20
82 1380 132 1419 (10
168 1380 317 1429 forma,
355 1380 483 1419 omnis
520 1382 563 1419 in
600 1381 676 1419 hoc
713 1379 877 1419 conlata
914 1380 1144 1428 meditatio,
1185 1380 1232 1418 ut
1268 1379 1462 1418 sollicitet

82 1442 264 1492 aspectu,
300 1453 482 1480 sermone
519 1441 708 1480 deffineat.
773 1440 893 1479 audio
932 1440 1100 1480 subinde
1144 1442 1303 1479 exactas
1346 1451 1458 1478 mero
1482 1437 1509 1474 6

81 1503 231 1550 noctes,
249 1503 333 1550 tua,
358 1501 514 1551 mulier,
540 1501 740 1550 convivia,
758 1500 939 1551 perditas
966 1501 1191 1540 amantium
1213 1501 1334 1539 rixas.
1379 1512 1461 1539 me-

81 1562 239 1602 ren-icis
270 1575 397 1600 unum
427 1561 663 1601 veneficium
696 1564 768 1611 est,
799 1574 851 1600 ne
882 1559 1041 1600 desinat
1072 1560 1211 1600 amari.

171 1622 382 1672 Numquid
406 1623 558 1672 inique⁷
588 1622 753 1671 iudices,
784 1622 827 1660 in
852 1623 960 1661 tanti
985 1622 1144 1661 sceleris
1170 1615 1462 1672 subscriptione

27 1695 64 1722 25
83 1682 267 1734 deposco,
298 1695 349 1721 30
379 1682 608 1722 nominibus
633 1695 722 1722 reos
747 1683 883 1721 velitis
916 1683 1131 1722 aestimare
1162 1682 1231 1722 sed
1255 1680 1463 1721 moribus?

82 1742 260 1782 venefica
295 1746 368 1782 tua
406 1743 503 1793 quid
540 1744 652 1794 prius
690 1755 888 1793 unquam,
927 1743 1024 1793 quid
1063 1743 1194 1782 simile
1234 1741 1463 1782 commisit?

182 1850 201 1882 1
228 1845 390 1882 infamia
414 1852 442 1880 V
543 1845 727 1882 beneficio
754 1852 846 1881 Bur
941 1845 1081 1882 diendo
1106 1852 1153 1890 Β,
1180 1845 1340 1881 dicendo
1367 1852 1391 1880 o

82 1895 251 1931 vertetur
268 1895 393 1931 Desa:
420 1895 464 1930 ut
483 1896 522 1930 et
539 1901 619 1939 Bcr3
643 1895 688 1930 ut
707 1894 756 1930 ad
775 1901 816 1939 νς
841 1895 982 1930 vitetur
1001 1901 1062 1937 ]Ιβ
1136 1899 1156 1930 2
1184 1895 1328 1930 statum
1348 1904 1421 1939 que
1440 1899 1469 1928 V

84 1946 108 1978 3
130 1953 266 1979 vocare
286 1949 380 1978 Βγσ
450 1946 471 1978 5
496 1953 683 1979 venenum
696 1965 742 1970 —
757 1945 815 1980 est
835 1944 857 1979 1.
874 1946 899 1979 6
916 1955 982 1979 omv
1000 1949 1038 1978 Β
1096 1953 1283 1978 venenum
1308 1946 1342 1978 et
1360 1942 1463 1988 quod

83 2012 130 2019 —
145 1993 204 2027 est
228 2002 297 2028 om.
319 1997 370 2035 Μ,
396 1991 483 2027 add.
503 2005 546 2026 n
571 1993 613 2027 in
638 2003 754 2039 mary.
822 1991 967 2028 videre:
994 1991 1141 2028 iudices
1167 2000 1187 2035 β
1256 1995 1275 2026 7
1303 1991 1461 2027 crimen:

82 2050 269 2076 venenum
295 2045 339 2075 ,ΙΙ
416 2050 464 2075 30
490 2040 641 2076 nomine
666 2046 699 2076 J
781 2043 804 2077 8
828 2051 900 2076 300
925 2044 1011 2076 ante
1036 2039 1174 2076 effectu
1200 2051 1268 2076 om.
1288 2046 1335 2084 Β,
1360 2051 1462 2084 supr.

83 2095 109 2123 o
204 2087 302 2135 legis
327 2087 431 2124 valet
455 2087 614 2134 implere
641 2094 683 2123 Μ
783 2099 829 2124 ex
854 2100 922 2125 om.
942 2095 981 2124 Β
1090 2092 1135 2124 10
1162 2088 1314 2124 010ᾱο10
1337 2094 1371 2122 J

84 2135 237 2172 sceleris
262 2147 330 2173 om.
350 2143 383 2172 J
455 2141 498 2172 11
526 2136 732 2172 meercules
758 2143 795 2172 Β
869 2141 912 2173 12
938 2136 1068 2172 minax
1094 2148 1139 2173 ex
1162 2147 1223 2172 ·as
1242 2142 1280 2172 Β
1351 2146 1464 2182 squa-

83 2184 182 2221 10103
208 2193 228 2227 β
303 2184 526 2231 1311303313
546 2191 585 2220 Β
658 2189 702 2220 15
727 2185 894 2221 tumulos
920 2186 960 2220 et
983 2184 1099 2221 busta
1123 2194 1143 2228 β
1217 2184 1407 2231 scruptari
1425 2190 1468 2219 Μ

86 2237 132 2269 16
156 2234 314 2269 mortes:
341 2244 387 2269 ex
411 2233 479 2269 -tis
503 2239 557 2278 Β;
589 2233 722 2269 mortis
746 2240 787 2278 νς
812 2245 948 2270 manus
974 2239 1077 2277 Μρσς
1108 2233 1168 2269 vel
1193 2243 1324 2269 manes
1349 2247 1392 2267 m

84 2281 166 2317 fleri
190 2287 261 2317 DV
281 2283 386 2327 (corr.
407 2284 450 2327 V)
551 2285 594 2317 17
628 2283 793 2318 actorem
815 2291 834 2325 β
933 2285 978 2317 19
1006 2282 1038 2317 si
1058 2281 1234 2325 consilia,
1261 2282 1294 2318 si
1320 2280 1465 2327 cogita-

84 2365 208 2449 tliones
228 2371 276 2449 τ
366 2369 412 2401 20
439 2341 583 2402 3011111ἒῂ
603 2372 644 2401 M
740 2370 783 2402 21
813 2342 968 2403 0111101533
993 2372 1031 2401 Β
1129 2371 1173 2402 26
1200 2365 1294 2412 quid
1320 2364 1463 2401 simile:

137 2425 182 2451 ex
206 2425 223 2449 s
1461 2432 1465 2441 -.
