1638 2560
202 127 261 170 80
690 119 1078 158 MATHEMAvas

201 241 360 280 infinita
397 240 515 279 series
552 250 624 288 per
654 236 841 276 adsiduas
879 237 1107 285 temporum
1138 234 1245 275 vices
1279 245 1352 274 sua
1388 233 1477 285 lege
1511 232 1569 274 fe-

203 299 351 341 stinet?
414 299 510 350 quid
539 298 639 337 haec
669 297 911 349 fulgentium
947 295 1123 335 siderum
1153 293 1382 335 veneranda
1418 291 1569 335 facies?

204 361 311 412 quod
337 359 532 410 quaedam
555 358 667 398 velut
696 357 818 397 infixa
848 368 895 396 ac
921 356 1176 396 cohaerentia
1205 356 1403 407 perpetua
1429 354 1569 395 semel-

204 434 280 471 que
318 422 435 471 capta
472 419 564 459 sede
601 418 827 467 conlucent,
871 416 952 456 alia
989 417 1077 457 toto
1115 428 1256 467 sparsa
1292 415 1404 457 eaelo
1443 420 1569 468 rages

204 493 338 520 cursus
382 481 500 520 certis
543 480 785 518 emetiuntur
829 475 1058 517 erroribus?
1118 477 1199 517 ista
1242 475 1368 516 eredis
1416 475 1569 527 passim
1608 488 1624 516 5

202 542 449 591 fortuitoque
492 537 714 590 disposita?
773 550 872 590 rogo
917 537 1013 588 quid
1050 537 1193 577 melius
1233 537 1338 577 ratio
1381 534 1569 577 fecisset?

133 603 183 640 14
203 602 300 640 deus
336 602 451 651 haee,
489 600 584 639 deus
621 599 840 639 fabricator
877 598 1006 648 operis
1043 599 1247 648 immensi,
1285 600 1333 638 ei
1368 597 1444 637 illa
1478 596 1571 637 rudi

201 662 409 713 primaque
441 660 613 712 ealigine
643 661 849 710 protracta
879 660 1015 710 posuit
1045 659 1089 697 in
1118 658 1297 708 vultum,
1329 657 1497 710 digessit
1526 658 1570 696 in

202 723 347 773 partes.
408 722 622 772 postquam
659 720 824 759 dederat
859 719 1116 759 universitati
1153 730 1293 770 parem
1325 718 1570 771 dignamque

202 783 358 832 faeiem,
389 782 574 832 spiritum
604 780 772 832 desuper
797 793 876 830 quo
900 781 1053 830 pariter
1084 779 1373 829 animarentur,
1402 778 1570 819 inmisit.
1589 791 1625 824 ιο

201 842 295 882 inde
327 844 387 882 est
418 841 525 892 quod
556 841 746 892 quicquid
777 842 967 891 nascitur,
1005 840 1235 880 consociata
1264 839 1441 880 numinis
1478 851 1570 892 pro—

201 903 374 954 prietate
411 904 594 954 signatur
632 903 672 941 et
707 903 750 940 in
786 902 917 941 totam
955 902 1045 941 aevi
1081 902 1145 940 sui
1181 900 1426 941 brevitatem
1465 911 1571 941 oom-

202 964 379 1014 positum
409 963 688 1013 firmatumque
714 963 770 1001 sie
796 962 943 1013 accipit
973 962 1111 1001 futura
1137 962 1253 1012 quasi
1277 962 1415 1003 vitam.
1471 960 1572 1001 haec

204 1023 333 1074 oredo,
362 1025 489 1074 pater,
513 1024 657 1063 terrori
680 1022 821 1073 primis
851 1023 974 1062 fuisse
998 1022 1250 1072 mortalibus,
1279 1034 1373 1062 mox
1397 1020 1571 1062 admira-

203 1084 353 1123 tionem
379 1085 614 1134 consumpta
638 1083 818 1123 novitate
844 1082 1045 1123 meruisse.
1096 1082 1297 1134 paulatim
1321 1081 1464 1123 deinde
1494 1082 1571 1123 hoc
1590 1094 1625 1123 15

300 1202 321 1233 3
335 1199 381 1243 cf.
408 1198 537 1233 FIRM.
558 1197 672 1233 MAT.
694 1209 762 1234 err.
781 1210 820 1244 p.
845 1201 924 1242 101,
939 1202 960 1234 5
974 1198 1026 1234 H.
1055 1226 1086 1233 ..
1104 1227 1110 1233 .
1139 1197 1219 1234 alia
1247 1197 1415 1245 plurima
1435 1196 1571 1241 ‚sidera

205 1256 302 1292 quae
326 1246 506 1291 videmus,
533 1257 578 1282 ex
598 1245 734 1292 quibus
755 1246 922 1292 quadam
944 1257 1022 1283 una
1047 1246 1142 1283 serie
1168 1247 1208 1283 et
1227 1244 1468 1284 cohaerentia
1486 1256 1571 1293 per-

204 1295 321 1341 petua
346 1294 531 1340 simulque
563 1294 767 1341 <semelque
793 1295 918 1342 codex>
950 1295 1064 1341 capta
1096 1294 1184 1331 sede
1210 1290 1405 1342 (copulata
1429 1291 1573 1331 exhibet

205 1343 395 1389 Halmius)
421 1342 624 1387 collucent,
659 1342 736 1379 alia
760 1344 841 1379 toto
868 1353 998 1390 sparso
1026 1343 1130 1379 caelo
1156 1354 1273 1391 vagos
1302 1347 1432 1379 eui-sus
1458 1341 1571 1379 certis

204 1391 411 1426 metiuntur
430 1391 627 1427 erroribus.
665 1392 711 1436 cf.
739 1392 930 1438 Weyma‘n,
948 1395 1086 1438 compte
1103 1393 1222 1429 reuda
1248 1392 1300 1428 das
1318 1391 1390 1428 IV.
1422 1391 1573 1437 conqr'le

204 1440 428 1486 scientifique
446 1441 713 1476 international
732 1441 793 1477 des
811 1441 1033 1487 catholiques
1052 1444 1140 1478 tenu
1158 1441 1183 1477 ὰ
1201 1441 1392 1488 Fribowry
1412 1439 1570 1486 (Sm'oee)

206 1490 305 1523 1897
330 1489 560 1531 miscellanea
587 1490 716 1525 critica
741 1492 798 1524 11.

303 1539 346 1571 13
361 1537 406 1580 cf.
433 1535 562 1572 FIRM.
583 1535 700 1572 MAT.
721 1547 788 1572 err.
812 1540 904 1581 17‚4
931 1538 1063 1584 (1024
1082 1534 1167 1585 H):
1194 1536 1290 1573 haec
1317 1535 1419 1573 enim
1444 1535 1572 1572 omnia

208 1594 292 1619 cum
318 1585 443 1619 essent
474 1584 572 1620 male
599 1585 808 1630 composita
837 1585 972 1621 terrori
1003 1586 1169 1632 primum
1199 1585 1306 1621 fuere
1333 1583 1572 1628 mortalibus,

208 1631 343 1667 dehinc
370 1634 591 1679 consumpta
616 1633 784 1668 novitate
810 1634 919 1679 quasi
945 1645 991 1669 ex
1022 1634 1139 1680 longa
1164 1633 1405 1680 aegritudine
1437 1643 1573 1669 conva-

207 1679 435 1715 lescentibus
465 1681 682 1717 hominibus
713 1683 825 1725 natus
857 1684 916 1718 est
939 1682 1097 1728 quidam
1129 1693 1175 1718 ex
1207 1681 1460 1719 admiratione
1485 1692 1572 1726 oon-

207 1729 383 1774 temptus.
434 1729 487 1764 sic
511 1729 699 1775 paulatim
724 1730 825 1775 quod
856 1731 1036 1776 stupebat
1061 1732 1242 1776 animus‚-
1260 1742 1373 1767 ausus
1402 1731 1460 1767 est
1486 1727 1572 1767 dili-

208 1777 341 1823 genter
364 1776 554 1822 inquirere
580 1779 618 1813 et
644 1778 774 1813 statim
799 1779 839 1813 in
865 1789 1004 1815 arcana
1035 1779 1208 1815 fictarum
1234 1789 1279 1815 ao
1303 1786 1487 1815 vanarum
1512 1789 1572 1814 su-

207 1824 472 1870 perstitionum
491 1836 609 1872 sagax
627 1826 733 1862 misit
751 1826 956 1873 ingenium.
983 1829 1074 1863 tunc
1094 1838 1139 1864 ex
1158 1827 1322 1863 assiduis
1341 1825 1573 1864 tractatibus

305 1936 325 1967 2
353 1932 590 1979 siderumque
609 1941 714 1978 BV&
741 1934 936 1971 stellarum
955 1935 1195 1982 siderumque
1213 1935 1234 1972 ‚9
1302 1939 1323 1972 3
1348 1935 1469 1972 velut:
1496 1936 1513 1971 t
1531 1936 1574 1971 in

207 1993 280 2017 ras.
301 1980 371 2016 ‚912
460 1982 650 2017 ooerentia
675 1989 711 2017 B
806 1988 828 2018 4
859 1985 942 2019 tota
972 1991 1000 2018 V
1081 1996 1193 2031 spasa
1218 1991 1269 2029 M,
1294 1996 1314 2020 r
1337 1996 1438 2031 supr.
1459 1998 1502 2019 m

209 2029 289 2064 celo
315 2041 359 2064 ex
385 2029 466 2064 eolo
494 2036 533 2074 1⁷3
560 2030 690 2078 eaelo}
715 2033 745 2077 (s
770 2032 916 2068 videtur
940 2034 1003 2079 er.)
1030 2039 1072 2068 M
1144 2037 1163 2068 7
1190 2032 1381 2069 immensi:
1407 2032 1575 2069 universi

208 2077 392 2114 Seldeneis
415 2080 466 2114 22
545 2081 566 2113 8
591 2081 786 2124 protracta
815 2081 915 2116 Obr.:
941 2082 1175 2126 protractum
1200 2096 1230 2116 ω
1313 2081 1354 2118 in
1379 2093 1447 2118 om.
1468 2087 1505 2118 P

207 2125 351 2162 voltum
378 2134 398 2168 β
503 2129 547 2161 10
574 2136 647 2172 quo
674 2127 859 2176 (omnia)
884 2129 1028 2174 pariter
1052 2129 1104 2165 H.
1120 2142 1159 2175 p.
1181 2132 1230 2166 57
1345 2130 1575 2173 ianimaren-

207 2175 271 2209 tur
287 2179 317 2208 V
385 2177 427 2209 11
456 2175 688 2211 consociata:
716 2187 737 2211 0
763 2178 805 2212 in
828 2189 902 2213 ras.
922 2183 974 2221 B3
1001 2188 1023 2212 a
1043 2179 1155 2223 prius
1173 2189 1240 2214 om.
1262 2184 1313 2223 Μ,
1338 2189 1439 2224 supr.
1459 2184 1503 2213 ιιι

207 2222 456 2268 proprietate:
488 2223 617 2268 propri
642 2225 769 2260 aetate
794 2231 831 2259 B
927 2229 970 2260 12
1004 2226 1087 2261 aevi
1120 2226 1195 2262 suit
1221 2237 1282 2263 me
1305 2226 1407 2263 visui
1429 2230 1483 2270 B;
1515 2225 1575 2263 evi

208 2281 274 2306 om.
297 2276 353 2314 Μ,
379 2282 480 2316 supr.
500 2284 558 2315 ηις
591 2272 650 2307 sui
675 2283 743 2308 om.
765 2279 808 2316 Ρ,
839 2284 939 2319 supr.
958 2288 986 2314 ρ
1085 2278 1128 2309 13
1154 2274 1259 2321 vita}
1284 2277 1336 2321 (m
1361 2275 1424 2321 er.)
1450 2279 1508 2319 Μς
1533 2275 1576 2310 in

208 2329 326 2374 mqrq.
344 2319 386 2354 in
411 2318 486 2354 alio
511 2318 673 2355 habetur
697 2321 816 2356 vitam
840 2322 943 2366 quod
967 2321 1101 2358 melius
1129 2324 1195 2358 est.
1222 2337 1264 2358 m
1352 2326 1396 2360 14
1422 2322 1575 2359 terroris

197 2365 322 2412 ipumi
346 2373 376 2402 V
390 2398 410 2402 Η
482 2367 646 2412 primum
672 2369 809 2406 Becker
923 2369 1039 2406 fuisse
1067 2370 1248 2407 memisse
1279 2370 1504 2409 mortalibus
1530 2376 1576 2416 l,

209 2414 390 2451 meruisse
415 2414 482 2451 dez.
503 2427 601 2451 man.
623 2419 646 2452 3
760 2433 764 2451 2
820 2440 822 2443 -
1012 2438 1028 2447 ι-
1263 2450 1265 2454 .
1294 2436 1296 2438 v
1399 2431 1423 2456 x<
1476 2416 1520 2455 Im
