1638 2560
523 95 842 132 DEOLAMATIO
868 95 903 131 X
922 99 1027 131 1—3.
1377 95 1460 138 191

9 247 13 250 .
90 210 290 262 subdique
319 222 444 251 nexus
475 211 528 250 ad
557 212 729 250 mortem
759 210 1013 250 reduxerunt.
1073 210 1273 261 quomodo
1304 212 1467 250 tenetur

89 271 234 311 infelix
269 272 341 323 qui
374 284 449 310 nec
484 273 651 322 propter
686 272 762 310 hoc
801 271 963 322 quidem
992 272 1123 323 venit,
1159 273 1207 310 ut
1243 269 1464 322 queratur?

89 332 282 372 misereor
316 331 491 371 feminae
521 333 634 372 cuius
670 331 848 371 invidiae
878 333 1012 370 totum
1048 301 1206 371 facinus
1238 331 1463 371 ascribitur.

89 393 261 432 maritus
297 392 354 432 sic
383 391 514 431 filium
543 393 726 442 inclusit,
763 394 973 443 tamquam
1005 405 1046 432 se
1076 393 1299 443 inquietari
1334 393 1465 431 mater

54 465 73 494 5
88 452 172 493 ista
201 454 444 504 quereretur.
506 453 644 504 igitur,
674 423 838 502 iu'dices,
869 465 986 491 nemo
1017 453 1198 502 miretur,
1230 454 1266 492 si
1297 453 1349 492 ad
1378 454 1464 491 tam

90 513 307 563 crudelem,
350 513 403 552 ad
444 514 531 552 tam
578 514 777 552 immitem
824 515 983 564 patrem
1030 513 1174 552 umbra
1216 526 1298 552 non
1341 514 1463 552 venit.

89 573 254 624 sciebat,
282 572 355 612 ubi
383 573 583 624 lacrimas,
614 573 685 613 ubi
714 575 851 625 posset
880 574 1062 612 invenire
1088 574 1301 626 singultus,
1334 587 1357 612 a
1382 586 1464 624 quo

90 634 220 686 magis
257 634 517 674 desideratur.
580 647 754 684 namque
790 635 861 674 isti
898 634 1071 673 ferreum
1108 636 1247 685 pectus
1285 636 1327 673 et
1364 634 1465 673 dura

89 694 326 746 praecordia
355 707 428 734 nec
459 696 554 734 sunt
584 695 633 734 de
665 695 839 734 orbitate
871 707 1019 734 sensus.

36 768 73 796 ιο
181 754 287 801 Quid
317 757 425 794 enim
454 755 713 795 inhumanius
743 758 878 806 patre,
915 755 1014 806 quid
1049 755 1225 794 inveniri
1260 756 1461 794 truculen-
1487 754 1513 790 8

89 816 173 855 tius
209 814 373 867 potest?
431 816 582 855 invidit
617 817 758 866 matri,
795 829 845 855 ne
884 816 969 855 filio
1006 816 1217 855 frueretur.
1279 828 1352 854 nec
1388 816 1465 855 hoc

88 875 181 915 ideo
211 876 320 926 fecit,
351 877 448 927 quia
477 876 612 916 videre
642 877 729 927 ipse
760 876 955 916 malebat:
986 889 1036 915 ne
1067 878 1272 915 viventem
1303 876 1466 926 quidem

91 936 221 976 adhuc
258 938 300 976 et
334 937 577 976 incolumem
612 939 699 976 tam
735 937 886 976 blanda
928 938 1094 987 tamque
1132 937 1269 975 debita
1310 938 1464 987 pietate

89 996 418 1048 prosequebatur,
454 999 501 1036 ut
531 997 720 1037 defuncto
758 999 988 1037 servaturus
1027 997 1215 1036 affectum
1246 998 1371 1036 etiam
1405 1009 1464 1036 se-

36 1070 72 1098 15
89 1057 197 1108 pulti
232 1059 350 1108 pater
386 1057 599 1097 videretur.
661 1060 778 1097 tanto
815 1059 945 1110 magis
984 1058 1109 1097 effusa
1145 1059 1276 1097 mater
1307 1060 1348 1096 et
1381 1058 1464 1097 suis

91 1129 138 1157 ac
174 1119 353 1168 paternis
390 1119 545 1158 vicibus
586 1130 805 1158 occurrens.
867 1119 966 1158 haec
1002 1118 1196 1169 pallidior
1233 1118 1286 1157 ad
1321 1120 1465 1167 metus,

91 1177 144 1217 ad
173 1180 272 1218 vota
300 1180 477 1229 pronior,
508 1192 590 1218 non
621 1179 761 1219 diebus
792 1192 943 1228 secura,
972 1192 1055 1218 non
1080 1178 1276 1218 noctibus.
1327 1181 1369 1218 et
1392 1179 1463 1217 ille

90 1239 213 1278 miser
235 1239 507 1292 intellegebat,
539 1240 621 1278 utri
646 1241 872 1290 promptior
896 1252 943 1278 ex
973 1239 1208 1290 parentibus
1235 1241 1276 1278 et
1306 1239 1466 1278 facilior

91 1301 196 1339 esset
225 1299 400 1340 affectus.
462 1301 602 1351 itaque
635 1300 685 1339 ab
715 1301 835 1339 huius
866 1300 1024 1350 osculis,
1059 1299 1110 1338 ab
1141 1300 1260 1339 huius
1291 1300 1464 1339 feminae

36 1373 74 1400 ὀ
91 1361 243 1399 cervice
279 1359 490 1411 pendebat.
553 1362 594 1399 et
631 1362 728 1411 quia
766 1361 934 1412 longum
972 1362 1032 1400 est
1069 1359 1203 1399 officia
1243 1361 1465 1411 praeterita

91 1419 250 1460 debitae
286 1421 452 1471 pietat-is
485 1422 658 1472 agitare,
694 1420 767 1460 illo
798 1421 886 1471 ipso
916 1420 1111 1472 languore
1143 1433 1223 1471 quo
1260 1419 1367 1460 filius
1400 1432 1462 1459 ca·

91 1479 240 1520 ducum
269 1481 373 1520 illud
397 1483 439 1520 et
468 1481 614 1533 fragile
639 1494 782 1532 corpus
808 1482 956 1531 amisit,
989 1493 1111 1531 quam
1139 1481 1294 1531 perdite
1320 1481 1466 1519 mulier

92 1542 134 1580 et
162 1554 288 1591 usque
325 1542 370 1580 in
400 1542 626 1592 exemplum
655 1541 774 1580 modo
805 1555 925 1592 super
955 1554 1026 1581 ora
1062 1542 1253 1592 pallentis
1283 1541 1464 1580 infelices

91 1601 297 1640 lacerabat
333 1602 486 1651 oculos,
530 1615 636 1641 nunc
673 1603 824 1642 siccata
863 1602 1016 1642 frustra
1050 1602 1176 1641 ubera
1213 1601 1465 1652 querebatur,

38 1674 75 1703 2⁵
92 1674 200 1700 nunc
231 1663 486 1712 superstitem
517 1662 709 1702 caedebat
738 1663 915 1702 uterum!
970 1663 1139 1702 notabat
1169 1662 1266 1701 haec
1297 1662 1367 1701 ille
1399 1662 1464 1701 de-

92 1721 229 1762 ficiens
260 1722 556 1773 mandabatque
587 1723 710 1762 morti
740 1736 835 1763 suae
866 1724 932 1762 cui
962 1724 1122 1774 periret.
1173 1722 1244 1761 ubi
1275 1725 1369 1763 snnt
1394 1724 1465 1772 qui

93 1783 174 1822 cito
217 1782 357 1822 iubent
399 1786 507 1822 stare
549 1782 767 1823 lacrimas?
810 1784 957 1834 quibus
999 1797 1079 1822 non
1123 1784 1257 1834 placet
1299 1784 1465 1835 longum

93 1855 211 1895 agere
241 1842 488 1882 maerorem?
550 1844 691 1883 retulit
720 1843 863 1883 umbra
894 1846 1072 1896 gratiam
1101 1845 1235 1883 matri.
1299 1845 1394 1893 scio,
1425 1845 1466 1882 et

189 1937 211 1970 8
242 1934 290 1978 cf.
317 1935 369 1970 ad
394 1937 430 1978 6,
449 1937 498 1970 19
524 1937 624 1982 (paq.
646 1937 733 1979 128,
751 1937 818 1980 23)

189 2022 210 2053 2
236 2030 284 2054 ne
309 2026 396 2055 VPd·
490 2019 645 2065 qm'dem
669 2031 736 2056 om.
758 2026 785 2054 V
896 2024 918 2055 4
944 2030 983 2055 se
1003 2023 1088 2055 ante
1106 2021 1229 2055 mater
1248 2019 1334 2055 add.
1350 2028 1370 2062 β

93 2070 116 2102 6
140 2065 214 2102 isto
234 2067 310 2104 Bu.
391 2070 594 2113 quaeretur
614 2074 661 2113 B,
686 2078 726 2103 re
750 2080 852 2114 supr.
873 2075 896 2102 b
981 2079 1092 2103 nemo
1117 2068 1291 2103 miretur:
1318 2078 1366 2103 ne
1386 2078 1465 2102 mo-

93 2116 238 2151 reretur
255 2122 293 2151 B
364 2116 415 2152 ad
439 2118 519 2151 tam
546 2115 751 2151 crudelem:
782 2116 901 2152 altam
928 2116 1030 2152 crud.
1052 2122 1102 2159 Μ,
1128 2127 1220 2152 corr.
1240 2131 1283 2151 n·
1352 2119 1371 2150 7
1398 2115 1465 2150 ubi

92 2162 212 2210 igitur
235 2163 424 2210 lacrymas
449 2171 483 2200 J
577 2167 598 2199 8
625 2164 904 2200 desideraretur
929 2179 954 2199 α
979 2166 1094 2210 (-etur
1118 2166 1161 2200 in
1185 2176 1259 2201 ras.
1281 2166 1317 2210 ο)
1345 2172 1372 2198 «r

94 2215 138 2247 11
163 2213 238 2259 ne}
262 2214 296 2258 (c
320 2214 384 2259 er.)
404 2219 448 2248 „n
552 2212 700 2248 fruetur
724 2219 774 2257 Μ,
801 2214 811 2233 ³
836 2225 936 2259 supr.
958 2227 1001 2247 u·
1115 2213 1187 2248 hoc
1211 2224 1314 2258 supr.
1334 2218 1371 2247 B

95 2263 138 2295 12
170 2271 240 2296 nec
265 2267 310 2296 Μ
404 2265 448 2297 13
481 2263 520 2297 et
549 2260 776 2297 incolumem
807 2273 875 2298 om.
900 2267 943 2296 Μ
1036 2261 1183 2307 pietate
1213 2263 1369 2306 tamque
1401 2260 1465 2295 de-

91 2307 177 2344 bita
202 2317 222 2352 β
321 2313 364 2345 14
391 2309 693 2355 consequebatur
716 2316 750 2345 J
834 2314 877 2345 16
904 2321 965 2345 ac:
993 2312 1060 2344 aut
1085 2318 1105 2352 β
1178 2311 1318 2345 metus:
1345 2319 1405 2343 me
1433 2314 1468 2342 P

95 2359 140 2392 18
164 2357 223 2392 uti
247 2363 299 2402 B3
325 2359 411 2393 uter
436 2364 491 2403 Μς
518 2359 562 2393 ut
587 2367 606 2400 β
705 2361 749 2393 19
775 2357 904 2393 huius:
932 2358 1013 2394 eius
1039 2367 1059 2400 β
1156 2357 1292 2393 oculis:
1321 2363 1372 2399 M

94 2408 140 2440 23
165 2404 330 2441 infelicis
351 2412 418 2441 BV
481 2410 524 2442 27
552 2417 663 2453 agere
684 2405 840 2453 longum
860 2415 880 2449 ρ
941 2410 987 2442 28
1013 2406 1157 2453 gratias
1179 2415 1198 2448 β
1252 2405 1385 2440 matris
1405 2410 1468 2438 Βσ
