1638 2560
514 97 841 135 DECLAMATIO'
859 97 895 134 V
914 101 1067 134 13—14.
1396 95 1481 138 101

108 215 231 267 quem
272 227 366 255 cum
406 214 554 255 vellem
596 214 816 266 castigare,
862 211 1171 263 reprehendere,
1219 210 1262 250 te
1306 210 1485 250 solebam

106 275 287 326 laudare,
316 276 467 315 mirari.

196 336 410 389 Exaggera
434 337 633 388 quantum
657 335 781 385 voles,
799 335 904 374 vitia
926 334 1084 374 fratris:
1109 333 1373 382 luxuriosum,
1391 344 1481 383 per-
1501 330 1554 368 14

107 397 239 437 ditum
264 409 378 447 voca,
409 396 505 435 dum
535 397 640 436 scias
669 397 711 435 te
742 396 799 435 sic
829 396 960 446 magis
990 393 1162 445 probare
1193 407 1275 433 non
1305 393 1486 432 animum

72 473 90 499 5
106 458 234 498 fuisse
263 458 393 510 patris
430 457 500 497 sed
536 457 586 496 de
624 456 858 496 calamitate
891 456 1102 495 rationem.
1164 455 1235 493 ille
1267 454 1384 506 eligit
1415 453 1484 504 qui

106 518 253 570 recipit
283 520 377 558 ante
406 518 626 557 meliorem.
686 517 756 557 sed
786 529 918 568 parce,
950 528 1112 567 quaeso,
1142 516 1311 565 iuvenis,
1343 514 1484 554 adver-

107 591 245 619 sorum
281 579 621 630 interpretationi.
682 590 764 617 non
802 580 863 617 est
901 577 1043 617 electio
1082 576 1256 615 alterum
1295 576 1486 626 recipere,

107 653 201 679 cum
234 641 411 691 pretium
450 639 636 679 attuleris
674 638 862 688 duorum3
899 637 1116 678 discrimen
1152 636 1255 675 illud
1292 649 1374 675 non
1411 648 1486 688 ego

108 701 179 740 sed
208 701 345 751 pirata
370 702 619 740 commentus
644 701 715 739 est.
766 699 959 750 quicquid
989 699 1097 737 inter
1121 710 1192 737 vos
1217 699 1261 736 in
1287 697 1485 736 alterutro

54 776 91 803 ιο
108 762 260 812 fecero,
290 761 457 801 affectus
489 763 550 800 est
582 773 661 811 quo
692 760 792 799 duos
824 772 927 800 amo,
985 762 1027 798 et
1056 759 1195 809 homo,
1226 757 1336 808 apud
1367 769 1488 808 quem

108 821 218 861 filius
250 822 337 861 sola
368 821 599 873 praevaluit
629 821 765 873 gratia
796 820 1060 869 calamitatis,
1098 832 1180 859 non
1210 819 1379 858 fratrem
1408 817 1488 865 tibi

108 883 306 934 praetuli,
344 882 413 922 sed
452 881 560 933 quod
602 881 645 920 in
681 883 725 920 te
761 881 882 920 fratri
922 880 1215 931 praetulissem.
1280 878 1488 918 Consilum

108 943 184 982 hoc
219 945 343 994 putas
379 943 504 982 fuisse
539 940 698 993 patris?
758 941 945 981 fortunae
983 943 1045 980 est
1077 953 1157 991 qua
1188 941 1297 992 capti
1332 939 1489 991 pariter

110 1005 226 1054 estis,
262 1016 347 1055 qua
382 1003 572 1043 decubuit
611 1003 732 1052 alter,
770 1015 851 1053 qua
887 1015 969 1042 non
1007 1002 1213 1041 convaluit
1245 1000 1488 1051 redemptus.

55 1078 91 1106 15
110 1077 202 1104 cum
237 1065 406 1116 propter
442 1064 542 1103 duos
579 1063 775 1114 venerim,
821 1063 929 1113 quod
965 1063 1008 1101 in
1046 1063 1175 1101 altero
1214 1062 1316 1100 mihi
1352 1062 1489 1112 pirata

110 1125 242 1175 cessit,
272 1124 380 1164 idem
404 1127 476 1174 est,
509 1137 555 1164 ac
586 1125 622 1164 si
647 1124 750 1163 mihi
774 1126 962 1163 neutrum
986 1123 1238 1162 reddidisset.
1295 1122 1366 1162 sed
1391 1134 1488 1173 quo-

109 1198 237 1236 usque
267 1186 368 1225 facti
397 1187 479 1224 mei
509 1184 771 1224 dissimulabo
802 1183 1033 1224 rationem?
1084 1197 1203 1236 aeger
1235 1183 1384 1223 electus
1416 1185 1488 1222 est.

109 1246 347 1298 respondete
387 1259 513 1296 nunc,
557 1246 592 1285 si
627 1246 805 1285 videtur:
849 1242 1115 1294 qmmriosus,
1158 1244 1341 1295 perditus
1381 1239 1488 1282 fuit?

104 1319 342 1358 parcamus,
375 1319 536 1358 quaeso,
567 1307 798 1355 memoriae,
827 1319 1083 1345 revereamur
1114 1318 1301 1356 suprema
1333 1304 1490 1354 cineris,

57 1382 93 1408 20
111 1368 339 1420 poeniteret
361 1381 427 1407 me
450 1367 635 1418 fortasse,
662 1368 696 1406 si
721 1368 886 1406 viveret.
936 1368 1084 1405 iterum
1112 1379 1157 1405 ac
1183 1367 1355 1416 saepius,
1382 1364 1491 1415 quod

111 1441 271 1468 necesse
303 1430 375 1478 est,
405 1430 496 1479 ipsa
527 1428 707 1467 criminis
738 1428 819 1466 mei
850 1439 947 1466 voce
979 1426 1190 1466 defendar:
1234 1439 1399 1477 aegrum
1429 1438 1491 1464 re-

112 1489 230 1528 demi.
291 1502 373 1529 non
403 1489 555 1528 habent
584 1489 783 1539 profecto,
820 1500 902 1527 non
932 1487 1084 1526 habent
1114 1487 1330 1526 discrimen
1359 1485 1490 1536 liberi,

111 1550 190 1589 nisi
222 1550 270 1589 de
301 1550 553 1599 calamitate,
591 1550 633 1587 et
663 1549 770 1588 inter
799 1549 980 1587 homines
1014 1561 1115 1598 quos
1146 1549 1294 1587 natura
1324 1546 1490 1598 pietatis

114 1610 322 1661 aequavit,
360 1610 630 1649 differentiam
666 1609 745 1649 nisi
781 1609 831 1648 de
869 1608 1006 1649 dolore
1043 1622 1125 1647 non
1163 1608 1348 1660 explices.
1410 1621 1492 1647 non

58 1684 93 1711 25
113 1683 206 1710 cum
235 1683 317 1710 usu
346 1683 455 1710 nunc
485 1672 637 1720 vestro,
669 1683 749 1710 non
781 1683 874 1709 cum
904 1669 1082 1709 moribus
1114 1669 1270 1720 loquor.
1320 1669 1389 1707 ille
1421 1682 1491 1707 an-

112 1731 236 1781 helat,
267 1731 378 1770 illius
409 1733 503 1770 sunt
534 1731 643 1770 lassa
673 1730 863 1781 suspiria,
894 1730 945 1769 ad
975 1730 1095 1769 illum
1120 1730 1248 1769 serius
1272 1731 1377 1769 veni.
1427 1742 1492 1768 ex*-

113 1792 305 1844 cogitasti
328 1804 480 1841 rursus,
505 1791 680 1841 fortuna,
707 1791 817 1842 quod
842 1793 1157 1842 supercresceret
1182 1790 1357 1840 caritati,
1383 1789 1491 1841 quod

111 1854 249 1903 posset
293 1852 416 1892 sacris
456 1852 685 1891 nominibus
728 1852 923 1891 accedere.
995 1852 1061 1890 hic
1103 1852 1211 1891 solus
1251 1852 1381 1890 maior
1421 1850 1489 1889 ad-

113 1913 245 1953 fectus
277 1915 337 1952 est
370 1926 492 1963 quam
522 1912 626 1952 filios
659 1925 812 1952 amare:
841 1912 918 1951 filii
948 1912 1140 1952 misereri.

206 2069 231 2100 ⁴1
260 2065 449 2111 castigare
475 2064 521 2110 (51⁴1.
546 2065 822 2110 reprehendere
847 2071 876 2099 V
943 2067 965 2099 8
992 2064 1196 2100 abstuleris
1223 2069 1265 2099 Μ
1330 2067 1351 2098 9
1377 2062 1492 2098 alter-

114 2114 222 2148 utrus
247 2120 293 2157 P,
319 2124 411 2149 corr.
430 2128 459 2153 p
534 2117 578 2148 10
605 2125 679 2159 quo
706 2113 817 2149 duos:
845 2124 921 2159 quo
946 2125 1011 2148 vos
1036 2119 1064 2147 V
1143 2117 1187 2147 12
1213 2110 1381 2158 praetuli
1406 2111 1490 2146 sed:

114 2161 360 2208 praetulisset
384 2168 467 2206 BV3
491 2161 677 2208 praetulit
701 2162 767 2197 sed
794 2171 813 2205 β
889 2166 932 2197 15
958 2162 999 2196 in
1022 2173 1090 2197 om.
1110 2167 1193 2205 BV3
1219 2172 1272 2196 an
1289 2164 1382 2196 reete
1400 2159 1420 2195 ,9

114 2209 243 2256 pirata
267 2216 412 2253 σπι-Μ,
438 2222 539 2256 supr.
560 2225 603 2245 ιιι
703 2214 746 2246 16
774 2210 903 2246 cessit:
930 2210 1071 2257 {cessit
1095 2216 1152 2254 Μς
1179 2208 1366 2245 concessit
1397 2216 1424 2242 σ

114 2257 234 2294 idem:
266 2258 370 2294 idem
400 2265 429 2293 V
448 2262 500 2305 (m
532 2259 611 2295 alia
641 2270 776 2295 manus
794 2258 827 2305 .?)
926 2258 1176 2294 reddidissem
1210 2264 1246 2292 Β
1344 2260 1385 2292 17
1420 2254 1492 2290 fati

118 2313 150 2341 ‘V
218 2306 485 2343 dissimulabo:
512 2306 647 2342 differo
673 2316 693 2350 β
761 2310 806 2342 18
836 2307 985 2342 viderer
1010 2313 1047 2342 P
1118 2310 1163 2341 20
1189 2306 1362 2352 poenitet
1385 2310 1423 2339 B

116 2355 241 2390 vivere
266 2362 303 2390 P
380 2356 499 2401 quod:
526 2356 681 2401 quidem
702 2362 752 2399 Μ,
778 2355 838 2391 vel
864 2355 966 2401 quod
990 2366 1091 2401 supr.
1111 2369 1154 2390 n·
1238 2358 1283 2389 25
1311 2352 1439 2388 anelat
1470 2357 1499 2385 1⁷

118 2407 164 2439 28
189 2403 311 2449 possit
335 2410 372 2438 Β
466 2404 555 2440 hinc
582 2413 601 2447 β
1488 2423 1490 2425 »
