<?xml version="1.0" encoding="UTF-8"?>
<!DOCTYPE html PUBLIC "-//W3C//DTD XHTML 1.0 Transitional//EN"
    "http://www.w3.org/TR/xhtml1/DTD/xhtml1-transitional.dtd">
<html xmlns="http://www.w3.org/1999/xhtml" xml:lang="en" lang="en">
 <head>
  <title>
</title>
<meta http-equiv="Content-Type" content="text/html;charset=utf-8" />
  <meta name='ocr-system' content='tesseract 3.04.00' />
  <meta name='ocr-capabilities' content='ocr_page ocr_carea ocr_par ocr_line ocrx_word'/>
</head>
<body>
  <div class='ocr_page' id='page_1' title='image "./quintilianiquaef00lehnuoft_0324.png"; bbox 0 0 1638 2560; ppageno 0'>
   <div class='ocr_carea' id='block_1_1' title="bbox 178 114 1031 164">
    <p class='ocr_par' dir='ltr' id='par_1_1' title="bbox 178 114 1031 164">
     <span class='ocr_line' id='line_1_1' title="bbox 178 114 1031 164; baseline -0.006 -9"><span class='ocrx_word' id='word_1_1' title='bbox 178 121 265 164; x_wconf 82' lang='lat'><strong>288</strong></span> <span class='ocrx_word' id='word_1_2' title='bbox 700 118 801 155; x_wconf 84' lang='lat' dir='ltr'><strong>ODH</strong></span> <span class='ocrx_word' id='word_1_3' title='bbox 825 114 971 155; x_wconf 81' lang='lat' dir='ltr'>POTIO</span> <span class='ocrx_word' id='word_1_4' title='bbox 996 115 1031 151; x_wconf 86' lang='lat'><strong>11</strong></span> 
     </span>
    </p>
   </div>
   <div class='ocr_carea' id='block_1_2' title="bbox 110 229 1605 1976">
    <p class='ocr_par' dir='ltr' id='par_1_2' title="bbox 110 229 1605 1976">
     <span class='ocr_line' id='line_1_2' title="bbox 178 229 1549 285; baseline -0.006 -10"><span class='ocrx_word' id='word_1_5' title='bbox 178 236 315 285; x_wconf 88' lang='lat' dir='ltr'><strong>sitate‚</strong></span> <span class='ocrx_word' id='word_1_6' title='bbox 359 234 509 275; x_wconf 84' lang='lat' dir='ltr'><strong>viribus</strong></span> <span class='ocrx_word' id='word_1_7' title='bbox 559 233 722 284; x_wconf 87' lang='lat' dir='ltr'><strong>quantis</strong></span> <span class='ocrx_word' id='word_1_8' title='bbox 768 232 984 280; x_wconf 77' lang='lat' dir='ltr'><strong>adamasti,</strong></span> <span class='ocrx_word' id='word_1_9' title='bbox 1034 242 1083 269; x_wconf 88' lang='lat' dir='ltr'><strong>ne</strong></span> <span class='ocrx_word' id='word_1_10' title='bbox 1126 229 1377 280; x_wconf 81' lang='lat' dir='ltr'><strong>resipisceres</strong></span> <span class='ocrx_word' id='word_1_11' title='bbox 1420 240 1549 279; x_wconf 87' lang='lat' dir='ltr'><strong>neque</strong></span> 
     </span>
     <span class='ocr_line' id='line_1_3' title="bbox 177 288 1548 346; baseline -0.005 -12"><span class='ocrx_word' id='word_1_12' title='bbox 177 296 407 346; x_wconf 83' lang='lat' dir='ltr'><strong>frequenter</strong></span> <span class='ocrx_word' id='word_1_13' title='bbox 435 294 640 334; x_wconf 77' lang='lat' dir='ltr'><strong>inmedia</strong></span> <span class='ocrx_word' id='word_1_14' title='bbox 665 295 840 334; x_wconf 89' lang='lat' dir='ltr'><strong>sanitate</strong></span> <span class='ocrx_word' id='word_1_15' title='bbox 872 292 1116 333; x_wconf 77' lang='lat' dir='ltr'><strong>subsisteres.</strong></span> <span class='ocrx_word' id='word_1_16' title='bbox 1168 289 1286 340; x_wconf 83' lang='lat' dir='ltr'><strong>quale</strong></span> <span class='ocrx_word' id='word_1_17' title='bbox 1316 288 1395 328; x_wconf 89' lang='lat' dir='ltr'><strong>tibi</strong></span> <span class='ocrx_word' id='word_1_18' title='bbox 1423 301 1548 328; x_wconf 91' lang='lat' dir='ltr'><strong>reme-</strong></span> 
     </span>
     <span class='ocr_line' id='line_1_4' title="bbox 179 349 1549 403; baseline -0.005 -8"><span class='ocrx_word' id='word_1_19' title='bbox 179 357 290 395; x_wconf 85' lang='lat' dir='ltr'><strong>dium</strong></span> <span class='ocrx_word' id='word_1_20' title='bbox 315 355 496 394; x_wconf 72' lang='lat' dir='ltr'><strong>debuerit</strong></span> <span class='ocrx_word' id='word_1_21' title='bbox 521 354 721 403; x_wconf 85' lang='lat' dir='ltr'><strong>adhibere,</strong></span> <span class='ocrx_word' id='word_1_22' title='bbox 753 354 817 394; x_wconf 89' lang='lat' dir='ltr'><strong>vel</strong></span> <span class='ocrx_word' id='word_1_23' title='bbox 843 367 890 392; x_wconf 89' lang='lat' dir='ltr'><strong>ex</strong></span> <span class='ocrx_word' id='word_1_24' title='bbox 914 352 1106 392; x_wconf 78' lang='lat' dir='ltr'><strong>hodierno</strong></span> <span class='ocrx_word' id='word_1_25' title='bbox 1133 350 1248 399; x_wconf 87' lang='lat' dir='ltr'><strong>senti,</strong></span> <span class='ocrx_word' id='word_1_26' title='bbox 1279 349 1448 399; x_wconf 78' lang='lat' dir='ltr'><strong>iuvenis,</strong></span> <span class='ocrx_word' id='word_1_27' title='bbox 1479 349 1549 389; x_wconf 85' lang='lat' dir='ltr'><strong>ad-</strong></span> 
     </span>
     <span class='ocr_line' id='line_1_5' title="bbox 179 410 1549 466; baseline -0.005 -11"><span class='ocrx_word' id='word_1_28' title='bbox 179 418 297 456; x_wconf 85' lang='lat' dir='ltr'><strong>fectu.</strong></span> <span class='ocrx_word' id='word_1_29' title='bbox 359 428 431 466; x_wconf 91' lang='lat' dir='ltr'><strong>pro</strong></span> <span class='ocrx_word' id='word_1_30' title='bbox 475 416 635 454; x_wconf 83' lang='lat' dir='ltr'><strong>homine</strong></span> <span class='ocrx_word' id='word_1_31' title='bbox 674 414 744 465; x_wconf 90' lang='lat' dir='ltr'><strong>qui</strong></span> <span class='ocrx_word' id='word_1_32' title='bbox 786 416 879 465; x_wconf 90' lang='lat' dir='ltr'><strong>post</strong></span> <span class='ocrx_word' id='word_1_33' title='bbox 918 413 1055 453; x_wconf 91' lang='lat' dir='ltr'><strong>odium</strong></span> <span class='ocrx_word' id='word_1_34' title='bbox 1093 410 1275 461; x_wconf 86' lang='lat' dir='ltr'><strong>queritur</strong></span> <span class='ocrx_word' id='word_1_35' title='bbox 1317 410 1426 460; x_wconf 87' lang='lat' dir='ltr'><strong>quod</strong></span> <span class='ocrx_word' id='word_1_36' title='bbox 1467 423 1549 449; x_wconf 89' lang='lat' dir='ltr'><strong>non</strong></span> 
     </span>
     <span class='ocr_line' id='line_1_6' title="bbox 179 470 1603 526; baseline -0.003 -11"><span class='ocrx_word' id='word_1_37' title='bbox 179 479 297 525; x_wconf 89' lang='lat' dir='ltr'><strong>amet,</strong></span> <span class='ocrx_word' id='word_1_38' title='bbox 327 489 472 526; x_wconf 90' lang='lat' dir='ltr'><strong>parum</strong></span> <span class='ocrx_word' id='word_1_39' title='bbox 502 476 592 525; x_wconf 86' lang='lat' dir='ltr'><strong>fuit,</strong></span> <span class='ocrx_word' id='word_1_40' title='bbox 624 476 657 514; x_wconf 86' lang='lat' dir='ltr'><strong>si</strong></span> <span class='ocrx_word' id='word_1_41' title='bbox 690 488 824 514; x_wconf 88' lang='lat' dir='ltr'><strong>amare</strong></span> <span class='ocrx_word' id='word_1_42' title='bbox 857 473 1066 514; x_wconf 73' lang='lat' dir='ltr'><strong>desineret.</strong></span> <span class='ocrx_word' id='word_1_43' title='bbox 1118 471 1214 510; x_wconf 91' lang='lat' dir='ltr'><strong>audi</strong></span> <span class='ocrx_word' id='word_1_44' title='bbox 1243 470 1382 522; x_wconf 85' lang='lat' dir='ltr'><strong>igitur,</strong></span> <span class='ocrx_word' id='word_1_45' title='bbox 1413 470 1547 522; x_wconf 85' lang='lat' dir='ltr'><strong>ingra-</strong></span> <span class='ocrx_word' id='word_1_46' title='bbox 1587 484 1603 511; x_wconf 81' lang='lat'><strong>5</strong></span> 
     </span>
     <span class='ocr_line' id='line_1_7' title="bbox 178 531 1549 586; baseline -0.004 -10"><span class='ocrx_word' id='word_1_47' title='bbox 178 537 342 586; x_wconf 78' lang='lat' dir='ltr'><strong>tissime,</strong></span> <span class='ocrx_word' id='word_1_48' title='bbox 374 537 571 586; x_wconf 90' lang='lat' dir='ltr'><strong>quatenus</strong></span> <span class='ocrx_word' id='word_1_49' title='bbox 598 535 648 574; x_wconf 89' lang='lat' dir='ltr'><strong>ad</strong></span> <span class='ocrx_word' id='word_1_50' title='bbox 679 535 860 586; x_wconf 88' lang='lat' dir='ltr'><strong>publicas</strong></span> <span class='ocrx_word' id='word_1_51' title='bbox 886 546 1001 574; x_wconf 89' lang='lat' dir='ltr'><strong>aures</strong></span> <span class='ocrx_word' id='word_1_52' title='bbox 1027 534 1180 572; x_wconf 88' lang='lat' dir='ltr'><strong>secreta</strong></span> <span class='ocrx_word' id='word_1_53' title='bbox 1204 532 1339 571; x_wconf 83' lang='lat' dir='ltr'><strong>vestra</strong></span> <span class='ocrx_word' id='word_1_54' title='bbox 1371 531 1549 582; x_wconf 89' lang='lat' dir='ltr'><strong>proferre</strong></span> 
     </span>
     <span class='ocr_line' id='line_1_8' title="bbox 179 591 1550 646; baseline -0.004 -10"><span class='ocrx_word' id='word_1_55' title='bbox 179 597 360 637; x_wconf 76' lang='lat' dir='ltr'><strong>voluistiz</strong></span> <span class='ocrx_word' id='word_1_56' title='bbox 398 596 500 636; x_wconf 91' lang='lat' dir='ltr'><strong>dedi.</strong></span> <span class='ocrx_word' id='word_1_57' title='bbox 564 596 660 646; x_wconf 93' lang='lat' dir='ltr'><strong>quid</strong></span> <span class='ocrx_word' id='word_1_58' title='bbox 691 597 815 645; x_wconf 91' lang='lat' dir='ltr'><strong>enim,</strong></span> <span class='ocrx_word' id='word_1_59' title='bbox 846 596 997 645; x_wconf 87' lang='lat' dir='ltr'><strong>inquit,</strong></span> <span class='ocrx_word' id='word_1_60' title='bbox 1036 593 1206 632; x_wconf 89' lang='lat' dir='ltr'><strong>facerem</strong></span> <span class='ocrx_word' id='word_1_61' title='bbox 1240 604 1343 642; x_wconf 86' lang='lat' dir='ltr'><strong>quae</strong></span> <span class='ocrx_word' id='word_1_62' title='bbox 1373 591 1550 631; x_wconf 83' lang='lat' dir='ltr'><strong>remedia</strong></span> 
     </span>
     <span class='ocr_line' id='line_1_9' title="bbox 178 650 1549 708; baseline -0.004 -12"><span class='ocrx_word' id='word_1_63' title='bbox 178 660 252 697; x_wconf 87' lang='lat' dir='ltr'><strong>tua</strong></span> <span class='ocrx_word' id='word_1_64' title='bbox 282 657 412 696; x_wconf 89' lang='lat' dir='ltr'><strong>multa</strong></span> <span class='ocrx_word' id='word_1_65' title='bbox 441 655 725 708; x_wconf 78' lang='lat' dir='ltr'><strong>perdideram?</strong></span> <span class='ocrx_word' id='word_1_66' title='bbox 786 656 888 695; x_wconf 90' lang='lat' dir='ltr'><strong>ferre</strong></span> <span class='ocrx_word' id='word_1_67' title='bbox 924 656 1071 694; x_wconf 89' lang='lat' dir='ltr'><strong>misera</strong></span> <span class='ocrx_word' id='word_1_68' title='bbox 1102 666 1183 693; x_wconf 92' lang='lat' dir='ltr'><strong>non</strong></span> <span class='ocrx_word' id='word_1_69' title='bbox 1219 654 1403 704; x_wconf 85' lang='lat' dir='ltr'><strong>poteram</strong></span> <span class='ocrx_word' id='word_1_70' title='bbox 1441 650 1549 702; x_wconf 89' lang='lat' dir='ltr'><strong>quod</strong></span> 
     </span>
     <span class='ocr_line' id='line_1_10' title="bbox 178 712 1549 769; baseline -0.005 -12"><span class='ocrx_word' id='word_1_71' title='bbox 178 720 219 757; x_wconf 86' lang='lat' dir='ltr'><strong>te</strong></span> <span class='ocrx_word' id='word_1_72' title='bbox 242 717 325 756; x_wconf 89' lang='lat' dir='ltr'><strong>iam</strong></span> <span class='ocrx_word' id='word_1_73' title='bbox 351 718 567 769; x_wconf 89' lang='lat' dir='ltr'><strong>coeperunt</strong></span> <span class='ocrx_word' id='word_1_74' title='bbox 592 729 728 756; x_wconf 89' lang='lat' dir='ltr'><strong>omnes</strong></span> <span class='ocrx_word' id='word_1_75' title='bbox 753 716 882 755; x_wconf 91' lang='lat' dir='ltr'><strong>ridere</strong></span> <span class='ocrx_word' id='word_1_76' title='bbox 908 714 1147 754; x_wconf 77' lang='lat' dir='ltr'><strong>meretrices.</strong></span> <span class='ocrx_word' id='word_1_77' title='bbox 1196 715 1346 764; x_wconf 88' lang='lat' dir='ltr'><strong>repete,</strong></span> <span class='ocrx_word' id='word_1_78' title='bbox 1365 712 1549 765; x_wconf 82' lang='lat' dir='ltr'><strong>agedum,</strong></span> 
     </span>
     <span class='ocr_line' id='line_1_11' title="bbox 177 772 1604 828; baseline -0.004 -11"><span class='ocrx_word' id='word_1_79' title='bbox 177 779 338 817; x_wconf 85' lang='lat' dir='ltr'><strong>illarum</strong></span> <span class='ocrx_word' id='word_1_80' title='bbox 364 778 576 828; x_wconf 85' lang='lat' dir='ltr'><strong>conloquia</strong></span> <span class='ocrx_word' id='word_1_81' title='bbox 601 778 780 816; x_wconf 88' lang='lat' dir='ltr'><strong>noctium</strong></span> <span class='ocrx_word' id='word_1_82' title='bbox 812 775 956 827; x_wconf 90' lang='lat' dir='ltr'><strong>quibus</strong></span> <span class='ocrx_word' id='word_1_83' title='bbox 987 777 1028 814; x_wconf 91' lang='lat' dir='ltr'><strong>te</strong></span> <span class='ocrx_word' id='word_1_84' title='bbox 1060 775 1291 824; x_wconf 88' lang='lat' dir='ltr'><strong>frequenter</strong></span> <span class='ocrx_word' id='word_1_85' title='bbox 1315 772 1482 813; x_wconf 83' lang='lat' dir='ltr'><strong>alterius</strong></span> <span class='ocrx_word' id='word_1_86' title='bbox 1502 774 1550 812; x_wconf 61' lang='lat' dir='ltr'><strong>&gt;et</strong></span> <span class='ocrx_word' id='word_1_87' title='bbox 1569 787 1604 813; x_wconf 91' lang='lat'><strong>10</strong></span> 
     </span>
     <span class='ocr_line' id='line_1_12' title="bbox 178 834 1548 887; baseline -0.003 -10"><span class='ocrx_word' id='word_1_88' title='bbox 178 840 346 878; x_wconf 88' lang='lat' dir='ltr'><strong>fortasse</strong></span> <span class='ocrx_word' id='word_1_89' title='bbox 372 837 511 877; x_wconf 84' lang='lat' dir='ltr'><strong>divitis</strong></span> <span class='ocrx_word' id='word_1_90' title='bbox 538 839 729 877; x_wconf 88' lang='lat' dir='ltr'><strong>amatoris</strong></span> <span class='ocrx_word' id='word_1_91' title='bbox 759 837 910 876; x_wconf 89' lang='lat' dir='ltr'><strong>iniuria</strong></span> <span class='ocrx_word' id='word_1_92' title='bbox 934 837 1141 887; x_wconf 88' lang='lat' dir='ltr'><strong>receptum</strong></span> <span class='ocrx_word' id='word_1_93' title='bbox 1165 835 1273 874; x_wconf 87' lang='lat' dir='ltr'><strong>inter</strong></span> <span class='ocrx_word' id='word_1_94' title='bbox 1298 834 1435 874; x_wconf 84' lang='lat' dir='ltr'><strong>oscula</strong></span> <span class='ocrx_word' id='word_1_95' title='bbox 1467 847 1548 873; x_wconf 83' lang='lat' dir='ltr'><strong>am-</strong></span> 
     </span>
     <span class='ocr_line' id='line_1_13' title="bbox 177 894 1550 950; baseline -0.004 -12"><span class='ocrx_word' id='word_1_96' title='bbox 177 900 395 950; x_wconf 87' lang='lat' dir='ltr'><strong>plexusque</strong></span> <span class='ocrx_word' id='word_1_97' title='bbox 427 899 575 938; x_wconf 89' lang='lat' dir='ltr'><strong>monui.</strong></span> <span class='ocrx_word' id='word_1_98' title='bbox 626 898 724 948; x_wconf 91' lang='lat' dir='ltr'><strong>quid</strong></span> <span class='ocrx_word' id='word_1_99' title='bbox 748 898 868 937; x_wconf 88' lang='lat' dir='ltr'><strong>miser</strong></span> <span class='ocrx_word' id='word_1_100' title='bbox 893 910 984 936; x_wconf 91' lang='lat' dir='ltr'><strong>cum</strong></span> <span class='ocrx_word' id='word_1_101' title='bbox 1014 897 1190 944; x_wconf 80' lang='lat' dir='ltr'><strong>fortuna,</strong></span> <span class='ocrx_word' id='word_1_102' title='bbox 1222 894 1319 946; x_wconf 88' lang='lat' dir='ltr'><strong>quid</strong></span> <span class='ocrx_word' id='word_1_103' title='bbox 1344 907 1436 934; x_wconf 85' lang='lat' dir='ltr'><strong>cum</strong></span> <span class='ocrx_word' id='word_1_104' title='bbox 1459 906 1550 934; x_wconf 86' lang='lat' dir='ltr'><strong>mea</strong></span> 
     </span>
     <span class='ocr_line' id='line_1_14' title="bbox 179 955 1549 1009; baseline -0.003 -11"><span class='ocrx_word' id='word_1_105' title='bbox 179 959 409 998; x_wconf 89' lang='lat' dir='ltr'><strong>condicione</strong></span> <span class='ocrx_word' id='word_1_106' title='bbox 445 957 614 998; x_wconf 80' lang='lat' dir='ltr'><strong>rixaris?</strong></span> <span class='ocrx_word' id='word_1_107' title='bbox 676 971 794 1009; x_wconf 90' lang='lat' dir='ltr'><strong>parce</strong></span> <span class='ocrx_word' id='word_1_108' title='bbox 832 957 1137 997; x_wconf 83' lang='lat' dir='ltr'><strong>necessitatibus</strong></span> <span class='ocrx_word' id='word_1_109' title='bbox 1174 956 1293 995; x_wconf 87' lang='lat' dir='ltr'><strong>meis:</strong></span> <span class='ocrx_word' id='word_1_110' title='bbox 1334 955 1412 995; x_wconf 90' lang='lat' dir='ltr'><strong>duo</strong></span> <span class='ocrx_word' id='word_1_111' title='bbox 1449 967 1549 1006; x_wconf 87' lang='lat' dir='ltr'><strong>pau-</strong></span> 
     </span>
     <span class='ocr_line' id='line_1_15' title="bbox 179 1015 1549 1077; baseline -0.003 -19"><span class='ocrx_word' id='word_1_112' title='bbox 179 1032 291 1070; x_wconf 89' lang='lat' dir='ltr'><strong>peres</strong></span> <span class='ocrx_word' id='word_1_113' title='bbox 330 1032 476 1059; x_wconf 88' lang='lat' dir='ltr'><strong>sumus.</strong></span> <span class='ocrx_word' id='word_1_114' title='bbox 539 1019 609 1077; x_wconf 75' lang='lat' dir='ltr'><strong>sed</strong></span> <span class='ocrx_word' id='word_1_115' title='bbox 640 1020 681 1058; x_wconf 92' lang='lat' dir='ltr'><strong>et</strong></span> <span class='ocrx_word' id='word_1_116' title='bbox 710 1020 757 1058; x_wconf 92' lang='lat' dir='ltr'><strong>tu</strong></span> <span class='ocrx_word' id='word_1_117' title='bbox 790 1019 973 1069; x_wconf 88' lang='lat' dir='ltr'><strong>quotiens</strong></span> <span class='ocrx_word' id='word_1_118' title='bbox 1010 1018 1053 1056; x_wconf 91' lang='lat' dir='ltr'><strong>in</strong></span> <span class='ocrx_word' id='word_1_119' title='bbox 1085 1017 1195 1057; x_wconf 91' lang='lat' dir='ltr'><strong>sinus</strong></span> <span class='ocrx_word' id='word_1_120' title='bbox 1226 1027 1335 1056; x_wconf 89' lang='lat' dir='ltr'><strong>meos</strong></span> <span class='ocrx_word' id='word_1_121' title='bbox 1372 1015 1549 1055; x_wconf 79' lang='lat' dir='ltr'><strong>lacrimis</strong></span> 
     </span>
     <span class='ocr_line' id='line_1_16' title="bbox 179 1076 1604 1131; baseline -0.002 -12"><span class='ocrx_word' id='word_1_122' title='bbox 179 1080 355 1131; x_wconf 87' lang='lat' dir='ltr'><strong>fletuque</strong></span> <span class='ocrx_word' id='word_1_123' title='bbox 381 1080 579 1119; x_wconf 89' lang='lat' dir='ltr'><strong>resolutus</strong></span> <span class='ocrx_word' id='word_1_124' title='bbox 606 1079 854 1118; x_wconf 75' lang='lat' dir='ltr'><strong>exclamasti:</strong></span> <span class='ocrx_word' id='word_1_125' title='bbox 886 1079 1016 1118; x_wconf 90' lang='lat' dir='ltr'><strong>sentio</strong></span> <span class='ocrx_word' id='word_1_126' title='bbox 1041 1078 1232 1127; x_wconf 87' lang='lat' dir='ltr'><strong>furorem,</strong></span> <span class='ocrx_word' id='word_1_127' title='bbox 1257 1076 1327 1116; x_wconf 88' lang='lat' dir='ltr'><strong>sed</strong></span> <span class='ocrx_word' id='word_1_128' title='bbox 1351 1077 1550 1127; x_wconf 81' lang='lat' dir='ltr'><strong>imperare</strong></span> <span class='ocrx_word' id='word_1_129' title='bbox 1570 1089 1604 1116; x_wconf 83' lang='lat'><strong>15</strong></span> 
     </span>
     <span class='ocr_line' id='line_1_17' title="bbox 181 1137 1550 1191; baseline -0.003 -12"><span class='ocrx_word' id='word_1_130' title='bbox 181 1141 317 1190; x_wconf 90' lang='lat' dir='ltr'><strong>oculis,</strong></span> <span class='ocrx_word' id='word_1_131' title='bbox 349 1140 418 1179; x_wconf 86' lang='lat' dir='ltr'><strong>sed</strong></span> <span class='ocrx_word' id='word_1_132' title='bbox 450 1140 626 1178; x_wconf 90' lang='lat' dir='ltr'><strong>animum</strong></span> <span class='ocrx_word' id='word_1_133' title='bbox 650 1153 787 1191; x_wconf 88' lang='lat' dir='ltr'><strong>regere</strong></span> <span class='ocrx_word' id='word_1_134' title='bbox 819 1153 900 1178; x_wconf 91' lang='lat' dir='ltr'><strong>non</strong></span> <span class='ocrx_word' id='word_1_135' title='bbox 930 1138 1110 1190; x_wconf 88' lang='lat' dir='ltr'><strong>possum!</strong></span> <span class='ocrx_word' id='word_1_136' title='bbox 1144 1150 1265 1188; x_wconf 90' lang='lat' dir='ltr'><strong>quam</strong></span> <span class='ocrx_word' id='word_1_137' title='bbox 1295 1137 1467 1176; x_wconf 82' lang='lat' dir='ltr'><strong>libenter</strong></span> <span class='ocrx_word' id='word_1_138' title='bbox 1496 1138 1550 1186; x_wconf 86' lang='lat' dir='ltr'><strong>te,</strong></span> 
     </span>
     <span class='ocr_line' id='line_1_18' title="bbox 179 1197 1550 1252; baseline -0.002 -13"><span class='ocrx_word' id='word_1_139' title='bbox 179 1201 335 1249; x_wconf 90' lang='lat' dir='ltr'><strong>mulier,</strong></span> <span class='ocrx_word' id='word_1_140' title='bbox 370 1200 558 1240; x_wconf 85' lang='lat' dir='ltr'><strong>odissem!</strong></span> <span class='ocrx_word' id='word_1_141' title='bbox 620 1213 700 1239; x_wconf 92' lang='lat' dir='ltr'><strong>non</strong></span> <span class='ocrx_word' id='word_1_142' title='bbox 732 1202 793 1240; x_wconf 90' lang='lat' dir='ltr'><strong>est</strong></span> <span class='ocrx_word' id='word_1_143' title='bbox 823 1200 961 1252; x_wconf 86' lang='lat' dir='ltr'><strong>igitur,</strong></span> <span class='ocrx_word' id='word_1_144' title='bbox 999 1198 1274 1250; x_wconf 77' lang='lat' dir='ltr'><strong>ingratissime</strong></span> <span class='ocrx_word' id='word_1_145' title='bbox 1304 1197 1550 1247; x_wconf 78' lang='lat' dir='ltr'><strong>mortalium,</strong></span> 
     </span>
     <span class='ocr_line' id='line_1_19' title="bbox 181 1257 1550 1311; baseline -0.002 -12"><span class='ocrx_word' id='word_1_146' title='bbox 181 1260 286 1311; x_wconf 92' lang='lat' dir='ltr'><strong>quod</strong></span> <span class='ocrx_word' id='word_1_147' title='bbox 317 1260 552 1300; x_wconf 90' lang='lat' dir='ltr'><strong>beneficium</strong></span> <span class='ocrx_word' id='word_1_148' title='bbox 582 1262 764 1300; x_wconf 89' lang='lat' dir='ltr'><strong>nostrum</strong></span> <span class='ocrx_word' id='word_1_149' title='bbox 795 1262 955 1300; x_wconf 91' lang='lat' dir='ltr'><strong>nomine</strong></span> <span class='ocrx_word' id='word_1_150' title='bbox 986 1257 1164 1311; x_wconf 88' lang='lat' dir='ltr'><strong>potionis</strong></span> <span class='ocrx_word' id='word_1_151' title='bbox 1194 1258 1376 1298; x_wconf 87' lang='lat' dir='ltr'><strong>infames.</strong></span> <span class='ocrx_word' id='word_1_152' title='bbox 1426 1271 1550 1297; x_wconf 85' lang='lat' dir='ltr'><strong>reme-</strong></span> 
     </span>
     <span class='ocr_line' id='line_1_20' title="bbox 110 1317 1550 1371; baseline -0.002 -11"><span class='ocrx_word' id='word_1_153' title='bbox 110 1318 160 1355; x_wconf 76' lang='grc'><strong>13</strong></span> <span class='ocrx_word' id='word_1_154' title='bbox 180 1322 289 1360; x_wconf 91' lang='lat' dir='ltr'><strong>dium</strong></span> <span class='ocrx_word' id='word_1_155' title='bbox 320 1321 471 1371; x_wconf 85' lang='lat' dir='ltr'><strong>bibisti,</strong></span> <span class='ocrx_word' id='word_1_156' title='bbox 503 1321 571 1361; x_wconf 90' lang='lat' dir='ltr'><strong>sed</strong></span> <span class='ocrx_word' id='word_1_157' title='bbox 596 1321 698 1360; x_wconf 92' lang='lat' dir='ltr'><strong>illud</strong></span> <span class='ocrx_word' id='word_1_158' title='bbox 724 1320 861 1360; x_wconf 91' lang='lat' dir='ltr'><strong>odium</strong></span> <span class='ocrx_word' id='word_1_159' title='bbox 885 1324 1001 1360; x_wconf 88' lang='lat' dir='ltr'><strong>tuum</strong></span> <span class='ocrx_word' id='word_1_160' title='bbox 1027 1322 1098 1360; x_wconf 87' lang='lat' dir='ltr'><strong>est.</strong></span> <span class='ocrx_word' id='word_1_161' title='bbox 1149 1317 1274 1369; x_wconf 79' lang='lat' dir='ltr'><strong>quid?</strong></span> <span class='ocrx_word' id='word_1_162' title='bbox 1306 1318 1413 1369; x_wconf 90' lang='lat' dir='ltr'><strong>quod</strong></span> <span class='ocrx_word' id='word_1_163' title='bbox 1437 1319 1550 1368; x_wconf 85' lang='lat' dir='ltr'><strong>furis,</strong></span> 
     </span>
     <span class='ocr_line' id='line_1_21' title="bbox 180 1378 1605 1431; baseline -0.001 -11"><span class='ocrx_word' id='word_1_164' title='bbox 180 1381 428 1431; x_wconf 87' lang='lat' dir='ltr'><strong>conviciaris,</strong></span> <span class='ocrx_word' id='word_1_165' title='bbox 461 1382 674 1431; x_wconf 81' lang='lat' dir='ltr'><strong>exclamas,</strong></span> <span class='ocrx_word' id='word_1_166' title='bbox 707 1394 788 1420; x_wconf 89' lang='lat' dir='ltr'><strong>non</strong></span> <span class='ocrx_word' id='word_1_167' title='bbox 819 1384 879 1420; x_wconf 89' lang='lat' dir='ltr'><strong>est</strong></span> <span class='ocrx_word' id='word_1_168' title='bbox 909 1382 1077 1421; x_wconf 88' lang='lat' dir='ltr'><strong>haustus</strong></span> <span class='ocrx_word' id='word_1_169' title='bbox 1107 1380 1218 1419; x_wconf 90' lang='lat' dir='ltr'><strong>illius</strong></span> <span class='ocrx_word' id='word_1_170' title='bbox 1251 1379 1449 1429; x_wconf 86' lang='lat' dir='ltr'><strong>adfectus,</strong></span> <span class='ocrx_word' id='word_1_171' title='bbox 1481 1378 1551 1418; x_wconf 86' lang='lat' dir='ltr'><strong>sed</strong></span> <span class='ocrx_word' id='word_1_172' title='bbox 1569 1391 1605 1418; x_wconf 76' lang='lat' dir='ltr'><strong>so</strong></span> 
     </span>
     <span class='ocr_line' id='line_1_22' title="bbox 179 1439 1550 1492; baseline -0.001 -12"><span class='ocrx_word' id='word_1_173' title='bbox 179 1455 301 1481; x_wconf 89' lang='lat' dir='ltr'><strong>amor.</strong></span> <span class='ocrx_word' id='word_1_174' title='bbox 351 1442 445 1481; x_wconf 88' lang='lat' dir='ltr'><strong>talis</strong></span> <span class='ocrx_word' id='word_1_175' title='bbox 477 1442 603 1481; x_wconf 88' lang='lat' dir='ltr'><strong>fuisti.</strong></span> <span class='ocrx_word' id='word_1_176' title='bbox 652 1442 764 1480; x_wconf 89' lang='lat' dir='ltr'><strong>aliud</strong></span> <span class='ocrx_word' id='word_1_177' title='bbox 794 1444 899 1492; x_wconf 89' lang='lat' dir='ltr'><strong>sunt,</strong></span> <span class='ocrx_word' id='word_1_178' title='bbox 931 1441 1042 1481; x_wconf 89' lang='lat' dir='ltr'><strong>aliud</strong></span> <span class='ocrx_word' id='word_1_179' title='bbox 1073 1441 1137 1480; x_wconf 89' lang='lat' dir='ltr'><strong>illi</strong></span> <span class='ocrx_word' id='word_1_180' title='bbox 1166 1453 1265 1490; x_wconf 90' lang='lat' dir='ltr'><strong>quos</strong></span> <span class='ocrx_word' id='word_1_181' title='bbox 1296 1439 1339 1478; x_wconf 88' lang='lat' dir='ltr'><strong>in</strong></span> <span class='ocrx_word' id='word_1_182' title='bbox 1363 1440 1550 1490; x_wconf 86' lang='lat' dir='ltr'><strong>volupta-</strong></span> 
     </span>
     <span class='ocr_line' id='line_1_23' title="bbox 179 1499 1550 1552; baseline -0.002 -11"><span class='ocrx_word' id='word_1_183' title='bbox 179 1505 238 1541; x_wconf 88' lang='lat' dir='ltr'><strong>tes</strong></span> <span class='ocrx_word' id='word_1_184' title='bbox 271 1502 598 1552; x_wconf 89' lang='lat' dir='ltr'><strong>superfluentium</strong></span> <span class='ocrx_word' id='word_1_185' title='bbox 629 1503 887 1541; x_wconf 85' lang='lat' dir='ltr'><strong>facultatium</strong></span> <span class='ocrx_word' id='word_1_186' title='bbox 918 1502 1048 1542; x_wconf 85' lang='lat' dir='ltr'><strong>mittit</strong></span> <span class='ocrx_word' id='word_1_187' title='bbox 1079 1513 1220 1541; x_wconf 86' lang='lat' dir='ltr'><strong>secura</strong></span> <span class='ocrx_word' id='word_1_188' title='bbox 1250 1500 1436 1540; x_wconf 88' lang='lat' dir='ltr'><strong>felicitas.</strong></span> <span class='ocrx_word' id='word_1_189' title='bbox 1490 1499 1550 1539; x_wconf 91' lang='lat' dir='ltr'><strong>in-</strong></span> 
     </span>
     <span class='ocr_line' id='line_1_24' title="bbox 180 1561 1550 1614; baseline -0.001 -13"><span class='ocrx_word' id='word_1_190' title='bbox 180 1562 342 1613; x_wconf 89' lang='lat' dir='ltr'><strong>probius</strong></span> <span class='ocrx_word' id='word_1_191' title='bbox 372 1575 567 1614; x_wconf 81' lang='lat' dir='ltr'><strong>pauperes</strong></span> <span class='ocrx_word' id='word_1_192' title='bbox 599 1564 748 1602; x_wconf 84' lang='lat' dir='ltr'><strong>amant.</strong></span> <span class='ocrx_word' id='word_1_193' title='bbox 812 1564 868 1602; x_wconf 88' lang='lat' dir='ltr'><strong>sic</strong></span> <span class='ocrx_word' id='word_1_194' title='bbox 898 1562 1213 1602; x_wconf 88' lang='lat' dir='ltr'><strong>tumultuabaris</strong></span> <span class='ocrx_word' id='word_1_195' title='bbox 1245 1561 1461 1611; x_wconf 88' lang='lat' dir='ltr'><strong>admissus,</strong></span> <span class='ocrx_word' id='word_1_196' title='bbox 1493 1561 1550 1600; x_wconf 88' lang='lat' dir='ltr'><strong>sic</strong></span> 
     </span>
     <span class='ocr_line' id='line_1_25' title="bbox 179 1615 1548 1674; baseline -0.001 -12"><span class='ocrx_word' id='word_1_197' title='bbox 179 1636 330 1672; x_wconf 89' lang='lat' dir='ltr'><strong>moras,</strong></span> <span class='ocrx_word' id='word_1_198' title='bbox 373 1623 430 1662; x_wconf 89' lang='lat' dir='ltr'><strong>sic</strong></span> <span class='ocrx_word' id='word_1_199' title='bbox 467 1623 740 1674; x_wconf 85' lang='lat' dir='ltr'><strong>inpedimenta</strong></span> <span class='ocrx_word' id='word_1_200' title='bbox 783 1623 887 1662; x_wconf 82' lang='lat' dir='ltr'><strong>ferre</strong></span> <span class='ocrx_word' id='word_1_201' title='bbox 925 1615 1005 1662; x_wconf 82' lang='lat' dir='ltr'><strong>non</strong></span> <span class='ocrx_word' id='word_1_202' title='bbox 1049 1625 1220 1673; x_wconf 86' lang='lat' dir='ltr'><strong>poteras.</strong></span> <span class='ocrx_word' id='word_1_203' title='bbox 1283 1620 1548 1661; x_wconf 81' lang='lat' dir='ltr'><strong>maledicebas</strong></span> 
     </span>
     <span class='ocr_line' id='line_1_26' title="bbox 180 1682 1605 1734; baseline -0.001 -13"><span class='ocrx_word' id='word_1_204' title='bbox 180 1683 346 1734; x_wconf 89' lang='lat' dir='ltr'><strong>populo,</strong></span> <span class='ocrx_word' id='word_1_205' title='bbox 385 1683 673 1722; x_wconf 87' lang='lat' dir='ltr'><strong>conviciabaris</strong></span> <span class='ocrx_word' id='word_1_206' title='bbox 704 1684 961 1723; x_wconf 86' lang='lat' dir='ltr'><strong>intrantibus.</strong></span> <span class='ocrx_word' id='word_1_207' title='bbox 1025 1684 1136 1723; x_wconf 82' lang='lat' dir='ltr'><strong>cuius</strong></span> <span class='ocrx_word' id='word_1_208' title='bbox 1169 1694 1362 1732; x_wconf 86' lang='lat' dir='ltr'><strong>umquam</strong></span> <span class='ocrx_word' id='word_1_209' title='bbox 1392 1682 1550 1721; x_wconf 86' lang='lat' dir='ltr'><strong>felicius</strong></span> <span class='ocrx_word' id='word_1_210' title='bbox 1570 1693 1605 1721; x_wconf 76' lang='lat'><strong>25</strong></span> 
     </span>
     <span class='ocr_line' id='line_1_27' title="bbox 181 1743 1551 1793; baseline -0.001 -11"><span class='ocrx_word' id='word_1_211' title='bbox 181 1745 426 1782; x_wconf 91' lang='lat' dir='ltr'><strong>commutata</strong></span> <span class='ocrx_word' id='word_1_212' title='bbox 458 1744 619 1782; x_wconf 86' lang='lat' dir='ltr'><strong>fortuna</strong></span> <span class='ocrx_word' id='word_1_213' title='bbox 652 1745 722 1793; x_wconf 88' lang='lat' dir='ltr'><strong>est,</strong></span> <span class='ocrx_word' id='word_1_214' title='bbox 755 1745 790 1783; x_wconf 91' lang='lat' dir='ltr'><strong>si</strong></span> <span class='ocrx_word' id='word_1_215' title='bbox 821 1746 916 1783; x_wconf 89' lang='lat' dir='ltr'><strong>tunc</strong></span> <span class='ocrx_word' id='word_1_216' title='bbox 949 1757 1084 1784; x_wconf 89' lang='lat' dir='ltr'><strong>omnes</strong></span> <span class='ocrx_word' id='word_1_217' title='bbox 1114 1743 1267 1792; x_wconf 89' lang='lat' dir='ltr'><strong>oderas,</strong></span> <span class='ocrx_word' id='word_1_218' title='bbox 1299 1754 1404 1782; x_wconf 87' lang='lat' dir='ltr'><strong>nunc</strong></span> <span class='ocrx_word' id='word_1_219' title='bbox 1428 1754 1551 1781; x_wconf 85' lang='lat' dir='ltr'><strong>unam</strong></span> 
     </span>
     <span class='ocr_line' id='line_1_28' title="bbox 179 1802 1550 1855; baseline -0.001 -13"><span class='ocrx_word' id='word_1_220' title='bbox 179 1817 333 1854; x_wconf 89' lang='lat' dir='ltr'><strong>pauper</strong></span> <span class='ocrx_word' id='word_1_221' title='bbox 365 1803 512 1843; x_wconf 78' lang='lat' dir='ltr'><strong>odisti?</strong></span> <span class='ocrx_word' id='word_1_222' title='bbox 575 1805 672 1854; x_wconf 91' lang='lat' dir='ltr'><strong>quin</strong></span> <span class='ocrx_word' id='word_1_223' title='bbox 702 1804 850 1855; x_wconf 88' lang='lat' dir='ltr'><strong>potius,</strong></span> <span class='ocrx_word' id='word_1_224' title='bbox 881 1805 1048 1854; x_wconf 85' lang='lat' dir='ltr'><strong>iuvenis,</strong></span> <span class='ocrx_word' id='word_1_225' title='bbox 1084 1804 1266 1843; x_wconf 89' lang='lat' dir='ltr'><strong>admittis</strong></span> <span class='ocrx_word' id='word_1_226' title='bbox 1299 1802 1457 1842; x_wconf 78' lang='lat' dir='ltr'><strong>consilii</strong></span> <span class='ocrx_word' id='word_1_227' title='bbox 1486 1815 1550 1841; x_wconf 91' lang='lat' dir='ltr'><strong>ra-</strong></span> 
     </span>
     <span class='ocr_line' id='line_1_29' title="bbox 180 1862 1550 1916; baseline -0.001 -14"><span class='ocrx_word' id='word_1_228' title='bbox 180 1862 357 1902; x_wconf 77' lang='lat' dir='ltr'><strong>tionem?</strong></span> <span class='ocrx_word' id='word_1_229' title='bbox 419 1864 516 1914; x_wconf 90' lang='lat' dir='ltr'><strong>quid</strong></span> <span class='ocrx_word' id='word_1_230' title='bbox 547 1864 650 1916; x_wconf 88' lang='lat' dir='ltr'><strong>agis,</strong></span> <span class='ocrx_word' id='word_1_231' title='bbox 688 1864 857 1903; x_wconf 76' lang='lat' dir='ltr'><strong>infelix?</strong></span> <span class='ocrx_word' id='word_1_232' title='bbox 918 1878 990 1904; x_wconf 87' lang='lat' dir='ltr'><strong>cur</strong></span> <span class='ocrx_word' id='word_1_233' title='bbox 1020 1864 1220 1904; x_wconf 89' lang='lat' dir='ltr'><strong>redditam</strong></span> <span class='ocrx_word' id='word_1_234' title='bbox 1250 1863 1368 1902; x_wconf 91' lang='lat' dir='ltr'><strong>modo</strong></span> <span class='ocrx_word' id='word_1_235' title='bbox 1400 1864 1550 1902; x_wconf 80' lang='lat' dir='ltr'><strong>sanita-</strong></span> 
     </span>
     <span class='ocr_line' id='line_1_30' title="bbox 180 1924 1551 1976; baseline 0 -14"><span class='ocrx_word' id='word_1_236' title='bbox 180 1926 263 1963; x_wconf 93' lang='lat' dir='ltr'><strong>tem</strong></span> <span class='ocrx_word' id='word_1_237' title='bbox 280 1925 412 1976; x_wconf 86' lang='lat' dir='ltr'><strong>rigore</strong></span> <span class='ocrx_word' id='word_1_238' title='bbox 439 1924 585 1963; x_wconf 86' lang='lat' dir='ltr'><strong>nimiae</strong></span> <span class='ocrx_word' id='word_1_239' title='bbox 612 1926 879 1964; x_wconf 88' lang='lat' dir='ltr'><strong>contentionis</strong></span> <span class='ocrx_word' id='word_1_240' title='bbox 906 1924 1142 1976; x_wconf 72' lang='lat' dir='ltr'><strong>exasperas?</strong></span> <span class='ocrx_word' id='word_1_241' title='bbox 1185 1924 1387 1976; x_wconf 87' lang='lat' dir='ltr'><strong>praedico,</strong></span> <span class='ocrx_word' id='word_1_242' title='bbox 1413 1925 1551 1973; x_wconf 90' lang='lat' dir='ltr'><strong>testor,</strong></span> 
     </span>
    </p>
   </div>
   <div class='ocr_carea' id='block_1_3' title="bbox 179 2006 400 2010">
    <p class='ocr_par' dir='ltr' id='par_1_3' title="bbox 179 2006 400 2010">
     <span class='ocr_line' id='line_1_31' title="bbox 179 2006 400 2010; baseline 0 0"><span class='ocrx_word' id='word_1_243' title='bbox 179 2006 400 2010; x_wconf 95' lang='lat' dir='ltr'><strong> </strong></span> 
     </span>
    </p>
   </div>
   <div class='ocr_carea' id='block_1_4' title="bbox 179 2051 1559 2329">
    <p class='ocr_par' dir='ltr' id='par_1_4' title="bbox 179 2051 1559 2329">
     <span class='ocr_line' id='line_1_32' title="bbox 278 2051 1549 2096; baseline 0.001 -11"><span class='ocrx_word' id='word_1_244' title='bbox 278 2055 296 2085; x_wconf 92' lang='lat'>1</span> <span class='ocrx_word' id='word_1_245' title='bbox 324 2061 446 2096; x_wconf 89' lang='lat' dir='ltr'><strong>neque</strong></span> <span class='ocrx_word' id='word_1_246' title='bbox 471 2062 518 2086; x_wconf 88' lang='lat' dir='ltr'><strong>ne</strong></span> <span class='ocrx_word' id='word_1_247' title='bbox 543 2058 615 2094; x_wconf 60' lang='lat' dir='ltr'><strong>Vsus</strong></span> <span class='ocrx_word' id='word_1_248' title='bbox 698 2056 718 2086; x_wconf 88' lang='grc'><strong>3</strong></span> <span class='ocrx_word' id='word_1_249' title='bbox 747 2051 919 2087; x_wconf 88' lang='lat' dir='ltr'><strong>adhiberi</strong></span> <span class='ocrx_word' id='word_1_250' title='bbox 947 2058 988 2086; x_wconf 83' lang='lat' dir='ltr'><em>M</em></span> <span class='ocrx_word' id='word_1_251' title='bbox 1058 2052 1213 2087; x_wconf 88' lang='lat' dir='ltr'><strong>odierno</strong></span> <span class='ocrx_word' id='word_1_252' title='bbox 1239 2057 1277 2086; x_wconf 94' lang='grc' dir='ltr'><em>Β</em></span> <span class='ocrx_word' id='word_1_253' title='bbox 1357 2054 1378 2086; x_wconf 90' lang='lat'>5</span> <span class='ocrx_word' id='word_1_254' title='bbox 1405 2061 1549 2087; x_wconf 81' lang='lat' dir='ltr'><strong>amare:</strong></span> 
     </span>
     <span class='ocr_line' id='line_1_33' title="bbox 181 2099 1551 2144; baseline 0 -10"><span class='ocrx_word' id='word_1_255' title='bbox 181 2109 314 2134; x_wconf 87' lang='lat' dir='ltr'><strong>sanare</strong></span> <span class='ocrx_word' id='word_1_256' title='bbox 339 2105 368 2133; x_wconf 78' lang='lat' dir='ltr'><em>V</em></span> <span class='ocrx_word' id='word_1_257' title='bbox 448 2102 469 2134; x_wconf 91' lang='lat'>8</span> <span class='ocrx_word' id='word_1_258' title='bbox 495 2100 562 2135; x_wconf 89' lang='lat' dir='ltr'><strong>tua</strong></span> <span class='ocrx_word' id='word_1_259' title='bbox 587 2111 654 2136; x_wconf 89' lang='lat' dir='ltr'><strong>om.</strong></span> <span class='ocrx_word' id='word_1_260' title='bbox 677 2109 712 2144; x_wconf 75' lang='grc' dir='ltr'><strong>βς</strong></span> <span class='ocrx_word' id='word_1_261' title='bbox 745 2100 801 2136; x_wconf 90' lang='lat' dir='ltr'><strong>ita</strong></span> <span class='ocrx_word' id='word_1_262' title='bbox 826 2100 924 2144; x_wconf 76' lang='lat' dir='ltr'><strong>Sch.;</strong></span> <span class='ocrx_word' id='word_1_263' title='bbox 951 2102 1031 2136; x_wconf 88' lang='lat' dir='ltr'><strong>tam</strong></span> <span class='ocrx_word' id='word_1_264' title='bbox 1060 2100 1162 2144; x_wconf 81' lang='lat' dir='ltr'><strong>Obr.3</strong></span> <span class='ocrx_word' id='word_1_265' title='bbox 1187 2100 1266 2136; x_wconf 88' lang='lat' dir='ltr'><strong>iam</strong></span> <span class='ocrx_word' id='word_1_266' title='bbox 1291 2099 1366 2135; x_wconf 75' lang='lat' dir='ltr'><strong>Bu.</strong></span> <span class='ocrx_word' id='word_1_267' title='bbox 1454 2102 1475 2134; x_wconf 88' lang='grc'>9</span> <span class='ocrx_word' id='word_1_268' title='bbox 1500 2099 1551 2134; x_wconf 91' lang='lat' dir='ltr'><strong>ri-</strong></span> 
     </span>
     <span class='ocr_line' id='line_1_34' title="bbox 181 2146 1555 2194; baseline 0.001 -13"><span class='ocrx_word' id='word_1_269' title='bbox 181 2147 286 2183; x_wconf 89' lang='lat' dir='ltr'><strong>dere:</strong></span> <span class='ocrx_word' id='word_1_270' title='bbox 320 2147 424 2182; x_wconf 89' lang='lat' dir='ltr'><strong>odire</strong></span> <span class='ocrx_word' id='word_1_271' title='bbox 450 2154 477 2181; x_wconf 83' lang='lat' dir='ltr'><strong><em>V</em></strong></span> <span class='ocrx_word' id='word_1_272' title='bbox 587 2149 759 2194; x_wconf 86' lang='lat' dir='ltr'><strong>recepete</strong></span> <span class='ocrx_word' id='word_1_273' title='bbox 785 2154 830 2192; x_wconf 86' lang='grc' dir='ltr'><strong>Β,</strong></span> <span class='ocrx_word' id='word_1_274' title='bbox 857 2160 948 2184; x_wconf 82' lang='lat' dir='ltr'><strong>corr.</strong></span> <span class='ocrx_word' id='word_1_275' title='bbox 970 2156 993 2183; x_wconf 72' lang='grc' dir='ltr'><strong>ὁ</strong></span> <span class='ocrx_word' id='word_1_276' title='bbox 1118 2152 1160 2184; x_wconf 94' lang='grc'><strong>12</strong></span> <span class='ocrx_word' id='word_1_277' title='bbox 1189 2160 1275 2184; x_wconf 90' lang='lat' dir='ltr'><strong>cum</strong></span> <span class='ocrx_word' id='word_1_278' title='bbox 1299 2148 1355 2184; x_wconf 82' lang='lat' dir='ltr'><strong>vel</strong></span> <span class='ocrx_word' id='word_1_279' title='bbox 1374 2149 1460 2183; x_wconf 84' lang='lat' dir='ltr'><strong>tum</strong></span> <span class='ocrx_word' id='word_1_280' title='bbox 1484 2146 1555 2183; x_wconf 68' lang='lat'><strong>21²</strong></span> 
     </span>
     <span class='ocr_line' id='line_1_35' title="bbox 182 2195 1559 2242; baseline -0.001 -11"><span class='ocrx_word' id='word_1_281' title='bbox 182 2199 226 2231; x_wconf 84' lang='lat'><strong>15</strong></span> <span class='ocrx_word' id='word_1_282' title='bbox 251 2195 498 2241; x_wconf 87' lang='lat' dir='ltr'><strong>imperatores</strong></span> <span class='ocrx_word' id='word_1_283' title='bbox 517 2202 555 2230; x_wconf 98' lang='grc' dir='ltr'><em>Β</em></span> <span class='ocrx_word' id='word_1_284' title='bbox 627 2200 670 2231; x_wconf 88' lang='grc'><strong>19</strong></span> <span class='ocrx_word' id='word_1_285' title='bbox 697 2207 778 2232; x_wconf 88' lang='lat' dir='ltr'><strong>esse</strong></span> <span class='ocrx_word' id='word_1_286' title='bbox 803 2203 831 2231; x_wconf 76' lang='lat' dir='ltr'><strong><em>V</em></strong></span> <span class='ocrx_word' id='word_1_287' title='bbox 887 2196 980 2242; x_wconf 88' lang='lat' dir='ltr'><strong>quid</strong></span> <span class='ocrx_word' id='word_1_288' title='bbox 1005 2208 1073 2232; x_wconf 83' lang='lat' dir='ltr'><strong>om.</strong></span> <span class='ocrx_word' id='word_1_289' title='bbox 1089 2203 1139 2239; x_wconf 81' lang='lat' dir='ltr'><strong>M,</strong></span> <span class='ocrx_word' id='word_1_290' title='bbox 1159 2196 1246 2233; x_wconf 81' lang='lat' dir='ltr'><strong>add.</strong></span> <span class='ocrx_word' id='word_1_291' title='bbox 1262 2210 1306 2232; x_wconf 81' lang='lat' dir='ltr'><strong>m</strong></span> <span class='ocrx_word' id='word_1_292' title='bbox 1366 2195 1468 2232; x_wconf 90' lang='lat' dir='ltr'><strong>fures</strong></span> <span class='ocrx_word' id='word_1_293' title='bbox 1487 2202 1559 2231; x_wconf 81' lang='lat' dir='ltr'><strong>BV</strong></span> 
     </span>
     <span class='ocr_line' id='line_1_36' title="bbox 181 2243 1485 2281; baseline 0.001 -3"><span class='ocrx_word' id='word_1_294' title='bbox 181 2247 227 2279; x_wconf 86' lang='lat'><strong>20</strong></span> <span class='ocrx_word' id='word_1_295' title='bbox 253 2243 499 2279; x_wconf 87' lang='lat' dir='ltr'><strong>convinciaris</strong></span> <span class='ocrx_word' id='word_1_296' title='bbox 525 2251 562 2278; x_wconf 90' lang='grc' dir='ltr'><em>Β</em></span> <span class='ocrx_word' id='word_1_297' title='bbox 646 2245 728 2280; x_wconf 88' lang='lat' dir='ltr'><strong>sed:</strong></span> <span class='ocrx_word' id='word_1_298' title='bbox 756 2246 794 2280; x_wconf 91' lang='lat' dir='ltr'><strong>et</strong></span> <span class='ocrx_word' id='word_1_299' title='bbox 819 2251 888 2280; x_wconf 68' lang='lat' dir='ltr'><strong>BV</strong></span> <span class='ocrx_word' id='word_1_300' title='bbox 976 2249 1018 2279; x_wconf 95' lang='grc'><strong>21</strong></span> <span class='ocrx_word' id='word_1_301' title='bbox 1050 2245 1156 2281; x_wconf 91' lang='lat' dir='ltr'><strong>aliud</strong></span> <span class='ocrx_word' id='word_1_302' title='bbox 1182 2245 1337 2281; x_wconf 78' lang='lat' dir='ltr'><strong>alterum</strong></span> <span class='ocrx_word' id='word_1_303' title='bbox 1362 2256 1429 2280; x_wconf 88' lang='lat' dir='ltr'><strong>om.</strong></span> <span class='ocrx_word' id='word_1_304' title='bbox 1456 2251 1485 2279; x_wconf 80' lang='lat' dir='ltr'><strong><em>V</em></strong></span> 
     </span>
     <span class='ocr_line' id='line_1_37' title="bbox 179 2291 1557 2329; baseline 0 -2"><span class='ocrx_word' id='word_1_305' title='bbox 179 2291 374 2327; x_wconf 87' lang='lat' dir='ltr'><strong>voluntate</strong></span> <span class='ocrx_word' id='word_1_306' title='bbox 401 2306 425 2326; x_wconf 91' lang='grc' dir='ltr'><strong>α</strong></span> <span class='ocrx_word' id='word_1_307' title='bbox 529 2296 574 2327; x_wconf 91' lang='grc'><strong>22</strong></span> <span class='ocrx_word' id='word_1_308' title='bbox 601 2292 830 2329; x_wconf 88' lang='lat' dir='ltr'><strong>facultatum</strong></span> <span class='ocrx_word' id='word_1_309' title='bbox 862 2299 954 2328; x_wconf 55' lang='lat' dir='ltr'><strong>VM&amp;</strong></span> <span class='ocrx_word' id='word_1_310' title='bbox 1048 2297 1093 2328; x_wconf 86' lang='grc'>23</span> <span class='ocrx_word' id='word_1_311' title='bbox 1122 2295 1165 2328; x_wconf 89' lang='lat' dir='ltr'><strong>tu</strong></span> <span class='ocrx_word' id='word_1_312' title='bbox 1190 2292 1486 2329; x_wconf 80' lang='lat' dir='ltr'><strong>tumultuabaris</strong></span> <span class='ocrx_word' id='word_1_313' title='bbox 1513 2298 1557 2327; x_wconf 73' lang='grc' dir='ltr'><em>Μ</em></span> 
     </span>
    </p>
   </div>
   <div class='ocr_carea' id='block_1_5' title="bbox 180 2352 1480 2459">
    <p class='ocr_par' dir='ltr' id='par_1_5' title="bbox 180 2352 1480 2459">
     <span class='ocr_line' id='line_1_38' title="bbox 180 2352 1480 2412; baseline 0.001 -12"><span class='ocrx_word' id='word_1_314' title='bbox 180 2368 226 2400; x_wconf 89' lang='grc'>28</span> <span class='ocrx_word' id='word_1_315' title='bbox 253 2352 323 2410; x_wconf 71' lang='lat' dir='ltr'><strong>qiir</strong></span> <span class='ocrx_word' id='word_1_316' title='bbox 347 2371 384 2399; x_wconf 91' lang='grc' dir='ltr'><em>Β</em></span> <span class='ocrx_word' id='word_1_317' title='bbox 480 2367 524 2400; x_wconf 88' lang='grc'><strong>29</strong></span> <span class='ocrx_word' id='word_1_318' title='bbox 552 2369 636 2401; x_wconf 77' lang='lat' dir='ltr'><strong>ante</strong></span> <span class='ocrx_word' id='word_1_319' title='bbox 661 2376 862 2412; x_wconf 85' lang='lat' dir='ltr'><strong>exasperas</strong></span> <span class='ocrx_word' id='word_1_320' title='bbox 889 2366 974 2401; x_wconf 79' lang='lat' dir='ltr'><strong>add.</strong></span> <span class='ocrx_word' id='word_1_321' title='bbox 1002 2365 1156 2411; x_wconf 85' lang='lat' dir='ltr'><strong>perfura</strong></span> <span class='ocrx_word' id='word_1_322' title='bbox 1179 2371 1222 2410; x_wconf 78' lang='lat' dir='ltr'><strong>P,</strong></span> <span class='ocrx_word' id='word_1_323' title='bbox 1248 2365 1316 2401; x_wconf 79' lang='lat' dir='ltr'><strong>del.</strong></span> <span class='ocrx_word' id='word_1_324' title='bbox 1337 2376 1434 2401; x_wconf 73' lang='lat' dir='ltr'><strong>man.</strong></span> <span class='ocrx_word' id='word_1_325' title='bbox 1456 2367 1480 2401; x_wconf 87' lang='lat'><em>3</em></span> 
     </span>
     <span class='ocr_line' id='line_1_39' title="bbox 181 2412 448 2459; baseline 0.004 -12"><span class='ocrx_word' id='word_1_326' title='bbox 181 2412 380 2459; x_wconf 85' lang='lat' dir='ltr'><strong>praedicor</strong></span> <span class='ocrx_word' id='word_1_327' title='bbox 406 2419 448 2448; x_wconf 86' lang='lat' dir='ltr'><em>M</em></span> 
     </span>
    </p>
   </div>
  </div>
 </body>
</html>
