1638 2560
193 124 251 167 64
609 117 854 155 TRIBVNVS
879 114 1137 152 MARLANVS

191 238 363 278 ultionis.
416 235 707 285 paenitentibus
738 235 835 273 certe
865 232 971 278 solis,
1001 242 1083 270 non
1113 233 1244 269 tamen
1274 229 1468 274 omnibus,
1497 228 1560 268 in·

193 299 345 348 dfulyeri
380 298 536 336 veniam
572 296 632 334 lex
663 294 833 333 concedit
869 304 968 341 quae
1004 292 1197 330 nimirum
1234 291 1326 339 ipsa
1354 289 1560 338 perpetuis

193 358 458 398 sanctionibus
489 359 524 395 et
552 357 722 395 instituit
752 358 786 394 et
815 353 1039 398 mandavit,
1073 353 1117 390 ut
1146 351 1441 400 impaenitentes
1473 349 1561 389 ami-

193 418 476 459 madversionis
500 417 737 455 durissimae
761 414 955 462 condiqna
982 424 1134 461 semper
1160 412 1400 461 irroqationc
1423 421 1561 450 vexen-

195 483 270 518 tur.
320 481 390 517 aut
411 479 534 527 iyitur
556 479 601 515 ut
625 476 805 525 defensor
829 475 923 524 leyis
947 473 1220 513 sanctissimae
1244 472 1562 511 cruentissimum
1598 482 1616 510 5

187 541 333 589 punies
369 537 620 582 homicidam,
658 539 728 575 aut
758 531 859 587 (in)
890 536 1148 582 contemptum
1185 534 1269 572 eius
1306 529 1451 572 hostem
1482 531 1563 570 Ro-

194 601 305 639 mani
336 602 370 638 et
399 598 706 638 conturbatorem
737 596 910 635 absolves
942 596 1141 634 exercitus.

151 658 172 695 7
287 659 341 698 In
366 662 399 698 te
424 670 571 708 quoque
595 659 716 697 iactat
746 657 920 711 convicia
945 657 1013 705 qui
1042 654 1244 704 splendori
1274 656 1339 693 tuo
1370 655 1563 702 qucmtum

187 723 324 770 potest,
368 720 527 758 enititur
569 717 616 757 de
650 718 876 766 propinquo
920 719 984 755 tuo
1023 718 1058 755 et
1093 715 1336 764 confusionis
1378 713 1564 753 nebulam

195 781 419 829 obsuftlare.
481 779 728 818 abiurandus
766 780 837 823 est,
873 778 1019 826 inquit,
1055 787 1136 815 non
1167 778 1223 815 est
1257 775 1423 824 sanquis
1459 776 1563 813 tuus.
1582 786 1618 813 ιο

196 844 372 886 ceterum,
404 851 503 889 quae
532 842 567 878 te
598 842 702 888 coyet
730 838 933 884 violentia,
968 837 1048 877 Gai
1079 837 1213 882 Mari,
1245 846 1346 885 quae
1376 834 1448 875 tibi
1470 845 1565 884 per-

196 901 361 940 suadeat
398 901 556 939 ambitio
594 902 705 938 tuum
741 900 974 948 sanquinem
1011 897 1226 937 abiurare?
1271 897 1359 945 quis
1395 895 1565 935 invictae

197 963 352 1000 virtutis
383 961 518 1000 ducem
549 960 705 1010 coyere?
743 961 830 1008 quis
860 960 1055 1008 pecuniae
1089 959 1386 1006 contemptorem
1417 955 1471 995 ad
1501 955 1565 995 de-

192 1021 445 1070 primendam
474 1022 668 1060 iustitiam
691 1021 837 1069 poterit
865 1020 1060 1058 inclinare
1090 1017 1351 1057 muneribus?
1398 1028 1480 1055 non
1511 1018 1567 1056 est

199 1083 301 1121 enim
338 1082 406 1131 qui
441 1081 666 1120 Romanum
702 1081 927 1129 supplantet
963 1080 1174 1125 iudicium,
1218 1079 1286 1128 qui
1327 1078 1569 1127 distorqueat
1585 1088 1620 1115 15

199 1143 440 1191 aequitatem,
470 1143 587 1181 immo
619 1143 686 1190 qui
716 1142 916 1180 veritatem
939 1141 1165 1188 prostituat.
1218 1142 1253 1179 et
1282 1139 1371 1178 licet
1394 1137 1566 1178 eiusdem

199 1203 269 1241 tibi
300 1202 460 1241 latenter
490 1205 622 1241 notam
653 1204 824 1250 opponat
853 1202 1014 1250 flayitii,
1051 1200 1154 1250 quod
1183 1201 1229 1240 in
1259 1199 1463 1239 tribunum
1493 1199 1567 1237 im-

192 1262 388 1313 pudenter
424 1265 459 1301 et
486 1265 578 1311 post
613 1265 773 1301 mortem
806 1263 982 1311 impeyit‚
1020 1263 1210 1310 tanquam
1247 1259 1358 1309 apud
1388 1262 1424 1299 te
1460 1259 1567 1298 domi

201 1323 395 1368 didicerit,
427 1323 529 1371 quod
559 1325 594 1362 et
622 1324 725 1362 inter
755 1335 871 1361 arma
894 1322 1145 1371 postmodum
1175 1322 1299 1370 fuerit
1320 1322 1567 1369 prosecutus,

200 1386 331 1422 memet
354 1386 483 1422 tamen
507 1384 717 1422 immobilis
743 1384 869 1422 animi
899 1384 958 1421 tui
982 1384 1097 1431 fortis
1121 1382 1195 1422 illa
1221 1381 1442 1421 constantia
1466 1391 1567 1429 quae
1586 1391 1621 1418 20

202 1455 270 1482 nec
300 1445 440 1482 terrori
470 1444 715 1483 succumbere
745 1455 814 1482 nec
846 1443 1068 1482 adulationi
1098 1444 1251 1482 noverit
1280 1442 1506 1481 consentire.

294 1503 470 1542 Ceterum
500 1505 594 1553 quid
632 1504 678 1543 de
707 1505 889 1552 paternis
919 1505 996 1543 sibi
1032 1503 1243 1542 virtutibus
1275 1501 1422 1541 audeat
1455 1501 1568 1540 miles

202 1564 493 1612 impurissimus
530 1565 743 1614 arro-aare?
780 1567 970 1612 tanquam
1008 1564 1061 1602 ad
1097 1565 1230 1612 ipsum
1260 1563 1366 1602 tituli
1398 1562 1569 1612 yenialis

204 1624 477 1670 descenderint,
507 1627 541 1662 et
565 1625 611 1663 de
629 1626 762 1673 patris
787 1625 870 1663 luce
894 1626 1021 1674 mayis
1047 1625 1237 1674 effulserit
1259 1624 1338 1672 filii
1362 1622 1569 1662 claritudo.

203 1695 283 1722 non
308 1684 508 1722 derivatur
533 1697 558 1723 a
583 1686 748 1733 proavis
772 1685 1010 1724 illuminatio
1041 1686 1230 1733 filiorum,
1259 1685 1330 1723 n‘ec
1353 1686 1570 1732 parentum
1589 1693 1623 1720 25

205 1744 419 1782 obscuritas
449 1745 493 1783 in
523 1748 675 1792 nepotes
700 1757 850 1793 semper
880 1746 1188 1794 transfunditur.
1238 1745 1451 1793 unicuique
1474 1754 1571 1792 pro-

198 1804 317 1853 priae
346 1805 484 1842 mentis
514 1805 709 1851 nobilitas,
741 1808 775 1844 et
801 1808 996 1855 qestorum
1026 1806 1243 1845 illustrium
1275 1805 1329 1844 ad
1353 1805 1571 1844 claritatem

304 1946 321 1977 1
351 1942 450 1977 sokus
477 1947 522 1977 Ν
612 1946 631 1976 3
664 1943 969 1988 impaenitentes:
1003 1945 1043 1979 in
1073 1943 1263 1990 penitenti
1289 1947 1335 1978 Ν
1424 1945 1447 1976 4
1478 1941 1571 1977 irro-

208 1990 356 2036 gationi
387 1992 479 2026 Bu.:
515 1991 810 2036 interrogatione
842 1994 978 2029 codices
1101 1996 1121 2027 6
1154 1993 1383 2028 Romanumx
1416 1989 1573 2026 codices.-

206 2039 348 2075 corre-ni
445 2042 466 2074 8
497 2039 537 2074 in
568 2041 621 2075 te:
655 2039 734 2074 iure
761 2045 804 2074 Ν
894 2041 959 2085 qui
990 2053 1057 2077 om.
1080 2046 1125 2076 N
1216 2043 1260 2076 10
1293 2038 1497 2076 obsufflare
1528 2049 1573 2074 ex

207 2086 402 2122 ossufflare
428 2093 471 2121 M
540 2088 597 2122 est
621 2088 768 2132 scripsi:
796 2099 875 2123 esse
901 2089 1038 2126 codices
1126 2093 1167 2125 11
1195 2087 1445 2135 persuaderem
1473 2093 1501 2122 υ

694 2136 717 2144 κ

694 2143 718 2174 XXXX

210 2175 254 2206 12
281 2171 463 2217 sanguine
490 2177 533 2205 M
617 2171 779 2218 ἱῑινίξξῂθ
807 2179 860 2216 Μς
888 2173 1003 2208 invite
1033 2181 1076 2218 υς
1103 2174 1244 2209 iniuste
1270 2177 1315 2208 Ν
1400 2175 1444 2207 15
1472 2171 1573 2206 enim

208 2220 266 2254 est
291 2224 360 2254 No
434 2219 516 2265 qui:
544 2230 617 2264 quo
645 2225 688 2254 Ν
780 2224 823 2254 16
851 2221 917 2266 qui
941 2233 1007 2257 om.
1031 2227 1074 2256 N
1167 2225 1210 2257 18
1242 2220 1420 2267 impegit:
1447 2220 1524 2255 im·
1541 2240 1547 2246 ·
1564 2240 1571 2246 -

207 2268 371 2314 (lacuna)
398 2272 442 2302 N
533 2267 650 2303 domi:
678 2269 763 2303 dem
789 2273 833 2303 N
948 2273 991 2304 19
1018 2269 1092 2304 fuit
1121 2277 1148 2304 o
1247 2273 1291 2305 22
1319 2268 1421 2314 quod.
1449 2274 1477 2303 o

210 2319 254 2351 23
286 2317 470 2360 tanquam
494 2330 536 2350 m
553 2316 653 2352 Obr.:
687 2317 838 2361 iamque
865 2322 973 2352 MNO
1072 2322 1116 2353 24
1142 2318 1264 2364 magis
1290 2318 1333 2353 in
1358 2317 1424 2353 lac.
1446 2327 1515 2352 om.
1536 2320 1581 2351 N

208 2368 253 2400 25
285 2363 478 2399 derivatur
505 2371 591 2399 om:
626 2364 797 2400 deviatur
823 2364 892 2400 M?
907 2370 959 2409 Ν;
996 2378 1047 2401 an
1077 2370 1168 2402 recte
1188 2366 1207 2402 ,9
1305 2369 1350 2401 26
1382 2365 1573 2410 unicuque

208 2418 264 2457 M,
297 2424 387 2449 corr.
408 2426 450 2447 m
549 2416 593 2447 27
620 2412 778 2448 illustris
806 2417 846 2447 N
