1638 2560
151 126 208 169 26
603 112 785 152 CAEGVS
810 111 863 148 IN
888 107 1061 146 LIMINE

153 242 193 279 et
224 238 403 278 adfectus
434 232 578 273 osculis
615 228 903 277 blanditiisque
936 223 1138 275 quaesitos
1171 219 1279 272 quod
1315 217 1517 258 natalium

152 301 443 352 pignorumque
473 288 740 333 reverentias?
802 287 933 326 nullas
966 298 1040 337 ego
1073 282 1232 323 facilius
1268 279 1401 331 perire
1434 290 1517 318 cre-

156 360 322 399 diderim
363 369 483 408 quam
519 364 728 404 corporum
772 348 968 388 caritates.
1033 346 1073 383 et
1112 344 1209 382 licet
1247 337 1517 380 matrimoniis

155 420 353 472 paulatim
382 415 604 455 reverentia
636 410 847 463 gravitatis
881 406 1055 456 accedat,
1086 404 1256 456 possunt
1289 403 1427 440 tamen
1458 398 1517 438 di-

156 480 282 520 strahi
311 477 505 517 facilitate
531 486 611 525 qua
643 471 794 511 coeunt.
844 481 945 508 uxor
977 468 1036 506 est
1062 477 1187 516 quam
1217 463 1364 515 iungit,
1395 473 1518 512 quam
1554 471 1573 499 5

156 540 306 580 diducit
342 537 507 576 utilitas.
571 534 681 573 cuius
717 532 815 571 haec
847 530 931 568 sola
961 525 1188 567 reverentia
1225 525 1287 563 est
1319 522 1428 573 quod
1457 521 1523 575 vij

157 601 271 639 detur
301 598 462 638 inventa
495 607 613 634 causa
644 593 869 632 liberorum.
922 588 1135 639 aspicimus
1166 584 1520 625 matrimoniorum

158 660 314 712 singula
350 658 552 697 momenta
587 654 778 702 rixantia,
815 651 975 690 mutant
1012 647 1158 687 cotidie
1197 645 1336 685 domos
1373 645 1415 683 et
1447 655 1520 695 per

158 720 358 771 amplexus
389 717 633 766 lectulosque
659 713 897 753 discurrunt.
946 710 1081 761 placet
1105 708 1230 746 etiam
1254 706 1348 756 post
1371 703 1520 744 liberos

156 782 258 820 alius
288 779 467 827 maritus,
500 778 550 826 et,
584 774 688 814 unde
720 770 989 824 deprehendas
1021 769 1202 809 omnium
1233 765 1429 806 scelerum
1459 765 1520 804 fa-
1540 777 1575 805 ιο

158 841 361 888 cilitatem,
392 838 560 889 possunt
590 849 670 874 non
703 846 835 873 amare
862 833 1052 871 viventes.
1106 828 1214 880 quid,
1246 826 1280 867 si
1304 826 1399 865 111110
1423 838 1521 865 uxo-

157 903 239 940 riae
269 900 420 939 vilitati
443 897 650 937 novercale
677 908 820 934 nomen
846 889 1072 943 adiungas?
1116 888 1278 928 mulieri
1299 899 1402 938 quae
1427 887 1523 938 post

158 962 303 1000 liberos
328 959 541 1007 inducitur,
566 956 813 995 matrimonii
840 967 920 993 non
946 952 1145 1002 contingit
1169 951 1258 989 tota
1282 949 1521 988 reverentia.

112 1022 136 1058 8
251 1020 407 1066 Quanto
457 1018 556 1057 alios
605 1017 786 1067 praestat
834 1014 1013 1053 adfectus
1058 1012 1223 1063 diligere
1266 1010 1376 1049 vitae
1419 1008 1521 1048 lucis

161 1079 391 1120 auctorem?
447 1078 563 1117 liberi
595 1090 640 1116 ac
670 1077 848 1127 parentis
880 1088 959 1114 non
993 1073 1097 1112 alius
1127 1071 1227 1111 mihi
1258 1069 1421 1110 videtur
1451 1068 1523 1108 ad·
1542 1082 1577 1110 15

161 1142 286 1180 fectus
325 1153 444 1190 quam
481 1151 558 1189 quo
600 1151 731 1175 rerum
773 1138 935 1185 natura,
975 1147 1052 1184 quo
1090 1132 1260 1172 mundus
1305 1132 1391 1182 ipse
1430 1142 1524 1169 con-

162 1202 324 1241 strictus
351 1202 419 1239 est.
465 1200 725 1249 quisquamne
750 1196 982 1235 mortalium
1008 1193 1208 1233 confodiet
1232 1191 1336 1232 illud
1362 1203 1524 1231 sacrum

162 1261 506 1310 venerandumque
545 1271 685 1308 corpus
718 1257 825 1308 quod
855 1258 989 1307 potest
1021 1268 1067 1294 ex
1103 1254 1263 1306 ignibus
1301 1253 1411 1303 rapi,
1449 1264 1522 1303 pro

165 1335 244 1372 quo
274 1321 372 1359 bene
405 1321 689 1359 consumuntur
714 1316 847 1357 oculi?
880 1330 960 1356 non
985 1316 1158 1365 invenio,
1189 1314 1354 1363 iudices,
1387 1326 1524 1363 quem-

165 1381 375 1421 admodum
404 1380 531 1430 possit
563 1392 644 1418 esse
677 1379 814 1417 contra
845 1377 990 1416 liberos
1022 1377 1135 1415 salva
1166 1375 1402 1415 reverentia.
1545 1386 1580 1413 20

252 1442 344 1480 Non
375 1442 434 1479 est
465 1439 637 1490 difficile,
669 1441 716 1477 ut
746 1439 937 1477 maritum
968 1450 1069 1476 uxor
1097 1436 1266 1486 occidat,
1297 1436 1333 1475 si
1357 1447 1439 1474 non
1464 1435 1526 1473 est

167 1501 377 1550 difficilius,
408 1502 454 1538 ut
483 1500 588 1539 filius
619 1501 786 1549 patrem.
836 1511 916 1537 non
941 1500 1012 1548 est,
1042 1497 1206 1547 iudices,
1239 1496 1347 1547 quod
1371 1495 1526 1546 putetis

166 1562 270 1599 inter
294 1561 501 1599 mulierem
527 1561 567 1598 et
591 1561 722 1598 virum
748 1559 795 1597 de
821 1559 966 1598 scelere
993 1559 1144 1609 quaeri,
1174 1570 1304 1608 neque
1331 1558 1393 1596 est
1418 1555 1528 1607 quod

167 1633 207 1660 se
239 1634 406 1659 noverca
440 1633 552 1659 sexus
591 1619 795 1658 occasione
825 1620 999 1658 tueatur.
1060 1618 1190 1658 maior
1221 1620 1282 1657 est
1319 1616 1526 1657 caecitatis

166 1681 387 1719 infirmitas.
449 1682 543 1719 sunt
574 1681 614 1718 et
643 1680 801 1719 feminis
835 1679 884 1718 ad
916 1680 1064 1719 scelera
1094 1679 1218 1729 vires,
1253 1691 1346 1718 cum
1375 1676 1528 1717 habent
1546 1689 1581 1717 25

168 1753 308 1780 causas
339 1741 524 1780 virorum.
587 1740 684 1790 quin
715 1741 853 1790 immo,
893 1741 927 1779 si
957 1741 1196 1791 interroges,
1233 1739 1396 1778 facilius
1427 1738 1527 1777 haec

166 1802 330 1852 pectora
360 1802 508 1850 metus,
540 1800 693 1850 odium,
726 1802 789 1839 ira
820 1803 1088 1851 corrumpunt.
1152 1802 1192 1839 et
1224 1801 1416 1850 quoniam
1446 1810 1527 1837 non

166 1861 316 1900 habent
346 1860 498 1899 roboris
529 1861 704 1910 tantum,
734 1860 838 1898 unde
869 1860 970 1900 vitia
1000 1862 1197 1899 mentium
1227 1861 1410 1909 vincant,
1442 1859 1528 1910 ple-

166 1934 335 1971 rumque
367 1920 519 1959 facinus
544 1920 776 1959 infirmitate
807 1921 995 1960 fecerunt.
1046 1934 1139 1960 sane
1171 1923 1309 1960 tamen
1335 1920 1418 1960 illis
1445 1931 1528 1959 sce-

166 1981 315 2020 leribus
342 1980 520 2019 sufficere
545 1994 623 2019 non
654 1982 808 2031 possint
840 1994 941 2031 quae
974 1981 1205 2031 discursum,
1233 1994 1335 2032 quae
1362 1980 1530 2032 exigunt
1549 1994 1584 2021 30

167 2042 355 2080 laborem.
407 2040 513 2090 quod
544 2053 637 2079 1010
668 2043 753 2079 tam
777 2041 969 2080 muliebre
999 2043 1127 2092 possis
1158 2043 1339 2082 1111011110
1371 2041 1530 2081 facinus

246 2184 284 2234 ⁸1
313 2179 467 2215 effectus
488 2188 507 2222 β
529 2181 632 2226 (corr.
653 2181 692 2226 S)
790 2184 809 2215 2
838 2191 924 2226 ego:
952 2192 1039 2227 ergo
1072 2188 1145 2227 VM,
1171 2193 1261 2218 corr.
1283 2197 1326 2218 m
1424 2185 1444 2216 6
1473 2181 1531 2216 (11-

169 2228 291 2264 duclt:
324 2227 460 2262 didicit
490 2234 518 2261 V
620 2228 782 2264 videtur:
814 2229 959 2264 uidices
986 2237 1021 2264 P
1128 2234 1148 2265 9
1183 2231 1316 2266 etiam:
1350 2231 1388 2266 et
1415 2239 1434 2273 β

170 2280 213 2331 11
239 2275 329 2331 huic
354 2287 421 2311 om.
443 2282 497 2330 111,
531 2275 615 2311 add.
636 2291 677 2310 m
775 2281 817 2312 12
844 2277 1000 2313 vilitati:
1034 2278 1196 2314 utilitati
1222 2288 1270 2322 βσ
1365 2282 1410 2313 13
1443 2289 1532 2314 0011-

167 2325 301 2371 tingit:
329 2324 489 2369 contigit
507 2330 608 2358 BVP
629 2325 782 2368 fortasse
803 2330 894 2361 recte
968 2330 1011 2361 14
1037 2326 1207 2372 lucisque
1235 2335 1256 2362 ς
1331 2331 1375 2362 15
1402 2327 1533 2362 aucto-

168 2419 263 2444 rem:
298 2409 462 2444 actorem
489 2417 508 2451 β
539 2410 643 2455 (corr.
664 2410 696 2454 ε)
797 2413 838 2444 17
866 2386 1042 2446 conffdiet
1067 2417 1103 2446 B
1199 2415 1243 2446 29
1270 2411 1375 2455 illius
1400 2417 1438 2446 B
