1638 2560
201 100 284 143 128
638 93 875 132 CORPORIS
900 92 1127 130 PROIECTI

198 227 290 254 men
320 214 363 252 in
394 212 564 251 alteram
593 212 752 261 partem
783 209 1015 248 debuissent
1044 207 1191 246 habere
1222 206 1429 255 momenti,
1460 204 1570 257 quod

197 275 289 326 plus
320 273 420 312 mihi
450 273 639 322 poterant
669 269 855 321 prodesse
887 282 1009 319 quam
1039 267 1126 307 tibi.
1177 268 1215 307 ei
1246 266 1378 306 labori
1409 267 1570 318 oportet

198 334 436 382 incumbere,
468 332 538 370 ubi
569 331 730 370 effectus
762 330 1025 381 promittitur.
1083 328 1212 367 stulta
1243 340 1340 367 cura
1371 329 1433 367 est
1464 339 1570 378 quae

199 408 310 446 spem
352 406 432 432 11011
474 392 605 431 habet.
670 404 742 443 ego
786 390 929 429 redimi
972 391 1173 440 poteram,
1219 389 1266 428 tu
1309 387 1447 428 sanari
1488 400 1570 427 non

197 456 368 506 poteras.
416 453 703 503 qualiscunque
728 451 809 490 ista
829 450 1048 500 calamitas,
1074 448 1382 489 inemendabilis
1408 447 1568 488 cecidit:
1607 462 1624 490 5

197 528 277 554 11011
314 514 534 553 remedium
572 513 768 562 accipere,
810 524 890 550 non
921 510 1118 550 vicarium
1148 510 1292 560 potest.
1356 508 1571 549 assedisset

198 575 350 615 scilicet
380 574 528 613 lectulo
560 572 745 612 inefficax
770 571 961 611 sedulitas
995 573 1035 610 et
1060 570 1236 621 acceptis
1263 570 1445 621 epistolis
1470 569 1570 609 meis

196 635 351 675 iuvenis
383 634 489 673 filius
521 634 623 672 1111111
652 633 763 671 aliud
796 645 917 683 quam
955 645 1045 671 cum
1076 633 1206 671 matre
1237 630 1424 670 flevisset.
1475 631 1572 681 quia

197 696 400 747 profectus
432 696 504 744 est,
537 694 702 732 alterius
734 695 872 732 tamen
904 692 1083 743 parentis
1115 692 1327 731 calamitas
1359 690 1572 730 emendata

198 759 269 796 est.
320 757 355 794 si
385 755 653 804 remansisset,
686 755 727 792 01
757 755 930 792 matrem
958 765 1119 792 caecam
1149 752 1316 792 haberet
1342 753 1383 791 et
1413 753 1572 803 patrem
1592 765 1627 792 1⁰

198 817 414 867 captivum.
465 815 575 854 adice
595 811 699 867 <00>
719 814 826 865 quod
850 813 927 852 tibi
945 826 1025 852 non
1051 813 1275 853 necessaria
1293 812 1369 851 filii
1386 824 1572 863 praesen-

197 878 257 916 tia
283 877 372 915 fuit.
425 875 604 914 adsidere
632 876 748 923 enim,
775 875 882 914 cibos
907 874 1150 924 ministrare,
1175 886 1342 913 manum
1367 872 1573 925 porrigere

201 937 370 987 quilibet
406 938 577 986 poterat.
639 935 830 984 mentior,
871 934 949 973 nisi
986 935 1139 974 factum
1176 935 1256 985 est,
1299 947 1363 973 me
1402 933 1452 972 ab
1489 933 1572 973 illis

201 999 366 1048 captum
409 998 495 1035 tam
532 996 632 1034 dura
677 995 907 1035 condicione
944 995 1146 1046 venalem,
1192 995 1301 1046 quod
1342 996 1488 1045 utique
1530 994 1574 1033 in

202 1058 447 1098 confessione
479 1059 556 1107 est,
594 1070 709 1095 nemo
749 1056 851 1095 alius
886 1056 1121 1095 redemisset
1152 1069 1274 1106 quam
1310 1054 1418 1094 filius
1449 1066 1573 1094 meus.
1594 1067 1628 1095 1⁵

289 1118 344 1156 Et
376 1130 449 1168 ego
482 1117 538 1156 sic
577 1130 670 1169 ago,
707 1118 916 1167 tamquam
952 1117 1028 1156 hoc
1065 1118 1227 1155 tantum
1263 1115 1371 1155 filius
1407 1117 1575 1167 propter

199 1192 262 1217 me
300 1178 456 1227 fecerit,
490 1190 732 1228 quamquam
773 1177 816 1215 in
853 1178 927 1216 hoc
964 1178 1131 1229 litigatu
1163 1176 1459 1227 quodammodo
1498 1175 1575 1215 tibi

200 1239 290 1289 ipsa
328 1238 529 1277 excidisti:
569 1240 609 1276 et
640 1251 886 1288 quamquam
923 1238 965 1276 id
998 1251 1113 1290 agas,
1151 1240 1199 1277 ut
1230 1238 1378 1277 merita
1410 1238 1484 1276 tua
1513 1237 1575 1276 in-

200 1298 305 1337 iuria
330 1298 480 1347 vincas,
512 1312 660 1338 novum
691 1298 860 1337 induisti
885 1299 1070 1350 rigorem⁷
1102 1311 1183 1337 non
1213 1298 1406 1349 prohibeo
1438 1298 1576 1336 tamen

200 1359 488 1398 testimonium.
546 1359 597 1397 ad
626 1359 941 1410 redemptionem
972 1372 1104 1398 meam
1134 1359 1264 1397 filium
1295 1358 1385 1409 ipsa
1415 1357 1576 1408 misisti,
1595 1371 1630 1398 2⁰

203 1432 292 1458 cum
324 1420 379 1459 sic
409 1420 638 1471 plangeres,
669 1432 762 1458 cum
791 1420 963 1458 mortem
994 1420 1233 1470 precareris,
1272 1431 1364 1458 cum
1394 1419 1435 1458 te
1466 1418 1575 1458 omni

202 1480 410 1519 viduatam
440 1480 651 1530 voluptate
685 1481 889 1530 clamares,
922 1493 1013 1519 cum
1045 1480 1204 1531 saepius
1237 1492 1415 1532 gemeres
1447 1479 1576 1530 capti-

202 1541 370 1579 vitatem
401 1553 531 1578 meam
564 1553 686 1590 quam
717 1541 953 1580 caecitatem
984 1543 1108 1581 tuam.
1171 1553 1252 1580 11011
1284 1542 1372 1580 erat
1402 1540 1467 1579 illi
1497 1540 1576 1578 fer-

202 1613 318 1639 reum
349 1601 487 1650 pectus
520 1613 590 1639 1100
618 1613 685 1639 cor
711 1601 820 1640 silice
847 1603 1089 1652 concretum,
1121 1603 1168 1640 ut
1197 1602 1296 1640 haec
1326 1601 1415 1652 pati
1440 1602 1577 1652 posset

300 1694 344 1726 23
358 1702 407 1736 sq.
434 1692 479 1735 cf.
506 1690 634 1726 HIER.
658 1691 765 1737 epist.
790 1695 844 1736 14,
867 1696 887 1726 3
915 1695 963 1739 (p.
986 1694 1062 1740 30):
1090 1704 1167 1728 non
1192 1693 1251 1728 est
1273 1692 1385 1728 nobis
1410 1691 1575 1728 ferreum

203 1740 335 1785 pectus
360 1750 430 1774 nec
456 1739 550 1775 dura
574 1740 806 1784 praecordia.

302 1827 319 1858 1
347 1823 487 1858 habere
513 1835 558 1860 ex
581 1823 718 1859 hebere
744 1831 781 1859 Β
851 1825 1086 1861 monumenti
1111 1832 1192 1861 ΒΜ
1213 1825 1287 1873 (vel
1310 1825 1495 1861 momenti
1519 1826 1576 1871 m)

205 1875 225 1907 2
251 1873 402 1917 poterat
430 1872 511 1908 Obr.
612 1883 742 1918 quam:
770 1874 871 1918 quod
898 1880 933 1908 P
1029 1885 1071 1910 eo
1098 1881 1168 1909 BV
1259 1874 1391 1910 labore
1421 1879 1483 1908 ΥΡ

205 1947 226 1978 3
253 1954 365 1989 quae:
400 1956 513 1989 quam
544 1951 573 1979 V
665 1949 687 1979 4
720 1933 792 1992 e¹g¹r¹d
817 1952 854 1980 Β
878 1947 991 1992 (supr.
1013 1948 1049 1993 b)
1149 1951 1170 1983 6
1202 1958 1278 1983 11011
1306 1946 1516 1983 remedium
1530 1967 1575 1972 —-

205 1992 409 2028 assedisset
433 2004 500 2028 om.
526 1999 556 2027 V
625 1997 644 2028 7
672 1993 816 2029 scilicet
842 2005 862 2028 0
887 1994 1027 2030 lectulo
1047 2002 1117 2030 BV
1185 1994 1375 2041 epistolis:
1403 1993 1526 2042 epulis
1553 2002 1582 2029 σ

205 2043 226 2075 8
253 2051 383 2086 quam:
411 2041 512 2086 quod
538 2048 574 2076 P
646 2045 689 2077 11
717 2042 825 2077 adice
851 2053 893 2077 eo
920 2049 1000 2078 BV:
1028 2043 1152 2079 adicio
1174 2050 1263 2087 Μβσ
1341 2046 1384 2079 15
1412 2043 1518 2079 aliud
1543 2049 1581 2078 Ρ

206 2092 250 2123 16
276 2100 392 2134 supra
411 2090 519 2125 verba
539 2100 610 2136 ago
630 2102 701 2136 sqq.
723 2091 766 2125 in
784 2097 821 2125 Β
839 2091 963 2127 aliena
982 2104 1115 2128 manus
1134 2093 1283 2138 scripsit
1302 2093 1341 2127 et
1360 2102 1404 2128 eo
1424 2085 1574 2138 agssoc‘fi‘

203 2137 267 2173 sed
288 2138 405 2183 paulo
430 2138 638 2173 oblitterata
662 2142 751 2174 sunt
846 2139 940 2174 haec
966 2148 994 2174 σ
1089 2144 1132 2176 17
1159 2141 1248 2177 hoc:
1274 2141 1348 2176 hac
1372 2146 1410 2175 B
1498 2138 1578 2175 liti-

205 2186 296 2232 gato
321 2191 391 2220 BV
459 2186 737 2231 quodammodo
766 2195 802 2222 s':
836 2188 1001 2232 quodam
1026 2199 1110 2224 meo
1143 2204 1172 2224 ω
1249 2192 1293 2225 18
1326 2198 1575 2235 quamquam:

206 2233 361 2269 alterum
387 2244 501 2278 quam
526 2246 571 2270 ex
595 2239 803 2271 correctura
828 2242 884 2280 M3
917 2236 1044 2281 qd'qd‘
1071 2244 1108 2272 P
1203 2240 1249 2273 20
1279 2237 1341 2273 vel
1365 2247 1494 2273 versus
1519 2236 1578 2272 in-

206 2305 326 2351 cipiat
350 2306 391 2341 in
410 2305 530 2341 filium
556 2308 594 2342 et
618 2308 706 2352 post
730 2318 854 2343 meam
874 2308 1028 2344 finiatur
1052 2323 1095 2344 m
1119 2310 1162 2345 in
1180 2321 1295 2357 mary.
1373 2313 1418 2345 22
1444 2295 1578 2356 vfflup—

204 2365 286 2427 1ἓᾶ
311 2396 348 2426 Β
371 2391 484 2438 (supr.
506 2391 560 2437 ⁶);
586 2390 779 2428 volantate
812 2398 840 2426 ν
933 2397 978 2428 23
1004 2393 1063 2428 illi
1089 2405 1156 2429 om.
1183 2401 1212 2428 v
