1638 2560
31 1272 65 1298 10

33 1672 66 1698 15

35 1975 69 2000 20

371 649 425 698 Β.
470 648 814 697 ΕΧΟΕΒΡΤΑ
845 648 1171 697 PARISINA.

173 771 275 811 Cum
298 773 343 811 in
369 785 415 811 ea
439 774 640 811 terrarum
664 773 793 823 parte,
817 773 861 810 in
888 784 968 822 qua
993 773 1207 810 minimum
1232 771 1350 822 ratio,
1375 772 1464 822 plu-

81 833 228 872 rimum
262 833 450 872 voluntas
482 833 604 882 valet,
636 832 870 872 discretioni
894 845 1037 872 vacare
1062 832 1247 872 intendas
1280 845 1351 871 nec
1383 834 1465 884 pri-

82 906 169 934 mos
200 895 243 932 in
275 893 563 933 deliberatione
588 893 803 933 verborum
831 893 1018 944 impetuS,
1051 893 1120 932 sed
1145 895 1341 932 extremos
1375 906 1464 932 exa-

82 956 237 994 minato
278 954 456 994 themate
493 955 686 994 terminos
725 954 961 994 concludere
1000 954 1179 1004 affectes,
1222 954 1266 992 id
1304 953 1467 1004 quidem

83 1016 168 1055 sive
200 1027 225 1053 a
256 1015 404 1054 natura
444 1015 574 1067 regali
608 1015 741 1054 nescio
783 1016 866 1054 sive
906 1027 929 1053 a
968 1015 1118 1054 virtute
1158 1015 1351 1054 rationali
1389 1014 1467 1054 tibi

83 1075 260 1115 inditum
298 1076 375 1115 est:
417 1075 601 1115 doctrina
641 1078 778 1115 tamen
809 1088 897 1114 meo
941 1075 1091 1115 iudicio
1131 1076 1363 1127 augendum
1395 1077 1465 1115 est.

84 1148 224 1176 causas
262 1136 401 1187 itaque
440 1149 541 1186 quas
581 1149 605 1175 a
643 1135 894 1182 Quintiliano
935 1138 1131 1176 tractatas
1163 1137 1340 1187 repperi,
1377 1149 1466 1175 meo

83 1210 193 1236 more
231 1197 514 1237 declamandas
551 1196 629 1236 tibi
665 1197 809 1249 legavi.
868 1197 1012 1248 quibus
1051 1198 1085 1236 si
1123 1197 1184 1236 uti
1216 1197 1393 1242 libuerit,
1428 1198 1468 1236 et

85 1257 136 1298 ad
174 1257 495 1308 persuadendum
537 1258 694 1297 acutior
735 1259 776 1296 et
813 1257 865 1296 ad
905 1257 1166 1296 iudicandum
1198 1253 1469 1310 <im>pigrior

85 1318 280 1358 efficieris.
344 1318 448 1357 illud
487 1320 624 1357 tamen
664 1330 926 1369 praemoneo,
969 1320 1064 1368 quia
1101 1331 1182 1357 non
1222 1330 1356 1357 ramos
1399 1317 1467 1357 sed

84 1379 240 1418 radices
273 1378 350 1418 tibi
382 1378 634 1418 commendo:
672 1380 916 1430 propagines
950 1380 1056 1418 enim
1087 1380 1250 1431 ingenio
1283 1381 1354 1418 tuo
1387 1391 1468 1418 cre-

86 1439 236 1479 dendas
270 1452 354 1479 esse
386 1439 532 1478 iudico.
590 1439 691 1478 vale.

486 1573 516 1611 Ι.
550 1572 600 1612 H.
636 1571 800 1612 CAncvs
832 1585 875 1611 IN
906 1585 1062 1612 nnumin.

87 1657 146 1696 Ex
178 1657 363 1697 incendio
396 1657 537 1696 domus
575 1657 805 1697 adolescens
842 1659 1001 1708 patrem
1040 1657 1194 1696 extulit.
1259 1656 1355 1696 dum
1386 1671 1468 1696 ma-

147 1720 251 1757 trem
291 1704 472 1768 rspetiit,
513 1720 554 1757 et
590 1719 720 1768 ipsam
763 1720 803 1757 et
841 1718 976 1757 oculos
1016 1718 1164 1757 amisit.
1234 1718 1395 1757 induxit
1433 1719 1471 1757 ei

147 1779 265 1829 pater
302 1790 527 1818 novercam.
590 1779 687 1818 haec
726 1791 766 1818 se
797 1780 943 1818 incesti
981 1791 1004 1817 a
1043 1791 1159 1818 caeco
1193 1778 1331 1830 appeti
1361 1779 1471 1830 patri

147 1840 340 1889 insinuat,
372 1852 570 1878 venenum
595 1840 719 1878 etiam
744 1839 806 1878 illi
832 1839 969 1890 parari
995 1839 1103 1890 quod
1128 1840 1284 1879 iuvenis
1310 1839 1353 1878 in
1380 1841 1471 1879 sinu

148 1899 331 1949 haberet,
364 1899 441 1939 sibi
473 1899 683 1939 dimidiam
714 1900 910 1939 bonorum
941 1901 1101 1952 partem
1131 1900 1389 1951 promissam,
1425 1902 1471 1939 ut

149 1962 343 2012 porrigat.
412 1961 584 1999 intravit
637 1961 689 2000 ad
736 1973 898 2000 caecum
951 1962 1079 2011 pater.
1149 1962 1375 2013 interrogat
1419 1973 1471 1999 an

149 2034 245 2060 vera
271 2021 362 2061 sint.
419 2021 488 2059 ille
515 2022 648 2073 negat.
700 2021 876 2073 exquirit
897 2022 1126 2072 reperitque
1147 2022 1328 2061 insutum
1354 2035 1471 2061 vene-

149 2095 257 2120 num.
315 2082 476 2132 quaerit
515 2082 579 2121 cui
616 2084 810 2132 parasset.
874 2082 944 2123 ille
982 2084 1101 2122 tacet.
1164 2082 1316 2122 recedit
1353 2084 1472 2134 pater

189 2213 207 2244 1
240 2209 388 2245 Titulus
407 2208 504 2245 deest
522 2209 564 2244 in
577 2215 694 2254 PVB3
713 2208 829 2245 Marti
849 2208 945 2255 fabij
968 2209 1191 2255 quintiliani
1213 2209 1469 2257 calaguritani

90 2267 135 2292 ex
167 2257 345 2303 hispania
377 2256 673 2293 declamationes
703 2257 894 2304 incipiunt
925 2257 1091 2294 feliciter
1117 2265 1154 2294 R
1265 2262 1285 2293 2
1313 2258 1473 2303 epistula

90 2306 319 2342 dedicatoria
344 2307 463 2342 solum
489 2310 608 2342 exstat
632 2307 674 2341 in
701 2312 738 2341 P
836 2309 879 2342 10
905 2306 1106 2353 impigrior
1131 2308 1183 2343 H.
1287 2310 1329 2341 19
1356 2307 1471 2342 bono-

89 2365 172 2388 rum
198 2365 267 2390 om.
289 2361 326 2390 R
419 2357 465 2389 20
490 2355 603 2401 rogat
623 2360 659 2390 R
752 2358 795 2389 21
824 2355 1068 2401 repperitque
1091 2361 1194 2391 RVB
1285 2354 1470 2390 insutum:

90 2402 128 2437 in
156 2402 241 2438 sinu
267 2408 304 2439 R
404 2406 448 2438 22
475 2404 719 2449 conparasset
746 2409 782 2438 R
