1638 2560
482 95 804 135 DECLAMATIO
828 94 935 131 XVII
955 98 1109 132 12—14.
1405 91 1495 135 313

105 215 271 256 ffistius
297 213 454 265 aliquid
485 213 691 261 attulerit,
723 211 906 262 quisquis
937 209 1212 259 maledixerit,
1244 208 1494 248 conviciatus

106 276 235 316 fuerit
258 274 427 316 absenti.
479 286 555 326 ego
586 274 622 313 si
646 273 723 312 hoc
746 284 913 324 possum
937 271 1056 320 ferre,
1086 270 1228 309 merui.
1291 269 1375 308 alia
1400 270 1497 308 sunt

109 335 280 377 adversa
309 349 414 388 quae
439 335 489 374 de
513 334 818 374 continuatione
844 333 910 373 sui
933 331 1178 384 patientiam
1202 332 1364 381 parant,
1390 342 1496 380 quae

80 398 261 454 ,durant
301 395 550 436 adsiduitate
597 394 842 444 firmantque
885 394 1073 432 mentem.
1137 391 1246 442 quod
1295 393 1336 430 te
1379 392 1499 442 pater

74 473 92 500 5
112 458 260 509 oderit,
291 456 438 497 cotidie
469 469 623 496 novum
654 457 725 495 est
787 455 923 494 minus
954 453 1139 492 fortassis
1170 454 1292 491 urant
1322 451 1499 490 invicem

110 518 341 559 simultates
359 520 401 558 et
424 517 580 557 mutuis
599 515 935 555 detestationibus
954 515 1089 554 invisa
1112 513 1325 565 respirent.
1361 511 1500 551 odium

109 581 148 619 is
177 580 340 620 tantum
369 578 477 618 filius
501 578 680 629 perferre
705 576 859 628 poterit
884 577 955 626 qui
980 577 1022 614 et
1051 574 1140 626 ipse
1165 573 1298 614 oderit
1326 574 1499 624 patrem.

111 652 184 681 vos
214 653 334 690 nunc,
362 638 528 689 iudices,
558 639 767 678 universos
801 637 900 687 quin
930 637 1055 675 immo
1083 634 1277 674 mortales
1307 633 1499 672 infelicis·
1522 630 1572 668 14

113 701 238 741 simus
268 700 426 740 iuvenis
457 701 664 750 interrogo
698 697 797 748 quid
827 710 891 736 me
923 697 1055 736 facere
1087 694 1244 735 vultis?
1306 694 1502 746 explicuit

58 776 96 804 ιο
113 774 187 802 nos
218 762 304 802 sine
335 760 458 800 dubio
492 760 540 799 de
572 759 808 799 criminibus
840 759 970 797 exitus
1009 757 1118 807 quod
1148 756 1360 795 absolutus
1400 768 1501 804 sum,

111 824 254 863 tamen
284 835 366 862 non
395 821 472 861 hoc
504 820 653 870 effecit,
682 833 734 859 ne
764 820 870 858 mori
899 818 1035 868 velim,
1066 817 1136 858 sed
1168 819 1217 856 ut
1246 817 1349 856 mihi
1379 817 1504 855 liceat

116 885 161 923 et
188 883 335 924 vivere.
386 883 519 922 victus
550 894 641 921 sum
672 881 780 920 enim
810 879 1069 929 mehercules,
1100 879 1232 917 victus
1264 890 1367 927 sum,
1398 875 1502 915 iudi-

117 957 202 995 ces,
238 942 560 984 absolutionibus
596 943 716 992 meis,
754 943 813 991 et,
846 953 950 991 quae
989 938 1214 978 certissima
1251 940 1313 978 est
1344 938 1503 976 animae

117 1005 343 1045 laborantis
373 1003 610 1052 infirmitas,
639 1003 789 1041 misera
819 1001 1017 1041 felicitate
1048 999 1186 1039 defeci.
1250 1012 1371 1049 quem
1400 997 1504 1037 mihi

62 1079 98 1107 15
117 1066 279 1105 vultum
303 1065 469 1104 domum
492 1076 666 1114 reverso,
686 1076 807 1114 quem
831 1061 1011 1101 suadetis
1037 1058 1246 1100 animum?
1282 1072 1365 1098 non
1390 1059 1505 1098 decet

119 1125 317 1179 gaudium
352 1138 436 1175 me,
475 1137 667 1176 exaspero
704 1123 932 1172 hilaritate,
968 1121 1125 1161 offendo
1156 1120 1346 1160 tristitia:
1384 1121 1503 1170 capto

119 1199 361 1236 sermonem,
403 1185 560 1225 invisus
599 1197 706 1235 sum,
755 1186 968 1234 tamquam
1013 1182 1257 1234 adroganter
1297 1181 1502 1220 insultem.

120 1247 271 1288 doloris
303 1259 426 1287 causa
456 1246 580 1296 dicor,
612 1246 649 1285 si
679 1245 845 1296 propius
878 1244 1071 1295 aspiciar,
1102 1242 1254 1291 videor,
1285 1243 1321 1281 si
1351 1240 1506 1289 recedo,

120 1310 384 1348 contemnere.
447 1319 656 1358 quousque
686 1303 922 1344 vincemus?
982 1304 1167 1343 nesciunt
1197 1315 1361 1354 prorsus
1394 1301 1505 1340 abdi-

65 1383 104 1409 20
123 1368 349 1409 cafionibus
379 1367 531 1407 mederi
564 1368 635 1417 qui
664 1379 748 1406 non
779 1366 920 1406 statim
952 1364 1110 1413 cedunt,
1143 1364 1215 1414 qui
1239 1361 1507 1402 conscientiae

122 1442 221 1470 suae
250 1429 384 1481 rigore
416 1429 615 1467 nituntur.
677 1440 760 1466 non
789 1426 969 1465 vincitur
999 1426 1128 1476 pater,
1159 1436 1241 1462 non
1271 1436 1361 1462 sum
1393 1422 1507 1461 abso-

121 1491 253 1541 lutus3
284 1502 376 1530 cum
407 1489 571 1528 domum
596 1488 702 1536 veni,
733 1499 851 1526 nemo
876 1499 940 1525 me
966 1485 1114 1537 diligit,
1145 1497 1264 1524 nemo
1288 1485 1506 1523 reveretur.

121 1553 207 1591 iam
239 1550 291 1590 ad
321 1562 395 1589 nos
427 1549 476 1588 de
514 1548 729 1600 penatibus
765 1547 850 1586 illis
881 1559 963 1586 non
994 1546 1200 1597 pertinent
1233 1544 1313 1584 nisi
1343 1545 1509 1593 secreta,

123 1612 206 1651 nisi
235 1611 427 1651 latebrae.
489 1622 570 1648 non
602 1621 720 1657 exuo,
752 1621 834 1647 non
864 1607 1021 1658 depono
1053 1606 1206 1655 sordes,
1240 1608 1281 1644 et
1310 1605 1414 1644 mihi
1444 1617 1509 1643 co-

69 1685 106 1712 25
125 1672 228 1711 tidie
265 1684 385 1711 senex
415 1672 629 1720 tamquam
661 1670 921 1708 accusaturus
959 1667 1142 1707 occurrit.
1207 1665 1372 1705 attendo
1411 1665 1511 1716 quid

126 1733 295 1782 faciam,
328 1730 427 1782 quid
455 1730 612 1780 loquar,
645 1729 777 1780 qualis
810 1730 997 1780 aspiciar,
1035 1730 1093 1777 et,
1126 1727 1233 1778 quod
1263 1726 1509 1778 malignissi-

125 1807 239 1833 mum
275 1793 338 1832 est
373 1790 659 1831 sollicitudinis
698 1803 842 1842 genus,
879 1802 942 1828 me
973 1790 1060 1840 ipse
1092 1786 1286 1827 custodio.
1350 1786 1511 1826 satiasti

126 1867 210 1904 me,
240 1854 346 1903 vita,
380 1852 561 1900 satiasti,
598 1853 640 1890 et
670 1863 762 1890 cum
791 1849 978 1889 felicibus
1010 1861 1169 1900 quoque
1200 1848 1340 1887 veniat
1370 1860 1419 1886 ex
1450 1847 1510 1885 ni-

127 1915 211 1954 mia
247 1912 530 1965 prosperitatis
569 1912 872 1951 continuatione
909 1910 1139 1959 fastidium,
1183 1908 1292 1960 quod
1330 1908 1512 1947 taedium

228 2081 248 2113 1
274 2076 448 2123 quisquis
468 2075 702 2111 conviciatus
722 2081 766 2110 Μ
836 2078 857 2110 3
884 2084 983 2120 quae
1009 2085 1077 2110 om.
1094 2079 1144 2118 Μ,
1170 2084 1272 2119 supr.
1289 2086 1348 2116 ηις
1374 2071 1442 2117 qui
1461 2078 1512 2114 P;

130 2136 204 2172 que
231 2132 258 2160 s
338 2129 360 2161 6
387 2124 611 2160 simulantes
636 2130 715 2159 ΒΜ
738 2123 811 2169 (vel
837 2122 1053 2158 simultates
1078 2122 1120 2157 in
1145 2133 1261 2168 mary.
1282 2122 1356 2166 m);
1383 2119 1513 2155 simul-

129 2176 257 2211 tantes
282 2180 311 2208 V
411 2178 454 2208 11
482 2172 602 2208 efficit
625 2178 655 2206 V
748 2175 792 2207 12
821 2182 882 2207 me
933 2170 1071 2206 erculis
1098 2176 1135 2205 Β
1230 2169 1377 2204 iudices
1404 2180 1471 2204 om.
1495 2177 1514 2210 μ

132 2226 179 2258 14
203 2222 301 2258 mira
326 2227 377 2267 Μ,
403 2233 497 2258 corr.
516 2235 560 2256 m
632 2219 896 2266 felicitateque
920 2219 996 2254 feci
1021 2225 1049 2253 V
1119 2222 1163 2253 16
1189 2228 1318 2254 meum
1341 2231 1394 2262 ως
1420 2228 1514 2252 corr.

135 2271 220 2307 Obr.
309 2273 352 2305 17
381 2270 617 2316 adrogantur
641 2275 680 2304 Β
776 2272 821 2304 18
848 2268 902 2312 sic
926 2267 1063 2303 recedo
1088 2273 1126 2302 Β
1223 2271 1268 2302 24
1293 2265 1375 2308 lata
1400 2265 1514 2300 ebrae

130 2325 170 2354 Β
240 2329 362 2375 exuno
387 2325 416 2353 V
484 2322 531 2353 25
558 2318 750 2353 senectam
775 2328 891 2364 quam
916 2322 996 2351 ΒΜ
1066 2319 1112 2351 27
1139 2315 1223 2362 ipso
1250 2320 1319 2349 BV
1340 2316 1445 2360 (corr.
1467 2313 1515 2357 Β)

133 2407 181 2440 28
205 2379 276 2439 nd}
295 2409 334 2438 Β
430 2405 475 2438 29
502 2401 808 2438 continuationes
834 2408 862 2436 V
