1638 2560
510 116 828 154 DECLAMATIO
855 118 907 154 VI
927 121 1032 154 6—8.
1377 118 1399 160 1
1408 118 1429 160 1
1438 118 1461 160 7

84 232 204 272 litore
242 234 406 272 arceret.
469 233 577 283 quod
619 247 745 272 unum
783 235 989 284 poterant,
1034 233 1217 273 secundis
1260 233 1463 284 proiecere

85 293 227 332 ventis.
291 294 447 344 excepit
484 294 622 333 mitior
659 295 789 333 matre
829 296 1065 346 tempestas,
1103 296 1162 344 et,
1201 294 1235 333 si
1268 307 1349 344 qua
1384 293 1465 332 dici

84 354 220 404 potest
250 354 547 399 calamitatium
578 355 764 405 felicitas,
794 368 987 406 prospero
1020 367 1140 394 cursu
1170 354 1342 394 cadaver
1371 356 1461 394 tan-

84 416 174 453 tum
204 414 312 466 quod
343 427 425 454 non
456 415 507 454 ad
537 417 628 466 ipsa
663 415 864 455 maiorum
902 416 1086 467 sepulcra
1124 415 1354 466 depositum
1395 417 1466 455 est.

50 489 66 515 ⁵
86 477 274 515 narretur
303 488 367 515 res
400 476 559 515 saeculo
591 478 729 515 nostro
762 475 938 526 diversa,
977 478 1018 515 et
1048 478 1183 515 nescio
1221 477 1316 515 utra
1349 477 1467 527 parte

85 535 323 575 mirabilior.
372 535 448 575 filii
473 549 617 587 corpus
642 538 765 575 matri
790 537 920 576 maria
939 537 1178 587 retulerunt,
1202 538 1333 576 mater
1351 538 1466 575 mari.

86 609 276 649 magnam
297 596 458 647 quidem
482 599 643 648 partem
669 610 843 650 agnosco
870 598 1011 648 culpae
1037 610 1160 636 meae.
1203 610 1277 650 ego
1302 610 1468 636 uxorem

87 656 237 696 adduxi
275 659 334 708 et,
371 671 421 696 ne
458 659 649 697 miseram
691 660 865 697 matrem
909 659 1046 698 dolore
1090 658 1338 708 fraudarem,
1380 658 1468 710 ipse

83 718 184 757 meis
220 719 369 758 umeris
408 718 684 758 adversariam
720 731 852 758 meam
883 732 1009 770 usque
1043 719 1094 758 ad
1134 720 1256 758 litora
1286 719 1376 757 tuli.
1427 720 1468 757 et

31 793 67 820 ιο
87 791 182 818 sane
232 779 424 818 adversus
468 776 697 833 <cadaver>
740 779 874 831 prima
919 780 1043 820 verba
1094 780 1280 820 orbitatis
1331 780 1466 818 animo

87 839 369 879 aestimantem
406 840 647 879 fefellerunt.
713 840 803 890 quis
842 842 978 880 autem
1011 853 1092 880 non
1129 840 1302 880 dolentis
1336 841 1467 879 adfec-

85 902 174 939 tum
199 902 395 951 putasset,
422 913 512 940 cum
535 901 686 940 diceret
711 901 901 940 defuncto
926 901 1011 940 filio
1037 904 1186 940 mater:
1220 898 1333 952 ‘quid
1360 901 1467 940 enim

85 959 318 1012 navigasti?
381 961 479 1012 quid
518 961 648 1000 maria
691 963 897 1013 ingressus
935 960 1005 1001 es?
1068 962 1165 1012 quid
1202 963 1358 1012 piratas
1397 975 1466 1012 pe-

86 1018 218 1060 tisti?'
282 1034 376 1061 nam
414 1022 487 1061 illa
524 1022 686 1073 quidem
722 1023 1007 1074 vulgatissima
1049 1023 1234 1062 orbitatis
1271 1035 1350 1063 vox
1388 1023 1466 1061 est:

31 1097 64 1123 15
87 1078 178 1132 ‘fili‚
222 1083 287 1122 cui
324 1095 388 1121 me
426 1080 672 1134 reliquisti?'
737 1084 861 1122 etiam
900 1096 991 1122 cum
1028 1085 1118 1123 tota
1156 1096 1277 1135 supra
1322 1095 1466 1134 corpus

82 1142 284 1194 incubuit,
316 1143 544 1195 amplexam
579 1145 742 1194 putavi,
780 1145 903 1183 etiam
937 1157 1027 1183 cum
1057 1145 1198 1183 iniecit
1227 1143 1465 1183 tollentibus

83 1216 261 1254 manum,
293 1199 350 1242 ‘et
380 1200 484 1254 hoc',
516 1205 696 1255 inquam,
729 1201 876 1244 ‘solent
907 1205 1039 1244 facere
1070 1207 1234 1255 matres,
1265 1206 1312 1244 ut
1342 1205 1465 1243 funus

83 1261 318 1303 morentur.'
390 1267 434 1304 at
482 1265 563 1304 ista
613 1266 744 1317 legem
793 1266 940 1305 recitat
990 1268 1030 1305 et
1078 1266 1122 1303 in
1170 1266 1342 1305 cadaver
1390 1264 1465 1303 filii
1492 1264 1515 1300 8

83 1327 257 1376 perorat.

30 1400 65 1427 20
177 1385 294 1436 Tace,
325 1388 426 1436 tace,
458 1386 616 1436 misera,
648 1387 708 1425 ita
740 1389 786 1425 tu
818 1387 927 1426 istud
960 1385 1138 1437 optasti?
1195 1387 1282 1426 sola
1313 1386 1467 1425 scilicet

85 1446 387 1486 calamitatibus
418 1447 567 1486 nostris
599 1447 730 1486 adhuc
762 1439 892 1486 defuit
923 1447 1060 1498 culpa,
1092 1449 1139 1486 ut
1170 1460 1262 1486 cum
1295 1446 1467 1485 saevitia

84 1507 233 1546 nimiae
273 1520 431 1558 quoque
469 1508 678 1547 felicitatis
717 1508 847 1559 turpis
886 1509 958 1558 sit,
1002 1508 1196 1559 procedat
1235 1507 1466 1546 inauditum

86 1570 208 1607 antea
243 1570 488 1618 monstrum,
525 1569 672 1607 misera
711 1568 900 1607 crudelis:
938 1570 973 1608 si
1011 1568 1108 1619 quid
1145 1569 1243 1607 irati
1281 1568 1337 1607 dii
1373 1568 1464 1607 reli-

86 1631 277 1678 querunt,
315 1629 351 1668 si
383 1628 480 1679 quid
511 1629 729 1668 infelicitas
762 1629 891 1668 oblita
922 1631 1001 1679 est,
1040 1631 1122 1668 suis
1157 1629 1344 1668 manibus
1374 1642 1465 1680 per-

29 1686 66 1730 2⁵
86 1688 179 1728 dere
219 1689 367 1740 cupiat.
430 1689 612 1728 detracta
650 1691 712 1729 est
752 1690 939 1729 fortunae
982 1690 1154 1740 invidia,
1194 1690 1356 1740 quando
1394 1702 1466 1729 suo

88 1762 248 1801 quoque
286 1749 435 1789 iudicio
466 1752 598 1789 mater
628 1752 722 1801 post
754 1752 947 1790 amissum
978 1751 1108 1789 filium
1142 1763 1288 1801 parum
1318 1750 1468 1789 misera

86 1811 156 1849 est.
220 1811 408 1850 lacrimas
440 1811 549 1861 ipsas
581 1811 798 1850 novissime
830 1812 967 1862 perdo,
998 1812 1131 1850 inanis
1164 1811 1272 1850 domi
1303 1811 1467 1849 libitina

85 1871 306 1923 plangitur,
345 1870 498 1910 derisus
530 1871 775 1923 dissignator
805 1872 929 1922 redit,
960 1873 1134 1911 refertur
1164 1884 1298 1924 rogus.
1361 1873 1468 1910 inter

186 1990 204 2021 1
237 1986 366 2022 littore
393 2001 417 2021 α
540 1986 732 2022 secundis:
767 1987 904 2023 seculis
930 1993 968 2022 B
1089 1991 1109 2022 3
1144 1987 1408 2022 calamitatum
1437 2001 1467 2020 ω

80 2038 231 2081 praeter
249 2041 288 2070 B
358 2036 510 2071 tantum
536 2035 638 2080 quod
663 2047 756 2071 non:
783 2037 935 2072 tantum
955 2036 1057 2081 quod
1082 2042 1134 2080 B3
1160 2037 1311 2071 tantum
1332 2047 1407 2080 quo
1427 2041 1471 2069 Μ

86 2086 108 2118 5
134 2093 194 2118 res
219 2095 288 2120 om.
314 2090 343 2118 V
419 2087 439 2119 6
465 2083 695 2119 rettulerunt
719 2090 799 2119 ΒΜ
822 2087 877 2131 (m
902 2096 982 2130 exp.
1003 2085 1034 2130 t)
1113 2087 1134 2119 8
1160 2085 1322 2120 matrem
1347 2095 1417 2119 om.
1444 2089 1473 2117 V

87 2135 108 2167 9
134 2131 267 2167 littora
297 2138 359 2167 VP
480 2135 524 2167 10
551 2132 731 2168 adversae
757 2133 855 2178 Seh.;
886 2145 938 2169 an
964 2133 1123 2168 adversa
1147 2133 1271 2179 prima
1295 2145 1328 2167 v.
1350 2131 1370 2167 ,9

87 2180 249 2216 cadaver
273 2180 359 2217 add.
380 2181 507 2225 Dess.;
540 2191 626 2216 eum
652 2181 738 2218 add.
761 2190 783 2216 ς
906 2185 948 2216 11
978 2181 1149 2217 dolentes
1175 2188 1226 2226 P3
1259 2180 1400 2216 doloris
1425 2186 1466 2223 J,

86 2239 178 2265 corr.
200 2237 214 2263 ε
314 2232 358 2264 13
383 2229 578 2276 navigasti
603 2241 654 2273 na
677 2229 784 2273 milla
810 2229 904 2274 quid
930 2236 966 2264 P
1049 2229 1222 2276 ingresus
1254 2236 1282 2264 V
1363 2228 1466 2274 pira-

85 2278 163 2312 tas:
189 2276 326 2323 piratis
352 2287 388 2322 33
420 2280 535 2323 putas
562 2286 589 2312 <r
709 2282 752 2313 15
780 2278 858 2313 cui:
886 2290 938 2314 απ
964 2289 1030 2314 cur
1049 2277 1069 2314 ,9
1189 2277 1386 2323 relequisti
1412 2283 1464 2319 B3

86 2325 255 2371 reliqisti
285 2332 313 2360 V
420 2330 463 2361 16
491 2326 651 2361 iniceret
676 2335 696 2369 β
805 2330 849 2362 18
877 2327 930 2362 et:
959 2337 979 2362 e
1005 2328 1047 2362 in
1071 2338 1145 2363 ras.
1168 2333 1211 2361 M
1320 2329 1364 2361 20
1391 2325 1462 2359 ita:

86 2374 163 2410 ista
193 2380 221 2408 V
291 2377 334 2409 21
364 2373 477 2420 culpa
502 2386 570 2411 om.
591 2381 629 2410 B
702 2378 747 2410 22
773 2374 915 2410 felitati
947 2381 975 2409 V
1052 2378 1095 2410 23
1124 2375 1172 2410 si:
1201 2386 1298 2420 quae
1325 2373 1356 2408 si
1383 2373 1462 2408 Βοὴ.

89 2426 135 2458 28
160 2421 337 2458 refertur:
363 2422 528 2458 refectus
559 2429 588 2457 V
