1638 2560
553 110 873 148 DECLAMATIO
898 111 978 148 XII.
1366 111 1454 155 377

77 228 236 268 nostros
267 227 480 277 efferimus,
511 229 667 267 viscera
699 227 925 278 sepelimus.
987 239 1083 266 nam
1115 227 1250 266 cetera
1281 240 1384 278 quae
1414 227 1459 266 in

78 289 371 328 nutrimentum
396 300 589 328 conversa
614 289 721 338 sunt,
751 287 962 327 nobiscum
990 287 1248 338 sepelientur.
1312 289 1357 326 at
1380 287 1459 327 iste

77 349 243 389 interim
273 351 377 398 stat,
407 350 456 388 ut
485 349 652 398 videtis,
691 344 887 401 long[u]a
916 348 985 387 via
1020 348 1229 400 saginatus
1262 349 1304 388 et
1333 350 1459 388 satur.

78 422 187 449 nunc
215 409 332 454 nobis
363 410 615 449 frumentum
641 409 782 448 attulit
813 410 885 460 qui
907 410 1030 460 pauci
1060 421 1210 459 sumus,
1242 408 1459 448 sceleribus

42 485 60 513 5
78 471 202 522 pasti,
233 470 377 510 alienis
401 470 600 510 mortibus
626 470 740 510 salvi.
791 465 889 522 hi[i]
916 471 1012 508 sunt
1041 469 1194 509 residui
1219 470 1290 520 qui
1314 470 1462 509 vivunt

77 531 161 583 ipsi
190 530 269 571 sibi
293 532 365 581 rei,
396 543 558 583 graves3
590 543 714 583 aegra
739 532 780 570 et
803 530 946 570 tabida
972 530 1154 570 membra
1177 531 1221 569 in
1251 530 1461 582 publicum

78 592 345 643 protulerunt.
416 587 554 645 hae[c]
594 593 689 631 sunt
727 592 907 631 civitatis
938 591 1136 641 reliquiae
1169 603 1270 642 quas
1301 591 1459 631 videtis.

79 653 138 692 sic
167 651 384 703 tabuimus,
414 653 463 691 ut
492 653 631 692 miseri
661 665 733 691 nec
764 653 880 692 vivos
910 651 1131 691 habeamus
1162 664 1236 691 nec
1266 653 1461 691 mortuos.

78 713 254 752 multum
290 714 567 765 negotiatione
607 715 680 752 tua
722 715 859 752 actum
899 715 970 752 est.
1032 713 1282 752 frumentum
1320 712 1461 762 habeo,

25 788 61 816 10
77 773 276 825 populum
299 787 380 814 11011
404 773 545 813 habeo.
601 786 801 825 nusquam
827 773 1003 825 prodest,
1029 786 1229 824 nusquam
1255 786 1356 824 opus
1389 775 1461 813 est.

78 835 164 874 iam
193 835 290 874 licet
326 834 486 874 vendas.
549 834 646 874 dum
683 837 750 883 tu,
794 835 938 874 salutis
978 834 1164 885 publicae
1202 834 1463 884 nundinator,

78 896 309 946 proximum
346 908 545 946 quemque
584 896 807 946 emptorem
844 894 1036 945 dimittis,
1076 895 1172 934 dum
1211 897 1283 934 aut
1318 895 1463 935 funera

79 957 221 995 nossa-a
251 956 392 995 vendis
417 958 490 995 aut
521 956 683 1006 scelera,
715 955 812 994 dum
838 955 990 1007 populo
1021 957 1093 995 tuo
1125 955 1232 995 fame
1263 956 1462 995 moriente

81 1016 237 1056 alienae
268 1017 428 1056 civitati
459 1016 618 1068 legatus
650 1028 691 1056 es
717 1016 867 1066 factus,
899 1028 972 1056 nos
997 1016 1163 1056 interim
1193 1016 1390 1055 morimur
1421 1018 1464 1055 et

26 1091 61 1119 15
79 1076 254 1117 vivimus
301 1078 498 1116 scelerati.
570 1078 654 1116 iam
693 1090 774 1116 non
814 1077 897 1116 11111
950 1090 1021 1116 cur
1066 1077 1296 1127 festinaret3
1338 1076 1463 1117 etiam

80 1149 188 1176 1111110
225 1139 455 1188 exspectare
492 1140 737 1189 poteramus.
800 1137 887 1177 sola
927 1140 989 1177 est
1030 1139 1138 1177 enim
1176 1138 1319 1177 civitas
1359 1150 1463 1188 quae

79 1198 188 1237 fame
213 1199 345 1249 perire
376 1211 458 1238 non
488 1200 630 1250 possit.
691 1199 819 1251 igitur
845 1211 919 1250 ego
950 1199 1074 1238 miser
1099 1198 1319 1238 advocatus
1345 1199 1464 1238 mise-

79 1271 218 1298 rorum
242 1259 348 1299 fame
375 1261 416 1299 et
440 1259 576 1299 inedia
600 1261 852 1298 mortuorum
878 1261 919 1298 et
942 1255 1238 1312 miser[i]orum
1270 1259 1463 1309 qualiter-

82 1331 251 1370 cumque
291 1321 518 1359 viventium
562 1319 776 1359 sceleribus
817 1322 1044 1371 pastorum,
1084 1320 1295 1370 publicum
1334 1320 1464 1360 scelus

27 1394 64 1421 20
82 1379 133 1419 ab
173 1381 253 1419 isto
294 1381 457 1431 requiro
499 1382 540 1419 et
578 1393 653 1431 pro
696 1380 881 1419 omnibus
922 1382 1134 1419 nocentem
1176 1381 1238 1419 rei
1277 1380 1465 1432 publicae

84 1452 238 1480 accuso.

172 1501 361 1552 Respice,
402 1502 554 1553 legate,
603 1502 735 1551 qualis
783 1502 838 1541 sit
877 1501 1039 1541 residua
1087 1502 1220 1541 contio
1269 1502 1463 1552 civitatis,

84 1573 228 1601 cavum
258 1561 388 1601 macie
419 1564 542 1612 caput
579 1564 620 1601 et
657 1561 840 1601 conditos
871 1563 1033 1613 penitus
1076 1562 1212 1601 oculos
1251 1564 1292 1601 et
1328 1562 1465 1602 laxam

85 1624 236 1672 cutem,
272 1622 400 1662 nudos
431 1622 557 1662 labris
594 1622 858 1662 trementibus
897 1623 1035 1662 dentes
1073 1624 1272 1675 rigentem
1302 1623 1465 1662 vultum

30 1696 65 1724 ιε
84 1684 127 1721 01
157 1682 372 1722 destitutas
399 1695 522 1734 genas
549 1685 589 1722 et
620 1683 759 1722 inanes
787 1684 966 1723 faucium
992 1685 1114 1723 sinus.
1176 1696 1304 1734 prona
1330 1685 1465 1723 cervix

83 1745 245 1795 tergum
289 1742 444 1783 ossibus
491 1744 716 1794 inaequale.
790 1744 958 1783 infernis
1004 1744 1252 1796 imaginibus
1300 1745 1466 1794 similes,

85 1803 346 1843 cadaveribus
384 1806 540 1854 pastos,
584 1805 743 1857 sceleris
787 1805 990 1844 commissi
1022 1805 1268 1844 conscientia
1308 1818 1463 1857 graves.

83 1863 149 1903 dic
180 1877 298 1913 nunc,
329 1864 476 1916 legate,
505 1866 696 1904 innocens
728 1878 829 1915 sum,
861 1865 957 1916 quia
989 1865 1042 1904 ad
1071 1865 1190 1904 illum
1220 1865 1329 1905 diem
1359 1867 1464 1905 veni.

85 1926 130 1964 at
160 1937 234 1977 ego
266 1927 433 1975 propter
463 1927 504 1964 te
536 1938 683 1965 nocens
714 1938 820 1975 sum,
860 1925 968 1976 quod
999 1926 1052 1965 ad
1082 1926 1200 1965 illum
1231 1926 1338 1965 diem
1369 1927 1464 1966 vixi.

29 1998 67 2026 so
86 1998 189 2036 quae
221 1988 456 2036 comparata
481 1985 596 2026 nobis
621 1986 731 2026 mala
761 1999 843 2026 11011
868 1986 1063 2026 delicatas
1088 1986 1277 2026 lacrimas
1302 1987 1464 2026 habent.

86 2046 264 2096 aliquem
303 2046 502 2096 populum
541 2046 701 2087 hostilis
741 2048 937 2087 exercitus
978 2047 1152 2097 obsedit,
1194 2047 1298 2087 solet
1328 2047 1466 2087 venire

84 2106 234 2145 ultima
264 2106 434 2146 obsessis
465 2107 616 2157 inopia.
680 2107 839 2158 capitur
877 2108 1033 2148 civitas.
1095 2109 1226 2147 victor
1258 2108 1465 2159 captivum

86 2169 159 2206 aut
189 2166 344 2206 occidet
376 2169 449 2206 aut
473 2170 622 2218 pascet.
684 2170 887 2208 tormenta
914 2169 1079 2218 quidam
1104 2169 1331 2219 piratarum
1362 2169 1465 2207 11110-

85 2228 200 2277 runt,
240 2227 310 2267 sed
340 2241 448 2267 mors
480 2227 570 2268 finis
603 2231 664 2268 est
694 2242 767 2268 nec
805 2230 978 2269 saevitia
1008 2230 1117 2269 ultra
1152 2230 1240 2268 fata
1270 2229 1464 2280 procedit.

31 2300 68 2328 ιε
88 2289 160 2327 aut
190 2289 226 2328 si
256 2289 347 2338 quis
379 2288 478 2327 adeo
510 2289 714 2328 hominem
746 2292 878 2339 exuat,
909 2291 956 2328 ut
986 2289 1044 2328 ibi
1078 2302 1251 2341 poenam
1284 2292 1466 2340 quaerat,
1493 2300 1497 2306 ·

185 2418 206 2450 5
233 2414 315 2461 qui:
344 2415 447 2461 quod
473 2421 516 2451 M
612 2420 656 2452 35
682 2416 754 2452 ibi:
781 2416 854 2453 tibi
880 2423 923 2452 M
