1638 2560
482 108 802 146 DEGLAMATIO
827 109 881 146 IV
900 113 1053 146 20-23.
1404 78 1462 155 ἐΊ

83 238 400 277 responsumque
418 225 608 264 decernat
627 224 767 264 exitus.
817 225 1149 265 mathematicum
1168 227 1327 266 vincere
1352 227 1461 267 malo

86 299 209 338 quam
235 285 536 338 reprehendere.

176 345 282 393 Quid
311 358 418 386 nunc
449 358 587 398 agam,
618 345 661 384 P.
691 345 750 395 G.‚
784 346 1122 396 quemadmodum
1152 361 1216 387 me
1248 349 1312 387 vir
1342 348 1460 388 fortis

86 407 138 447 ad
171 419 327 459 preces,
367 406 705 458 quemadmodum
742 406 945 457 parricida
979 407 1247 458 componam?
1309 409 1459 448 dicam:

49 481 67 508 ⁵
85 465 359 508 miseremini?
420 467 570 506 dicam:
608 466 855 507 succurrite?
917 469 975 507 sic
1011 470 1150 520 rogari
1183 471 1324 508 contra
1354 483 1459 509 mor-

85 530 168 568 tem
203 528 316 569 solet.
378 541 484 567 novo
522 528 625 567 mihi
654 528 920 578 inauditoque
952 541 1052 579 opus
1090 531 1151 569 est
1182 529 1339 569 ambitu
1375 544 1459 569 ma-

83 588 225 628 lorum.
286 589 368 629 nisi
397 589 559 638 morior,
589 589 807 640 periclitor.
863 589 954 628 ideo
985 589 1126 629 videor
1156 602 1296 630 causas
1328 591 1459 630 reddi-

84 649 206 700 disse,
242 651 290 688 ut
327 649 620 689 contradiceret
656 651 783 700 pater.
847 651 887 688 et
925 651 959 689 si
990 650 1090 689 bene
1124 652 1221 690 novi
1257 651 1458 704 malignas

82 711 457 761 interpretationes,
497 723 578 749 non
619 711 772 749 exitum
812 712 996 761 captasse
1037 711 1149 750 dicar
1186 712 1257 751 sed
1296 725 1459 753 excusa-

28 783 65 810 10
82 771 245 810 tionem.
309 770 506 821 explicate
538 784 611 821 per
639 770 759 810 fidem
790 772 928 810 miseri
958 771 1124 822 pudoris
1157 774 1325 822 aestum,
1357 787 1458 812 nun-

83 844 206 882 quam
236 831 441 871 videbitur
473 833 575 870 mori
605 831 779 871 voluisse
810 832 1025 882 parricida,
1057 834 1093 872 si
1123 834 1280 872 vixerit.

171 890 236 930 Ad
261 893 334 931 tua
358 904 464 931 nunc
495 904 626 944 genua
656 893 833 944 porrigo,
864 894 1016 943 optime
1046 895 1175 943 pater,
1206 894 1292 944 has,
1324 896 1359 934 si
1384 896 1459 945 vis,
1478 892 1530 930 22

81 952 243 992 tantum
278 952 403 992 fortes
437 965 592 992 manus.
654 965 728 1004 per
758 966 845 1005 ego,
877 953 911 993 si
942 953 1004 994 fas
1037 955 1109 1004 est,
1145 955 1338 1005 quicquid
1369 956 1458 1005 feci,

79 1025 153 1064 per
187 1013 293 1052 hanc
328 1014 462 1064 ipsam
498 1015 579 1053 mei
615 1014 847 1064 caritatem,
885 1027 966 1064 qua
999 1028 1063 1054 me
1099 1015 1278 1054 nondum
1315 1017 1458 1056 timere

26 1086 62 1113 15
81 1074 262 1124 coepisti,
287 1075 488 1123 miserere,
513 1073 643 1113 filium
667 1075 821 1124 pietate
845 1076 1080 1125 pereuntem
1105 1089 1155 1115 ne
1178 1076 1278 1116 velis
1305 1078 1458 1116 exitum

80 1134 211 1174 faeere
241 1134 479 1185 parricidae.
529 1137 692 1186 praesta
723 1135 825 1174 mihi
854 1137 1098 1186 patientiam
1130 1149 1210 1187 qua
1241 1150 1305 1176 me
1336 1138 1456 1177 modo

79 1194 186 1234 bello
224 1195 441 1235 credidisti.
504 1195 610 1248 finge
641 1209 714 1235 nos
752 1197 796 1234 in
833 1197 922 1246 ipso
960 1199 1145 1247 prosperi
1180 1198 1324 1238 Martis
1356 1200 1456 1238 ceci-

79 1254 185 1295 disse
222 1256 419 1307 conplexu
463 1257 768 1307 confectumque
811 1259 970 1309 magnis
1012 1257 1246 1298 vulneribus
1285 1259 1457 1298 cadaver

79 1315 240 1356 adferri.
291 1317 477 1368 relinquo
509 1316 587 1356 tibi
617 1330 691 1367 pro
722 1330 786 1356 me
819 1330 954 1357 omnes
989 1320 1187 1368 parentes.
1238 1319 1344 1358 hunc
1376 1333 1455 1370 quo

25 1389 62 1416 ιο
80 1389 152 1416 nos
182 1378 356 1416 retinere
384 1378 593 1428 voluisses,
625 1379 668 1416 'm
700 1391 887 1428 suprema
912 1391 1001 1417 mea
1032 1380 1208 1418 transfer
1238 1380 1454 1430 adfectum,

77 1438 160 1477 tuis
190 1437 376 1477 manibus
409 1450 602 1489 compone
634 1451 795 1489 corpus,
827 1441 984 1478 exstrue
1015 1452 1153 1491 rogos,
1184 1441 1317 1479 funeri
1346 1442 1456 1480 iusta

78 1498 272 1548 persolve.
324 1497 467 1538 deinde
500 1511 590 1538 cum
627 1500 711 1538 iam
742 1500 971 1539 novissimis
1004 1500 1150 1540 osculis
1189 1514 1454 1552 supremoque

78 1558 284 1599 discedens
315 1561 488 1599 satiatus
520 1560 644 1599 fueris
677 1560 875 1610 amplexu,
906 1562 1002 1599 tunc
1033 1563 1073 1600 te
1106 1562 1167 1601 fas
1199 1564 1260 1602 est
1284 1562 1454 1602 sublatis

78 1618 131 1657 ad
155 1619 311 1658 eaelum
334 1619 521 1659 manibus
551 1621 820 1670 proclamare:
851 1622 1151 1672 mathematice,
1180 1624 1374 1663 mentitus
1401 1636 1452 1663 es.

23 1691 59 1718 25
168 1679 430 1719 Reddidimus
474 1693 632 1731 causas,
676 1682 903 1733 peregimus
946 1695 1096 1732 preces.
1169 1684 1325 1734 reliqua
1369 1697 1453 1734 vos,
1474 1680 1525 1717 23

77 1752 238 1790 manus,
281 1752 352 1779 vos
397 1740 605 1791 adiuvate,
649 1742 766 1781 cives.
828 1755 910 1781 non
950 1745 996 1782 ut
1036 1744 1157 1783 liceat
1198 1744 1299 1782 mihi
1338 1745 1451 1784 mori.

76 1800 174 1840 licet
203 1801 314 1840 istud
345 1802 485 1851 etiam,
524 1804 571 1841 ut
601 1804 766 1855 negetis.
828 1804 892 1844 vir
922 1803 1040 1843 fortis
1075 1805 1307 1844 commendo
1338 1805 1452 1845 vobis

77 1861 231 1900 exitum
266 1875 417 1901 meum:
457 1862 491 1901 si
522 1875 602 1901 non
638 1864 827 1903 continuo
866 1864 987 1903 letale
1019 1865 1164 1904 vulnus
1202 1867 1452 1916 impressero,

76 1921 112 1960 si
142 1934 224 1961 non
250 1934 341 1961 cum
366 1923 561 1975 sanguine
591 1925 720 1963 totam
752 1925 930 1963 animam
960 1938 1180 1976 properans
1205 1927 1308 1965 ictus
1342 1939 1450 1978 eges-

21 1993 58 2021 εο
76 1982 185 2030 serit,
221 1982 411 2022 adiuvate
443 1983 666 2034 dexteram,
704 1984 915 2035 deprimite
953 1986 1081 2024 telum
1113 1989 1153 2025 et
1185 1989 1277 2026 ante
1316 1988 1452 2026 omnia

0 2051 2 2053 ’
76 2042 251 2082 detinete
281 2045 449 2094 patrem.
500 2045 633 2084 nescio
659 2058 782 2095 quam
813 2046 932 2098 longe
963 2058 1128 2086 manum
1153 2059 1366 2097 sparsurus
1398 2048 1451 2087 sit

173 2150 192 2181 1
220 2157 294 2192 que
319 2158 386 2183 om.
409 2153 467 2191 M,
491 2159 593 2193 supr.
614 2162 656 2182 m
730 2152 751 2184 5
778 2148 921 2195 rogari:
948 2149 1028 2185 iex
1047 2160 1067 2185 e
1086 2150 1129 2185 in
1146 2162 1221 2186 ras.
1238 2157 1274 2185 B
1347 2154 1367 2185 7
1394 2162 1450 2187 re-

75 2193 175 2230 disse
207 2201 235 2229 V
328 2198 349 2230 8
374 2195 477 2241 patri
504 2204 523 2238 β
615 2196 647 2231 si
672 2208 774 2242 supr.
795 2204 838 2232 Μ
917 2197 1087 2245 maligna
1113 2204 1150 2234 Β
1248 2203 1291 2234 12
1319 2199 1351 2234 si
1377 2200 1448 2234 vis:

75 2253 163 2278 suus
189 2249 229 2288 νς
255 2243 305 2279 ad
325 2243 447 2280 scelus
468 2252 490 2279 ς’
565 2248 608 2280 13
635 2256 776 2291 perago
798 2260 822 2280 α
910 2249 955 2281 20
980 2246 1143 2283 voluisse
1170 2253 1198 2282 V
1279 2252 1322 2283 21
1352 2259 1451 2283 com-

0 2303 7 2307 *
72 2325 213 2360 ponere
237 2322 276 2351 Β
369 2328 482 2363 rogos
507 2329 548 2361 ro
574 2317 718 2353 funeris
749 2324 777 2353 t*
870 2322 914 2354 22
942 2319 1031 2355 dein
1062 2327 1090 2355 ν’
1182 2324 1228 2355 24
1254 2307 1293 2354 eS
1319 2326 1356 2355 Β

75 2366 120 2399 25
145 2363 295 2409 reliqua
320 2371 375 2401 11:
402 2365 569 2411 reliquas
594 2367 730 2412 reliqui
827 2371 871 2402 27
899 2368 1046 2415 negetis
1072 2380 1117 2404 ex
1141 2368 1291 2414 negatis
1318 2374 1354 2403 Β

0 2452 2 2461 3
74 2414 120 2447 28
146 2411 280 2448 vulnus
306 2425 374 2449 om.
395 2420 432 2448 Β
529 2417 574 2450 30
600 2416 639 2450 et
664 2426 732 2451 om.
754 2421 809 2459 M,
835 2427 937 2461 supr.
958 2431 1000 2451 m
1098 2421 1142 2452 31
1171 2427 1300 2462 quam:
1329 2416 1390 2462 qd*
1418 2422 1454 2451 Ρ
