<?xml version="1.0" encoding="UTF-8"?>
<!DOCTYPE html PUBLIC "-//W3C//DTD XHTML 1.0 Transitional//EN"
    "http://www.w3.org/TR/xhtml1/DTD/xhtml1-transitional.dtd">
<html xmlns="http://www.w3.org/1999/xhtml" xml:lang="en" lang="en">
 <head>
  <title>
</title>
<meta http-equiv="Content-Type" content="text/html;charset=utf-8" />
  <meta name='ocr-system' content='tesseract 3.04.00' />
  <meta name='ocr-capabilities' content='ocr_page ocr_carea ocr_par ocr_line ocrx_word'/>
</head>
<body>
  <div class='ocr_page' id='page_1' title='image "./quintilianiquaef00lehnuoft_0081.png"; bbox 0 0 1638 2560; ppageno 0'>
   <div class='ocr_carea' id='block_1_1' title="bbox 603 115 1550 159">
    <p class='ocr_par' dir='ltr' id='par_1_1' title="bbox 603 115 1550 159">
     <span class='ocr_line' id='line_1_1' title="bbox 603 115 1550 159; baseline -0.001 -6"><span class='ocrx_word' id='word_1_1' title='bbox 603 116 923 154; x_wconf 79' lang='lat' dir='ltr'>DECLAMATIO</span> <span class='ocrx_word' id='word_1_2' title='bbox 948 115 1002 152; x_wconf 87' lang='lat'><strong>111</strong></span> <span class='ocrx_word' id='word_1_3' title='bbox 1020 119 1125 153; x_wconf 82' lang='grc'><strong>3-6.</strong></span> <span class='ocrx_word' id='word_1_4' title='bbox 1490 116 1550 159; x_wconf 77' lang='lat'><strong>45</strong></span> 
     </span>
    </p>
   </div>
   <div class='ocr_carea' id='block_1_2' title="bbox 117 230 1606 1681">
    <p class='ocr_par' dir='ltr' id='par_1_2' title="bbox 117 230 1606 1681">
     <span class='ocr_line' id='line_1_2' title="bbox 166 230 1551 300; baseline -0.002 -27"><span class='ocrx_word' id='word_1_5' title='bbox 166 232 340 285; x_wconf 71' lang='lat' dir='ltr'><strong>impuno</strong></span> <span class='ocrx_word' id='word_1_6' title='bbox 376 245 425 272; x_wconf 85' lang='lat' dir='ltr'><strong>ac</strong></span> <span class='ocrx_word' id='word_1_7' title='bbox 460 245 588 284; x_wconf 82' lang='lat' dir='ltr'>prope</span> <span class='ocrx_word' id='word_1_8' title='bbox 625 233 795 272; x_wconf 87' lang='lat' dir='ltr'><strong>exitium</strong></span> <span class='ocrx_word' id='word_1_9' title='bbox 825 232 987 282; x_wconf 78' lang='lat' dir='ltr'><strong>att-ulit,</strong></span> <span class='ocrx_word' id='word_1_10' title='bbox 1024 232 1297 300; x_wconf 77' lang='lat' dir='ltr'>apparuitque</span> <span class='ocrx_word' id='word_1_11' title='bbox 1326 230 1551 300; x_wconf 78' lang='lat' dir='ltr'><strong>numquam</strong></span> 
     </span>
     <span class='ocr_line' id='line_1_3' title="bbox 166 293 1549 346; baseline -0.002 -12"><span class='ocrx_word' id='word_1_12' title='bbox 166 294 320 346; x_wconf 81' lang='lat' dir='ltr'><strong>populo</strong></span> <span class='ocrx_word' id='word_1_13' title='bbox 356 293 540 334; x_wconf 82' lang='lat' dir='ltr'><strong>Romano</strong></span> <span class='ocrx_word' id='word_1_14' title='bbox 579 293 631 332; x_wconf 86' lang='lat' dir='ltr'><strong>ad</strong></span> <span class='ocrx_word' id='word_1_15' title='bbox 666 293 986 345; x_wconf 80' lang='lat' dir='ltr'><strong>propulsandam</strong></span> <span class='ocrx_word' id='word_1_16' title='bbox 1021 293 1245 343; x_wconf 88' lang='lat' dir='ltr'><strong>perniciem</strong></span> <span class='ocrx_word' id='word_1_17' title='bbox 1280 293 1412 345; x_wconf 87' lang='lat' dir='ltr'><strong>magis</strong></span> <span class='ocrx_word' id='word_1_18' title='bbox 1449 293 1549 331; x_wconf 86' lang='lat' dir='ltr'><strong>viris</strong></span> 
     </span>
     <span class='ocr_line' id='line_1_4' title="bbox 169 353 1550 407; baseline -0.001 -13"><span class='ocrx_word' id='word_1_19' title='bbox 169 366 270 407; x_wconf 89' lang='lat' dir='ltr'><strong>opus</strong></span> <span class='ocrx_word' id='word_1_20' title='bbox 307 354 445 394; x_wconf 81' lang='lat' dir='ltr'><strong>fuisse.</strong></span> <span class='ocrx_word' id='word_1_21' title='bbox 505 355 645 406; x_wconf 87' lang='lat' dir='ltr'><strong>itaque</strong></span> <span class='ocrx_word' id='word_1_22' title='bbox 683 367 775 394; x_wconf 89' lang='lat' dir='ltr'><strong>cum</strong></span> <span class='ocrx_word' id='word_1_23' title='bbox 807 355 1023 406; x_wconf 77' lang='lat' dir='ltr'><strong>appareret</strong></span> <span class='ocrx_word' id='word_1_24' title='bbox 1054 353 1189 393; x_wconf 87' lang='lat' dir='ltr'><strong>soluta</strong></span> <span class='ocrx_word' id='word_1_25' title='bbox 1224 353 1399 392; x_wconf 84' lang='lat' dir='ltr'><strong>militiae</strong></span> <span class='ocrx_word' id='word_1_26' title='bbox 1431 353 1550 393; x_wconf 85' lang='lat' dir='ltr'><strong>disei-</strong></span> 
     </span>
     <span class='ocr_line' id='line_1_5' title="bbox 166 413 1550 467; baseline -0.002 -12"><span class='ocrx_word' id='word_1_27' title='bbox 166 415 284 467; x_wconf 79' lang='lat' dir='ltr'><strong>plina</strong></span> <span class='ocrx_word' id='word_1_28' title='bbox 320 416 363 454; x_wconf 89' lang='lat' dir='ltr'><strong>et</strong></span> <span class='ocrx_word' id='word_1_29' title='bbox 397 427 480 455; x_wconf 91' lang='lat' dir='ltr'><strong>non</strong></span> <span class='ocrx_word' id='word_1_30' title='bbox 516 416 715 454; x_wconf 86' lang='lat' dir='ltr'><strong>minorem</strong></span> <span class='ocrx_word' id='word_1_31' title='bbox 750 414 868 454; x_wconf 89' lang='lat' dir='ltr'><strong>nobis</strong></span> <span class='ocrx_word' id='word_1_32' title='bbox 904 427 1086 466; x_wconf 88' lang='lat' dir='ltr'><strong>pugnam</strong></span> <span class='ocrx_word' id='word_1_33' title='bbox 1122 427 1216 454; x_wconf 91' lang='grc'>011111</span> <span class='ocrx_word' id='word_1_34' title='bbox 1251 413 1432 454; x_wconf 91' lang='lat' dir='ltr'><strong>moribus</strong></span> <span class='ocrx_word' id='word_1_35' title='bbox 1464 426 1550 453; x_wconf 87' lang='lat' dir='ltr'><strong>esse</strong></span> 
     </span>
     <span class='ocr_line' id='line_1_6' title="bbox 134 473 1551 528; baseline -0.002 -11"><span class='ocrx_word' id='word_1_36' title='bbox 134 489 153 518; x_wconf 75' lang='lat'><strong>5</strong></span> <span class='ocrx_word' id='word_1_37' title='bbox 170 488 293 528; x_wconf 85' lang='lat' dir='ltr'><strong>quam</strong></span> <span class='ocrx_word' id='word_1_38' title='bbox 330 489 424 515; x_wconf 88' lang='lat' dir='ltr'><strong>cum</strong></span> <span class='ocrx_word' id='word_1_39' title='bbox 458 475 662 526; x_wconf 86' lang='lat' dir='ltr'><strong>hostibus,</strong></span> <span class='ocrx_word' id='word_1_40' title='bbox 703 475 755 514; x_wconf 89' lang='lat' dir='ltr'><strong>ad</strong></span> <span class='ocrx_word' id='word_1_41' title='bbox 791 477 975 525; x_wconf 88' lang='lat' dir='ltr'><strong>unicum,</strong></span> <span class='ocrx_word' id='word_1_42' title='bbox 1016 473 1058 514; x_wconf 87' lang='lat' dir='ltr'><strong>C.</strong></span> <span class='ocrx_word' id='word_1_43' title='bbox 1090 474 1216 525; x_wconf 85' lang='lat' dir='ltr'><strong>Mari,</strong></span> <span class='ocrx_word' id='word_1_44' title='bbox 1255 488 1348 515; x_wconf 90' lang='lat' dir='ltr'><strong>cum</strong></span> <span class='ocrx_word' id='word_1_45' title='bbox 1384 475 1551 514; x_wconf 87' lang='lat' dir='ltr'><strong>virtutis</strong></span> 
     </span>
     <span class='ocr_line' id='line_1_7' title="bbox 168 535 1551 588; baseline -0.002 -11"><span class='ocrx_word' id='word_1_46' title='bbox 168 537 278 586; x_wconf 56' lang='lat' dir='ltr'><strong>tuae,</strong></span> <span class='ocrx_word' id='word_1_47' title='bbox 301 538 391 576; x_wconf 79' lang='lat' dir='ltr'><strong>tum</strong></span> <span class='ocrx_word' id='word_1_48' title='bbox 418 537 649 577; x_wconf 75' lang='lat' dir='ltr'><strong>sanctitatis</strong></span> <span class='ocrx_word' id='word_1_49' title='bbox 675 537 985 587; x_wconf 78' lang='lat' dir='ltr'><strong>severitatisque</strong></span> <span class='ocrx_word' id='word_1_50' title='bbox 1009 535 1259 586; x_wconf 78' lang='lat' dir='ltr'><strong>praesidium</strong></span> <span class='ocrx_word' id='word_1_51' title='bbox 1284 536 1551 588; x_wconf 78' lang='lat' dir='ltr'><strong>confugimus.</strong></span> 
     </span>
     <span class='ocr_line' id='line_1_8' title="bbox 261 596 1601 647; baseline -0.001 -11"><span class='ocrx_word' id='word_1_52' title='bbox 261 597 317 637; x_wconf 86' lang='lat' dir='ltr'><strong>Et</strong></span> <span class='ocrx_word' id='word_1_53' title='bbox 352 598 598 638; x_wconf 78' lang='lat' dir='ltr'><strong>mehercules</strong></span> <span class='ocrx_word' id='word_1_54' title='bbox 634 597 880 637; x_wconf 79' lang='lat' dir='ltr'><strong>festinarunt</strong></span> <span class='ocrx_word' id='word_1_55' title='bbox 916 599 1105 647; x_wconf 88' lang='lat' dir='ltr'><strong>parentes</strong></span> <span class='ocrx_word' id='word_1_56' title='bbox 1137 596 1190 635; x_wconf 90' lang='lat' dir='ltr'><strong>ad</strong></span> <span class='ocrx_word' id='word_1_57' title='bbox 1221 609 1368 637; x_wconf 90' lang='lat' dir='ltr'><strong>nomen</strong></span> <span class='ocrx_word' id='word_1_58' title='bbox 1402 596 1550 636; x_wconf 91' lang='lat' dir='ltr'><strong>liberos</strong></span> <span class='ocrx_word' id='word_1_59' title='bbox 1576 598 1601 634; x_wconf 79' lang='lat'>5</span> 
     </span>
     <span class='ocr_line' id='line_1_9' title="bbox 170 657 1552 710; baseline -0.001 -12"><span class='ocrx_word' id='word_1_60' title='bbox 170 660 353 709; x_wconf 87' lang='lat' dir='ltr'><strong>mittere,</strong></span> <span class='ocrx_word' id='word_1_61' title='bbox 384 660 570 710; x_wconf 83' lang='lat' dir='ltr'><strong>quamvis</strong></span> <span class='ocrx_word' id='word_1_62' title='bbox 601 659 823 710; x_wconf 89' lang='lat' dir='ltr'><strong>asperrimo</strong></span> <span class='ocrx_word' id='word_1_63' title='bbox 860 657 998 708; x_wconf 80' lang='lat' dir='ltr'><strong>bello,</strong></span> <span class='ocrx_word' id='word_1_64' title='bbox 1018 657 1132 697; x_wconf 84' lang='lat' dir='ltr'><strong>velut</strong></span> <span class='ocrx_word' id='word_1_65' title='bbox 1162 659 1417 697; x_wconf 81' lang='lat' dir='ltr'><strong>occasionem</strong></span> <span class='ocrx_word' id='word_1_66' title='bbox 1447 670 1552 697; x_wconf 88' lang='lat' dir='ltr'><strong>com-</strong></span> 
     </span>
     <span class='ocr_line' id='line_1_10' title="bbox 170 718 1554 771; baseline -0.001 -13"><span class='ocrx_word' id='word_1_67' title='bbox 170 719 299 771; x_wconf 86' lang='lat' dir='ltr'><strong>plexi,</strong></span> <span class='ocrx_word' id='word_1_68' title='bbox 341 721 390 758; x_wconf 91' lang='lat' dir='ltr'><strong>ut</strong></span> <span class='ocrx_word' id='word_1_69' title='bbox 425 719 499 759; x_wconf 91' lang='lat' dir='ltr'><strong>sub</strong></span> <span class='ocrx_word' id='word_1_70' title='bbox 536 722 579 759; x_wconf 88' lang='lat' dir='ltr'><strong>te</strong></span> <span class='ocrx_word' id='word_1_71' title='bbox 614 731 763 770; x_wconf 86' lang='lat' dir='ltr'><strong>ponere</strong></span> <span class='ocrx_word' id='word_1_72' title='bbox 804 718 1035 758; x_wconf 85' lang='lat' dir='ltr'><strong>rudimenta</strong></span> <span class='ocrx_word' id='word_1_73' title='bbox 1079 718 1253 758; x_wconf 86' lang='lat' dir='ltr'><strong>militiae</strong></span> <span class='ocrx_word' id='word_1_74' title='bbox 1291 719 1554 770; x_wconf 84' lang='lat' dir='ltr'><strong>contingeret,</strong></span> 
     </span>
     <span class='ocr_line' id='line_1_11' title="bbox 117 779 1555 830; baseline -0.001 -10"><span class='ocrx_word' id='word_1_75' title='bbox 117 793 155 820; x_wconf 82' lang='lat' dir='ltr'><strong>io</strong></span> <span class='ocrx_word' id='word_1_76' title='bbox 173 792 333 820; x_wconf 83' lang='lat' dir='ltr'><strong>cernere</strong></span> <span class='ocrx_word' id='word_1_77' title='bbox 365 780 512 820; x_wconf 88' lang='lat' dir='ltr'><strong>cotidie</strong></span> <span class='ocrx_word' id='word_1_78' title='bbox 550 779 712 819; x_wconf 82' lang='lat' dir='ltr'><strong>divinae</strong></span> <span class='ocrx_word' id='word_1_79' title='bbox 742 779 908 819; x_wconf 84' lang='lat' dir='ltr'><strong>virtutis</strong></span> <span class='ocrx_word' id='word_1_80' title='bbox 947 779 1194 830; x_wconf 83' lang='lat' dir='ltr'><strong>exemplum,</strong></span> <span class='ocrx_word' id='word_1_81' title='bbox 1225 782 1267 819; x_wconf 89' lang='lat' dir='ltr'><strong>te</strong></span> <span class='ocrx_word' id='word_1_82' title='bbox 1304 780 1555 819; x_wconf 82' lang='lat' dir='ltr'><strong>hortatorem</strong></span> 
     </span>
     <span class='ocr_line' id='line_1_12' title="bbox 172 840 1554 892; baseline -0.001 -12"><span class='ocrx_word' id='word_1_83' title='bbox 172 853 342 892; x_wconf 86' lang='lat' dir='ltr'><strong>operum</strong></span> <span class='ocrx_word' id='word_1_84' title='bbox 371 840 530 890; x_wconf 90' lang='lat' dir='ltr'><strong>habere,</strong></span> <span class='ocrx_word' id='word_1_85' title='bbox 562 842 603 880; x_wconf 92' lang='lat' dir='ltr'><strong>te</strong></span> <span class='ocrx_word' id='word_1_86' title='bbox 634 842 791 880; x_wconf 89' lang='lat' dir='ltr'><strong>testem.</strong></span> <span class='ocrx_word' id='word_1_87' title='bbox 846 842 887 880; x_wconf 92' lang='lat' dir='ltr'><strong>et</strong></span> <span class='ocrx_word' id='word_1_88' title='bbox 918 852 1011 880; x_wconf 92' lang='grc'>011111</span> <span class='ocrx_word' id='word_1_89' title='bbox 1040 840 1140 879; x_wconf 88' lang='lat' dir='ltr'><strong>haec</strong></span> <span class='ocrx_word' id='word_1_90' title='bbox 1171 841 1394 879; x_wconf 88' lang='lat' dir='ltr'><strong>communis</strong></span> <span class='ocrx_word' id='word_1_91' title='bbox 1426 840 1554 879; x_wconf 89' lang='lat' dir='ltr'><strong>totius</strong></span> 
     </span>
     <span class='ocr_line' id='line_1_13' title="bbox 172 901 1554 951; baseline -0.001 -10"><span class='ocrx_word' id='word_1_92' title='bbox 172 902 369 941; x_wconf 84' lang='lat' dir='ltr'><strong>exercitus</strong></span> <span class='ocrx_word' id='word_1_93' title='bbox 400 903 506 941; x_wconf 86' lang='lat' dir='ltr'><strong>esset</strong></span> <span class='ocrx_word' id='word_1_94' title='bbox 536 901 729 951; x_wconf 80' lang='lat' dir='ltr'><strong>felicitas,</strong></span> <span class='ocrx_word' id='word_1_95' title='bbox 759 901 841 940; x_wconf 82' lang='lat' dir='ltr'><strong>dux</strong></span> <span class='ocrx_word' id='word_1_96' title='bbox 870 901 1045 950; x_wconf 87' lang='lat' dir='ltr'><strong>Marius,</strong></span> <span class='ocrx_word' id='word_1_97' title='bbox 1081 902 1219 940; x_wconf 88' lang='lat' dir='ltr'><strong>tamen</strong></span> <span class='ocrx_word' id='word_1_98' title='bbox 1251 923 1309 927; x_wconf 97' lang='lat'><strong>—</strong></span> <span class='ocrx_word' id='word_1_99' title='bbox 1342 914 1365 940; x_wconf 95' lang='lat' dir='ltr'><strong>o</strong></span> <span class='ocrx_word' id='word_1_100' title='bbox 1397 901 1554 940; x_wconf 87' lang='lat' dir='ltr'><strong>facinus</strong></span> 
     </span>
     <span class='ocr_line' id='line_1_14' title="bbox 170 961 1554 1014; baseline -0.001 -12"><span class='ocrx_word' id='word_1_101' title='bbox 170 962 401 1014; x_wconf 84' lang='lat' dir='ltr'><strong>indignum!</strong></span> <span class='ocrx_word' id='word_1_102' title='bbox 435 984 490 989; x_wconf 88' lang='lat'><strong>—-</strong></span> <span class='ocrx_word' id='word_1_103' title='bbox 523 963 616 1014; x_wconf 90' lang='lat' dir='ltr'><strong>plus</strong></span> <span class='ocrx_word' id='word_1_104' title='bbox 659 962 827 1013; x_wconf 88' lang='lat' dir='ltr'><strong>reliquis</strong></span> <span class='ocrx_word' id='word_1_105' title='bbox 871 962 1077 1002; x_wconf 85' lang='lat' dir='ltr'><strong>consecuti</strong></span> <span class='ocrx_word' id='word_1_106' title='bbox 1120 961 1364 1001; x_wconf 84' lang='lat' dir='ltr'><strong>videbantur</strong></span> <span class='ocrx_word' id='word_1_107' title='bbox 1407 961 1554 1012; x_wconf 88' lang='lat' dir='ltr'><strong>quibus</strong></span> 
     </span>
     <span class='ocr_line' id='line_1_15' title="bbox 171 1022 1555 1075; baseline -0.001 -13"><span class='ocrx_word' id='word_1_108' title='bbox 171 1022 359 1062; x_wconf 87' lang='lat' dir='ltr'><strong>tribunus</strong></span> <span class='ocrx_word' id='word_1_109' title='bbox 390 1024 618 1075; x_wconf 83' lang='lat' dir='ltr'><strong>contigerat</strong></span> <span class='ocrx_word' id='word_1_110' title='bbox 647 1024 899 1074; x_wconf 89' lang='lat' dir='ltr'><strong>propinquus</strong></span> <span class='ocrx_word' id='word_1_111' title='bbox 930 1024 1036 1062; x_wconf 90' lang='lat' dir='ltr'><strong>tuus.</strong></span> <span class='ocrx_word' id='word_1_112' title='bbox 1093 1023 1249 1072; x_wconf 85' lang='lat' dir='ltr'><strong>quanta</strong></span> <span class='ocrx_word' id='word_1_113' title='bbox 1280 1034 1378 1062; x_wconf 82' lang='lat' dir='ltr'><strong>cura</strong></span> <span class='ocrx_word' id='word_1_114' title='bbox 1408 1022 1555 1061; x_wconf 88' lang='lat' dir='ltr'><strong>robora</strong></span> 
     </span>
     <span class='ocr_line' id='line_1_16' title="bbox 119 1083 1554 1135; baseline -0.002 -11"><span class='ocrx_word' id='word_1_115' title='bbox 119 1097 155 1124; x_wconf 78' lang='lat'><strong>1⁵</strong></span> <span class='ocrx_word' id='word_1_116' title='bbox 172 1083 352 1123; x_wconf 89' lang='lat' dir='ltr'><strong>militum</strong></span> <span class='ocrx_word' id='word_1_117' title='bbox 393 1084 557 1135; x_wconf 82' lang='lat' dir='ltr'><strong>legeris,</strong></span> <span class='ocrx_word' id='word_1_118' title='bbox 601 1084 834 1135; x_wconf 85' lang='lat' dir='ltr'><strong>imperator,</strong></span> <span class='ocrx_word' id='word_1_119' title='bbox 877 1086 924 1122; x_wconf 91' lang='lat' dir='ltr'><strong>ut</strong></span> <span class='ocrx_word' id='word_1_120' title='bbox 966 1083 1149 1123; x_wconf 86' lang='lat' dir='ltr'><strong>hostibus</strong></span> <span class='ocrx_word' id='word_1_121' title='bbox 1190 1096 1317 1134; x_wconf 91' lang='lat' dir='ltr'><strong>prope</strong></span> <span class='ocrx_word' id='word_1_122' title='bbox 1357 1083 1554 1122; x_wconf 85' lang='lat' dir='ltr'><strong>humanas</strong></span> 
     </span>
     <span class='ocr_line' id='line_1_17' title="bbox 172 1143 1555 1195; baseline -0.001 -11"><span class='ocrx_word' id='word_1_123' title='bbox 172 1146 281 1184; x_wconf 79' lang='lat' dir='ltr'><strong>vires</strong></span> <span class='ocrx_word' id='word_1_124' title='bbox 319 1144 601 1184; x_wconf 86' lang='lat' dir='ltr'><strong>excedentibus</strong></span> <span class='ocrx_word' id='word_1_125' title='bbox 640 1157 863 1195; x_wconf 88' lang='lat' dir='ltr'><strong>opponeres</strong></span> <span class='ocrx_word' id='word_1_126' title='bbox 901 1157 1042 1195; x_wconf 90' lang='lat' dir='ltr'><strong>parem</strong></span> <span class='ocrx_word' id='word_1_127' title='bbox 1079 1143 1290 1194; x_wconf 90' lang='lat' dir='ltr'><strong>dilectum,</strong></span> <span class='ocrx_word' id='word_1_128' title='bbox 1322 1144 1389 1183; x_wconf 89' lang='lat' dir='ltr'><strong>vel</strong></span> <span class='ocrx_word' id='word_1_129' title='bbox 1427 1157 1475 1183; x_wconf 84' lang='lat' dir='ltr'><strong>ex</strong></span> <span class='ocrx_word' id='word_1_130' title='bbox 1509 1156 1555 1182; x_wconf 90' lang='grc' dir='ltr'>οο</span> 
     </span>
     <span class='ocr_line' id='line_1_18' title="bbox 172 1205 1555 1256; baseline 0 -12"><span class='ocrx_word' id='word_1_131' title='bbox 172 1205 438 1245; x_wconf 87' lang='lat' dir='ltr'><strong>manifestum</strong></span> <span class='ocrx_word' id='word_1_132' title='bbox 475 1206 537 1245; x_wconf 90' lang='lat' dir='ltr'><strong>est</strong></span> <span class='ocrx_word' id='word_1_133' title='bbox 574 1205 682 1256; x_wconf 81' lang='lat' dir='ltr'><strong>quod</strong></span> <span class='ocrx_word' id='word_1_134' title='bbox 720 1217 812 1245; x_wconf 91' lang='lat' dir='ltr'><strong>cum</strong></span> <span class='ocrx_word' id='word_1_135' title='bbox 848 1205 970 1244; x_wconf 86' lang='lat' dir='ltr'><strong>scires</strong></span> <span class='ocrx_word' id='word_1_136' title='bbox 1002 1218 1083 1244; x_wconf 93' lang='lat' dir='ltr'><strong>non</strong></span> <span class='ocrx_word' id='word_1_137' title='bbox 1115 1217 1163 1244; x_wconf 87' lang='lat' dir='ltr'><strong>ex</strong></span> <span class='ocrx_word' id='word_1_138' title='bbox 1200 1217 1324 1244; x_wconf 89' lang='lat' dir='ltr'><strong>ceusu</strong></span> <span class='ocrx_word' id='word_1_139' title='bbox 1358 1217 1444 1244; x_wconf 91' lang='lat' dir='ltr'><strong>esse</strong></span> <span class='ocrx_word' id='word_1_140' title='bbox 1474 1206 1555 1243; x_wconf 83' lang='lat' dir='ltr'><strong>vir-</strong></span> 
     </span>
     <span class='ocr_line' id='line_1_19' title="bbox 174 1266 1555 1317; baseline -0.001 -11"><span class='ocrx_word' id='word_1_141' title='bbox 174 1267 318 1316; x_wconf 84' lang='lat' dir='ltr'><strong>tutem,</strong></span> <span class='ocrx_word' id='word_1_142' title='bbox 347 1266 570 1316; x_wconf 83' lang='lat' dir='ltr'><strong>praeterita</strong></span> <span class='ocrx_word' id='word_1_143' title='bbox 594 1266 859 1305; x_wconf 84' lang='lat' dir='ltr'><strong>facultatium</strong></span> <span class='ocrx_word' id='word_1_144' title='bbox 885 1266 1225 1317; x_wconf 86' lang='lat' dir='ltr'><strong>contemplatione</strong></span> <span class='ocrx_word' id='word_1_145' title='bbox 1250 1267 1356 1305; x_wconf 85' lang='lat' dir='ltr'><strong>vires</strong></span> <span class='ocrx_word' id='word_1_146' title='bbox 1382 1266 1555 1304; x_wconf 83' lang='lat' dir='ltr'><strong>animos-</strong></span> 
     </span>
     <span class='ocr_line' id='line_1_20' title="bbox 176 1325 1557 1378; baseline -0.001 -12"><span class='ocrx_word' id='word_1_147' title='bbox 176 1339 253 1377; x_wconf 90' lang='lat' dir='ltr'><strong>que</strong></span> <span class='ocrx_word' id='word_1_148' title='bbox 285 1328 448 1366; x_wconf 89' lang='lat' dir='ltr'><strong>tantum</strong></span> <span class='ocrx_word' id='word_1_149' title='bbox 479 1327 684 1378; x_wconf 85' lang='lat' dir='ltr'><strong>spectasti.</strong></span> <span class='ocrx_word' id='word_1_150' title='bbox 746 1326 847 1378; x_wconf 89' lang='lat' dir='ltr'><strong>quid</strong></span> <span class='ocrx_word' id='word_1_151' title='bbox 885 1325 1079 1377; x_wconf 79' lang='lat' dir='ltr'><strong>prodest?</strong></span> <span class='ocrx_word' id='word_1_152' title='bbox 1116 1339 1166 1365; x_wconf 91' lang='lat' dir='ltr'><strong>en</strong></span> <span class='ocrx_word' id='word_1_153' title='bbox 1198 1327 1352 1377; x_wconf 87' lang='lat' dir='ltr'><strong>quanta</strong></span> <span class='ocrx_word' id='word_1_154' title='bbox 1390 1326 1557 1366; x_wconf 86' lang='lat' dir='ltr'><strong>dilectui</strong></span> 
     </span>
     <span class='ocr_line' id='line_1_21' title="bbox 122 1386 1556 1441; baseline -0.002 -13"><span class='ocrx_word' id='word_1_155' title='bbox 122 1401 159 1428; x_wconf 72' lang='lat' dir='ltr'><strong>so</strong></span> <span class='ocrx_word' id='word_1_156' title='bbox 175 1389 248 1427; x_wconf 89' lang='lat' dir='ltr'><strong>tuo</strong></span> <span class='ocrx_word' id='word_1_157' title='bbox 284 1387 333 1426; x_wconf 91' lang='lat' dir='ltr'><strong>fit</strong></span> <span class='ocrx_word' id='word_1_158' title='bbox 371 1386 555 1426; x_wconf 81' lang='lat' dir='ltr'><strong>invidia?</strong></span> <span class='ocrx_word' id='word_1_159' title='bbox 599 1387 743 1427; x_wconf 86' lang='lat' dir='ltr'><strong>diceris</strong></span> <span class='ocrx_word' id='word_1_160' title='bbox 787 1387 1000 1441; x_wconf 87' lang='lat' dir='ltr'><strong>adversum</strong></span> <span class='ocrx_word' id='word_1_161' title='bbox 1040 1386 1221 1426; x_wconf 84' lang='lat' dir='ltr'><strong>Cimbros</strong></span> <span class='ocrx_word' id='word_1_162' title='bbox 1258 1400 1428 1437; x_wconf 87' lang='lat' dir='ltr'><strong>puerum</strong></span> <span class='ocrx_word' id='word_1_163' title='bbox 1465 1400 1556 1437; x_wconf 86' lang='lat' dir='ltr'><strong>pro-</strong></span> 
     </span>
     <span class='ocr_line' id='line_1_22' title="bbox 176 1447 1557 1499; baseline 0 -12"><span class='ocrx_word' id='word_1_164' title='bbox 176 1447 304 1488; x_wconf 86' lang='lat' dir='ltr'><strong>basse.</strong></span> <span class='ocrx_word' id='word_1_165' title='bbox 367 1448 437 1487; x_wconf 90' lang='lat' dir='ltr'><strong>sed</strong></span> <span class='ocrx_word' id='word_1_166' title='bbox 467 1461 597 1499; x_wconf 90' lang='lat' dir='ltr'><strong>neque</strong></span> <span class='ocrx_word' id='word_1_167' title='bbox 628 1450 670 1487; x_wconf 87' lang='lat' dir='ltr'><strong>te</strong></span> <span class='ocrx_word' id='word_1_168' title='bbox 708 1448 900 1487; x_wconf 89' lang='lat' dir='ltr'><strong>militaris</strong></span> <span class='ocrx_word' id='word_1_169' title='bbox 937 1450 1050 1487; x_wconf 87' lang='lat' dir='ltr'><strong>aetas</strong></span> <span class='ocrx_word' id='word_1_170' title='bbox 1081 1447 1231 1486; x_wconf 88' lang='lat' dir='ltr'><strong>fefellit</strong></span> <span class='ocrx_word' id='word_1_171' title='bbox 1266 1447 1380 1487; x_wconf 88' lang='lat' dir='ltr'><strong>cuius</strong></span> <span class='ocrx_word' id='word_1_172' title='bbox 1419 1448 1557 1487; x_wconf 89' lang='lat' dir='ltr'><strong>certis-</strong></span> 
     </span>
     <span class='ocr_line' id='line_1_23' title="bbox 177 1508 1107 1559; baseline -0.001 -11"><span class='ocrx_word' id='word_1_173' title='bbox 177 1509 281 1549; x_wconf 87' lang='lat' dir='ltr'><strong>sima</strong></span> <span class='ocrx_word' id='word_1_174' title='bbox 310 1521 500 1548; x_wconf 84' lang='lat' dir='ltr'><strong>mensura</strong></span> <span class='ocrx_word' id='word_1_175' title='bbox 531 1511 593 1548; x_wconf 86' lang='lat' dir='ltr'><strong>est</strong></span> <span class='ocrx_word' id='word_1_176' title='bbox 622 1521 741 1559; x_wconf 89' lang='lat' dir='ltr'><strong>posse</strong></span> <span class='ocrx_word' id='word_1_177' title='bbox 772 1508 935 1548; x_wconf 85' lang='lat' dir='ltr'><strong>fortiter</strong></span> <span class='ocrx_word' id='word_1_178' title='bbox 964 1509 1107 1548; x_wconf 86' lang='lat' dir='ltr'><strong>facere.</strong></span> 
     </span>
     <span class='ocr_line' id='line_1_24' title="bbox 267 1568 1606 1620; baseline -0.001 -12"><span class='ocrx_word' id='word_1_179' title='bbox 267 1569 409 1620; x_wconf 86' lang='lat' dir='ltr'><strong>Neque</strong></span> <span class='ocrx_word' id='word_1_180' title='bbox 446 1569 518 1608; x_wconf 85' lang='lat' dir='ltr'><strong>illa</strong></span> <span class='ocrx_word' id='word_1_181' title='bbox 556 1569 682 1609; x_wconf 89' lang='lat' dir='ltr'><strong>libido</strong></span> <span class='ocrx_word' id='word_1_182' title='bbox 719 1569 800 1608; x_wconf 88' lang='lat' dir='ltr'><strong>fuit</strong></span> <span class='ocrx_word' id='word_1_183' title='bbox 837 1569 982 1608; x_wconf 86' lang='lat' dir='ltr'><strong>saltem</strong></span> <span class='ocrx_word' id='word_1_184' title='bbox 1020 1569 1131 1608; x_wconf 87' lang='lat' dir='ltr'><strong>vitiis</strong></span> <span class='ocrx_word' id='word_1_185' title='bbox 1171 1570 1323 1608; x_wconf 88' lang='lat' dir='ltr'><strong>usitata</strong></span> <span class='ocrx_word' id='word_1_186' title='bbox 1362 1581 1465 1619; x_wconf 87' lang='lat' dir='ltr'><strong>quae</strong></span> <span class='ocrx_word' id='word_1_187' title='bbox 1504 1568 1555 1608; x_wconf 87' lang='lat' dir='ltr'><strong>ad</strong></span> <span class='ocrx_word' id='word_1_188' title='bbox 1580 1569 1606 1605; x_wconf 82' lang='grc'><strong>6</strong></span> 
     </span>
     <span class='ocr_line' id='line_1_25' title="bbox 179 1629 1557 1681; baseline -0.001 -12"><span class='ocrx_word' id='word_1_189' title='bbox 179 1629 370 1670; x_wconf 84' lang='grc'>0113001103</span> <span class='ocrx_word' id='word_1_190' title='bbox 399 1629 569 1669; x_wconf 89' lang='lat' dir='ltr'><strong>Veneris</strong></span> <span class='ocrx_word' id='word_1_191' title='bbox 601 1630 774 1680; x_wconf 89' lang='lat' dir='ltr'><strong>impetus</strong></span> <span class='ocrx_word' id='word_1_192' title='bbox 805 1630 959 1669; x_wconf 89' lang='lat' dir='ltr'><strong>formae</strong></span> <span class='ocrx_word' id='word_1_193' title='bbox 991 1630 1179 1681; x_wconf 85' lang='lat' dir='ltr'><strong>cupidine</strong></span> <span class='ocrx_word' id='word_1_194' title='bbox 1209 1629 1455 1679; x_wconf 86' lang='lat' dir='ltr'><strong>incenditur,</strong></span> <span class='ocrx_word' id='word_1_195' title='bbox 1487 1629 1557 1669; x_wconf 89' lang='lat' dir='ltr'><strong>sed</strong></span> 
     </span>
    </p>
   </div>
   <div class='ocr_carea' id='block_1_3' title="bbox 179 1689 468 1692">
    <p class='ocr_par' dir='ltr' id='par_1_3' title="bbox 179 1689 468 1692">
     <span class='ocr_line' id='line_1_26' title="bbox 179 1689 468 1692; baseline 0 0"><span class='ocrx_word' id='word_1_196' title='bbox 179 1689 468 1692; x_wconf 95' lang='lat' dir='ltr'><strong> </strong></span> 
     </span>
    </p>
   </div>
   <div class='ocr_carea' id='block_1_4' title="bbox 179 1711 1565 1925">
    <p class='ocr_par' dir='ltr' id='par_1_4' title="bbox 179 1711 1565 1925">
     <span class='ocr_line' id='line_1_27' title="bbox 279 1711 1564 1779; baseline -0.001 -11"><span class='ocrx_word' id='word_1_197' title='bbox 279 1738 297 1768; x_wconf 94' lang='lat'>1</span> <span class='ocrx_word' id='word_1_198' title='bbox 324 1720 485 1779; x_wconf 87' lang='lat' dir='ltr'><strong>lmperio</strong></span> <span class='ocrx_word' id='word_1_199' title='bbox 511 1739 549 1768; x_wconf 89' lang='grc' dir='ltr'><em>Β</em></span> <span class='ocrx_word' id='word_1_200' title='bbox 644 1732 787 1768; x_wconf 76' lang='grc' dir='ltr'>0113101ΐ1</span> <span class='ocrx_word' id='word_1_201' title='bbox 818 1739 846 1767; x_wconf 70' lang='lat'><strong>¹*</strong></span> <span class='ocrx_word' id='word_1_202' title='bbox 939 1711 1082 1769; x_wconf 62' lang='lat' dir='ltr'><strong>adtulit</strong></span> <span class='ocrx_word' id='word_1_203' title='bbox 1107 1739 1145 1768; x_wconf 99' lang='grc' dir='ltr'><em>Β</em></span> <span class='ocrx_word' id='word_1_204' title='bbox 1240 1733 1468 1779; x_wconf 84' lang='lat' dir='ltr'><strong>aparuitque</strong></span> <span class='ocrx_word' id='word_1_205' title='bbox 1494 1739 1564 1768; x_wconf 73' lang='grc' dir='ltr'><strong>ΒΓ</strong></span> 
     </span>
     <span class='ocr_line' id='line_1_28' title="bbox 182 1781 1559 1827; baseline 0 -11"><span class='ocrx_word' id='word_1_206' title='bbox 182 1784 204 1816; x_wconf 85' lang='grc'><strong>3</strong></span> <span class='ocrx_word' id='word_1_207' title='bbox 231 1784 408 1827; x_wconf 87' lang='lat' dir='ltr'><strong>apareret</strong></span> <span class='ocrx_word' id='word_1_208' title='bbox 425 1787 463 1816; x_wconf 91' lang='grc' dir='ltr'><em>Β</em></span> <span class='ocrx_word' id='word_1_209' title='bbox 559 1785 582 1816; x_wconf 87' lang='lat'>4</span> <span class='ocrx_word' id='word_1_210' title='bbox 606 1781 807 1817; x_wconf 88' lang='lat' dir='ltr'><strong>minorem:</strong></span> <span class='ocrx_word' id='word_1_211' title='bbox 833 1781 958 1817; x_wconf 90' lang='lat' dir='ltr'><strong>minor</strong></span> <span class='ocrx_word' id='word_1_212' title='bbox 982 1788 1084 1826; x_wconf 72' lang='grc' dir='ltr'><strong>Μβγς</strong></span> <span class='ocrx_word' id='word_1_213' title='bbox 1109 1782 1255 1818; x_wconf 83' lang='grc' dir='ltr'>1111110το</span> <span class='ocrx_word' id='word_1_214' title='bbox 1276 1789 1332 1826; x_wconf 77' lang='grc' dir='ltr'><strong>Πς</strong></span> <span class='ocrx_word' id='word_1_215' title='bbox 1357 1783 1483 1817; x_wconf 89' lang='lat' dir='ltr'><strong>minor</strong></span> <span class='ocrx_word' id='word_1_216' title='bbox 1502 1783 1559 1817; x_wconf 87' lang='lat' dir='ltr'><strong>est</strong></span> 
     </span>
     <span class='ocr_line' id='line_1_29' title="bbox 179 1829 1565 1876; baseline -0.001 -11"><span class='ocrx_word' id='word_1_217' title='bbox 179 1836 213 1865; x_wconf 76' lang='lat' dir='ltr'><em>J</em></span> <span class='ocrx_word' id='word_1_218' title='bbox 303 1841 434 1876; x_wconf 85' lang='lat' dir='ltr'><strong>pugna</strong></span> <span class='ocrx_word' id='word_1_219' title='bbox 453 1836 562 1873; x_wconf 71' lang='grc' dir='ltr'><strong>Μβσγ</strong></span> <span class='ocrx_word' id='word_1_220' title='bbox 660 1841 742 1866; x_wconf 85' lang='grc'>0330</span> <span class='ocrx_word' id='word_1_221' title='bbox 773 1836 811 1866; x_wconf 69' lang='lat' dir='ltr'><strong>V:</strong></span> <span class='ocrx_word' id='word_1_222' title='bbox 840 1832 940 1866; x_wconf 87' lang='lat' dir='ltr'><strong>esset</strong></span> <span class='ocrx_word' id='word_1_223' title='bbox 964 1837 1101 1875; x_wconf 61' lang='grc' dir='ltr'><strong>Βηβγς</strong></span> <span class='ocrx_word' id='word_1_224' title='bbox 1126 1842 1195 1867; x_wconf 86' lang='lat' dir='ltr'><strong>om.</strong></span> <span class='ocrx_word' id='word_1_225' title='bbox 1217 1839 1244 1865; x_wconf 72' lang='lat'><strong>(5</strong></span> <span class='ocrx_word' id='word_1_226' title='bbox 1340 1835 1360 1865; x_wconf 85' lang='lat'>5</span> <span class='ocrx_word' id='word_1_227' title='bbox 1389 1829 1414 1866; x_wconf 93' lang='lat' dir='ltr'>C</span> <span class='ocrx_word' id='word_1_228' title='bbox 1441 1842 1508 1867; x_wconf 79' lang='lat' dir='ltr'><strong>mn.</strong></span> <span class='ocrx_word' id='word_1_229' title='bbox 1537 1837 1565 1864; x_wconf 74' lang='grc'><strong>1·</strong></span> 
     </span>
     <span class='ocr_line' id='line_1_30' title="bbox 182 1878 1463 1925; baseline -0.001 -11"><span class='ocrx_word' id='word_1_230' title='bbox 182 1882 204 1914; x_wconf 91' lang='grc'><strong>6</strong></span> <span class='ocrx_word' id='word_1_231' title='bbox 236 1878 384 1914; x_wconf 83' lang='lat' dir='ltr'><strong>scitatis</strong></span> <span class='ocrx_word' id='word_1_232' title='bbox 404 1884 442 1913; x_wconf 88' lang='grc' dir='ltr'><em>Β</em></span> <span class='ocrx_word' id='word_1_233' title='bbox 537 1878 843 1924; x_wconf 82' lang='lat' dir='ltr'><strong>severitatisque:</strong></span> <span class='ocrx_word' id='word_1_234' title='bbox 876 1879 1126 1925; x_wconf 84' lang='lat' dir='ltr'><strong>veritatisque</strong></span> <span class='ocrx_word' id='word_1_235' title='bbox 1153 1885 1203 1923; x_wconf 85' lang='lat' dir='ltr'><strong>P;</strong></span> <span class='ocrx_word' id='word_1_236' title='bbox 1236 1879 1409 1914; x_wconf 86' lang='lat' dir='ltr'><strong>veritatis</strong></span> <span class='ocrx_word' id='word_1_237' title='bbox 1436 1885 1463 1913; x_wconf 82' lang='lat' dir='ltr'><strong>s</strong></span> 
     </span>
    </p>
   </div>
   <div class='ocr_carea' id='block_1_5' title="bbox 182 1926 1563 2006">
    <p class='ocr_par' dir='ltr' id='par_1_5' title="bbox 182 1926 1563 2006">
     <span class='ocr_line' id='line_1_31' title="bbox 182 1926 1563 2006; baseline 0.001 -20"><span class='ocrx_word' id='word_1_238' title='bbox 182 1955 203 1986; x_wconf 79' lang='lat'>7</span> <span class='ocrx_word' id='word_1_239' title='bbox 229 1926 429 2006; x_wconf 57' lang='lat' dir='ltr'><strong>mderculis</strong></span> <span class='ocrx_word' id='word_1_240' title='bbox 455 1957 507 1996; x_wconf 86' lang='grc' dir='ltr'><strong>Β;</strong></span> <span class='ocrx_word' id='word_1_241' title='bbox 533 1962 595 1988; x_wconf 90' lang='grc'>1110</span> <span class='ocrx_word' id='word_1_242' title='bbox 619 1951 786 1988; x_wconf 83' lang='lat' dir='ltr'><strong>herculis</strong></span> <span class='ocrx_word' id='word_1_243' title='bbox 818 1958 845 1986; x_wconf 80' lang='lat' dir='ltr'><strong><em>V</em></strong></span> <span class='ocrx_word' id='word_1_244' title='bbox 962 1955 1006 1987; x_wconf 91' lang='grc'><strong>10</strong></span> <span class='ocrx_word' id='word_1_245' title='bbox 1033 1943 1202 1995; x_wconf 71' lang='lat' dir='ltr'><strong>cerneret</strong></span> <span class='ocrx_word' id='word_1_246' title='bbox 1233 1958 1262 1986; x_wconf 64' lang='lat'><strong>1·</strong></span> <span class='ocrx_word' id='word_1_247' title='bbox 1374 1956 1417 1987; x_wconf 88' lang='lat'><strong>11</strong></span> <span class='ocrx_word' id='word_1_248' title='bbox 1445 1943 1476 1987; x_wconf 76' lang='grc' dir='ltr'><strong>1ἶ</strong></span> <span class='ocrx_word' id='word_1_249' title='bbox 1496 1958 1563 1986; x_wconf 61' lang='grc' dir='ltr'><strong>Β]</strong></span> 
     </span>
    </p>
   </div>
   <div class='ocr_carea' id='block_1_6' title="bbox 179 2011 1561 2470">
    <p class='ocr_par' dir='ltr' id='par_1_6' title="bbox 181 2011 1560 2180">
     <span class='ocr_line' id='line_1_32' title="bbox 184 2011 1559 2082; baseline 0 -11"><span class='ocrx_word' id='word_1_250' title='bbox 184 2039 229 2071; x_wconf 82' lang='lat'><strong>12</strong></span> <span class='ocrx_word' id='word_1_251' title='bbox 255 2011 384 2072; x_wconf 54' lang='lat' dir='ltr'><strong>felftas</strong></span> <span class='ocrx_word' id='word_1_252' title='bbox 410 2042 448 2071; x_wconf 89' lang='grc' dir='ltr'><em>Β</em></span> <span class='ocrx_word' id='word_1_253' title='bbox 521 2040 565 2072; x_wconf 84' lang='grc'><strong>13</strong></span> <span class='ocrx_word' id='word_1_254' title='bbox 591 2036 749 2082; x_wconf 89' lang='lat' dir='ltr'><strong>reliquis</strong></span> <span class='ocrx_word' id='word_1_255' title='bbox 773 2051 812 2078; x_wconf 85' lang='lat' dir='ltr'><strong>y:</strong></span> <span class='ocrx_word' id='word_1_256' title='bbox 838 2036 978 2082; x_wconf 89' lang='lat' dir='ltr'><strong>reliqui</strong></span> <span class='ocrx_word' id='word_1_257' title='bbox 1003 2051 1033 2071; x_wconf 90' lang='grc' dir='ltr'>ω</span> <span class='ocrx_word' id='word_1_258' title='bbox 1060 2039 1111 2082; x_wconf 91' lang='grc' dir='ltr'><strong>(Β</strong></span> <span class='ocrx_word' id='word_1_259' title='bbox 1134 2049 1179 2072; x_wconf 75' lang='lat' dir='ltr'><strong>ecc</strong></span> <span class='ocrx_word' id='word_1_260' title='bbox 1203 2036 1382 2082; x_wconf 89' lang='lat' dir='ltr'><strong>relinqui)</strong></span> <span class='ocrx_word' id='word_1_261' title='bbox 1458 2036 1559 2071; x_wconf 80' lang='lat' dir='ltr'><strong>vide-</strong></span> 
     </span>
     <span class='ocr_line' id='line_1_33' title="bbox 181 2083 1560 2132; baseline 0 -13"><span class='ocrx_word' id='word_1_262' title='bbox 181 2083 277 2120; x_wconf 88' lang='lat' dir='ltr'><strong>bant</strong></span> <span class='ocrx_word' id='word_1_263' title='bbox 295 2091 324 2119; x_wconf 64' lang='lat' dir='ltr'><strong>t·</strong></span> <span class='ocrx_word' id='word_1_264' title='bbox 394 2089 438 2120; x_wconf 82' lang='lat'><strong>14</strong></span> <span class='ocrx_word' id='word_1_265' title='bbox 457 2085 621 2121; x_wconf 84' lang='lat' dir='ltr'><strong>tribunis</strong></span> <span class='ocrx_word' id='word_1_266' title='bbox 634 2092 697 2120; x_wconf 76' lang='grc' dir='ltr'><strong>Βσ</strong></span> <span class='ocrx_word' id='word_1_267' title='bbox 758 2085 972 2130; x_wconf 86' lang='lat' dir='ltr'><strong>contigerat</strong></span> <span class='ocrx_word' id='word_1_268' title='bbox 990 2097 1036 2121; x_wconf 58' lang='grc' dir='ltr'><strong>επ</strong></span> <span class='ocrx_word' id='word_1_269' title='bbox 1048 2085 1235 2132; x_wconf 84' lang='lat' dir='ltr'><strong>-tingerat</strong></span> <span class='ocrx_word' id='word_1_270' title='bbox 1247 2091 1298 2130; x_wconf 89' lang='grc' dir='ltr'><strong>Β;</strong></span> <span class='ocrx_word' id='word_1_271' title='bbox 1320 2084 1560 2131; x_wconf 88' lang='lat' dir='ltr'><strong>contingerat</strong></span> 
     </span>
     <span class='ocr_line' id='line_1_34' title="bbox 183 2133 1463 2180; baseline 0 -12"><span class='ocrx_word' id='word_1_272' title='bbox 183 2138 228 2168; x_wconf 71' lang='grc' dir='ltr'><em>Μ</em></span> <span class='ocrx_word' id='word_1_273' title='bbox 311 2136 355 2168; x_wconf 88' lang='lat'><strong>15</strong></span> <span class='ocrx_word' id='word_1_274' title='bbox 381 2133 544 2169; x_wconf 83' lang='lat' dir='ltr'><strong>militem</strong></span> <span class='ocrx_word' id='word_1_275' title='bbox 570 2140 607 2169; x_wconf 93' lang='grc' dir='ltr'><em>Β</em></span> <span class='ocrx_word' id='word_1_276' title='bbox 697 2133 891 2180; x_wconf 88' lang='lat' dir='ltr'><strong>inperator</strong></span> <span class='ocrx_word' id='word_1_277' title='bbox 915 2140 954 2168; x_wconf 91' lang='grc' dir='ltr'><em>Β</em></span> <span class='ocrx_word' id='word_1_278' title='bbox 1036 2145 1206 2180; x_wconf 87' lang='lat' dir='ltr'><strong>propone</strong></span> <span class='ocrx_word' id='word_1_279' title='bbox 1233 2140 1283 2178; x_wconf 71' lang='lat' dir='ltr'><strong>M,</strong></span> <span class='ocrx_word' id='word_1_280' title='bbox 1309 2146 1402 2170; x_wconf 85' lang='lat' dir='ltr'><strong>corr.</strong></span> <span class='ocrx_word' id='word_1_281' title='bbox 1422 2148 1463 2168; x_wconf 84' lang='lat' dir='ltr'><strong>m</strong></span> 
     </span>
    </p>

    <p class='ocr_par' dir='ltr' id='par_1_7' title="bbox 179 2181 1561 2470">
     <span class='ocr_line' id='line_1_35' title="bbox 185 2181 1561 2228; baseline 0 -12"><span class='ocrx_word' id='word_1_282' title='bbox 185 2184 231 2216; x_wconf 88' lang='grc'><strong>16</strong></span> <span class='ocrx_word' id='word_1_283' title='bbox 257 2181 447 2218; x_wconf 85' lang='lat' dir='ltr'><strong>delectum</strong></span> <span class='ocrx_word' id='word_1_284' title='bbox 474 2188 519 2217; x_wconf 69' lang='grc' dir='ltr'><em>Μ</em></span> <span class='ocrx_word' id='word_1_285' title='bbox 610 2185 654 2217; x_wconf 89' lang='grc'><strong>18</strong></span> <span class='ocrx_word' id='word_1_286' title='bbox 680 2182 889 2228; x_wconf 82' lang='lat' dir='ltr'><strong>praeterita</strong></span> <span class='ocrx_word' id='word_1_287' title='bbox 914 2181 1142 2217; x_wconf 84' lang='lat' dir='ltr'><strong>facultatum</strong></span> <span class='ocrx_word' id='word_1_288' title='bbox 1169 2182 1490 2228; x_wconf 78' lang='lat' dir='ltr'><strong>contemplatione</strong></span> <span class='ocrx_word' id='word_1_289' title='bbox 1517 2194 1561 2218; x_wconf 64' lang='lat' dir='ltr'><strong>ea:</strong></span> 
     </span>
     <span class='ocr_line' id='line_1_36' title="bbox 183 2229 1516 2276; baseline -0.001 -11"><span class='ocrx_word' id='word_1_290' title='bbox 183 2229 433 2276; x_wconf 86' lang='lat' dir='ltr'><strong>praeteritum</strong></span> <span class='ocrx_word' id='word_1_291' title='bbox 458 2229 702 2266; x_wconf 85' lang='lat' dir='ltr'><strong>facultatium</strong></span> <span class='ocrx_word' id='word_1_292' title='bbox 722 2230 1082 2276; x_wconf 88' lang='lat' dir='ltr'><strong>contemplationem</strong></span> <span class='ocrx_word' id='word_1_293' title='bbox 1102 2237 1139 2266; x_wconf 88' lang='grc' dir='ltr'><em>Β</em></span> <span class='ocrx_word' id='word_1_294' title='bbox 1210 2230 1440 2266; x_wconf 86' lang='lat' dir='ltr'><strong>facultatum</strong></span> <span class='ocrx_word' id='word_1_295' title='bbox 1466 2239 1516 2271; x_wconf 69' lang='grc' dir='ltr'><strong>γα</strong></span> 
     </span>
     <span class='ocr_line' id='line_1_37' title="bbox 179 2277 1560 2325; baseline -0.002 -11"><span class='ocrx_word' id='word_1_296' title='bbox 179 2281 266 2324; x_wconf 76' lang='lat' dir='ltr'><strong>post</strong></span> <span class='ocrx_word' id='word_1_297' title='bbox 284 2277 526 2314; x_wconf 82' lang='lat' dir='ltr'><strong>facultatium</strong></span> <span class='ocrx_word' id='word_1_298' title='bbox 547 2278 634 2314; x_wconf 79' lang='lat' dir='ltr'><strong>add.</strong></span> <span class='ocrx_word' id='word_1_299' title='bbox 655 2280 713 2314; x_wconf 88' lang='lat' dir='ltr'><strong>est</strong></span> <span class='ocrx_word' id='word_1_300' title='bbox 732 2279 834 2324; x_wconf 91' lang='lat' dir='ltr'><strong>quod</strong></span> <span class='ocrx_word' id='word_1_301' title='bbox 855 2285 898 2322; x_wconf 82' lang='lat' dir='ltr'><strong>P,</strong></span> <span class='ocrx_word' id='word_1_302' title='bbox 920 2279 987 2315; x_wconf 79' lang='lat' dir='ltr'><strong>del.</strong></span> <span class='ocrx_word' id='word_1_303' title='bbox 1008 2291 1107 2315; x_wconf 80' lang='lat' dir='ltr'><strong>man.</strong></span> <span class='ocrx_word' id='word_1_304' title='bbox 1130 2281 1153 2314; x_wconf 90' lang='lat'><em>3</em></span> <span class='ocrx_word' id='word_1_305' title='bbox 1228 2283 1272 2314; x_wconf 88' lang='grc'><strong>19</strong></span> <span class='ocrx_word' id='word_1_306' title='bbox 1300 2278 1510 2325; x_wconf 84' lang='lat' dir='ltr'><strong>expectasti</strong></span> <span class='ocrx_word' id='word_1_307' title='bbox 1531 2294 1560 2311; x_wconf 89' lang='grc' dir='ltr'>ω</span> 
     </span>
     <span class='ocr_line' id='line_1_38' title="bbox 184 2326 1561 2373; baseline -0.001 -11"><span class='ocrx_word' id='word_1_308' title='bbox 184 2327 246 2372; x_wconf 76' lang='lat' dir='ltr'><strong>(ex</strong></span> <span class='ocrx_word' id='word_1_309' title='bbox 269 2327 479 2372; x_wconf 83' lang='lat' dir='ltr'><strong>expectatis</strong></span> <span class='ocrx_word' id='word_1_310' title='bbox 506 2333 556 2371; x_wconf 69' lang='grc' dir='ltr'><strong>Μ,</strong></span> <span class='ocrx_word' id='word_1_311' title='bbox 581 2327 641 2362; x_wconf 77' lang='lat' dir='ltr'><strong>vel</strong></span> <span class='ocrx_word' id='word_1_312' title='bbox 667 2327 846 2373; x_wconf 84' lang='lat' dir='ltr'><strong>expetisti</strong></span> <span class='ocrx_word' id='word_1_313' title='bbox 869 2339 972 2373; x_wconf 66' lang='lat' dir='ltr'><strong>supr.</strong></span> <span class='ocrx_word' id='word_1_314' title='bbox 993 2330 1048 2373; x_wconf 77' lang='grc' dir='ltr'><strong>ιιι)</strong></span> <span class='ocrx_word' id='word_1_315' title='bbox 1123 2339 1187 2363; x_wconf 88' lang='lat' dir='ltr'><strong>en:</strong></span> <span class='ocrx_word' id='word_1_316' title='bbox 1214 2329 1253 2363; x_wconf 87' lang='lat' dir='ltr'><strong>et</strong></span> <span class='ocrx_word' id='word_1_317' title='bbox 1280 2334 1315 2362; x_wconf 84' lang='lat' dir='ltr'><em>P</em></span> <span class='ocrx_word' id='word_1_318' title='bbox 1396 2326 1561 2362; x_wconf 86' lang='lat' dir='ltr'><strong>delectui</strong></span> 
     </span>
     <span class='ocr_line' id='line_1_39' title="bbox 185 2374 1560 2412; baseline -0.001 -2"><span class='ocrx_word' id='word_1_319' title='bbox 185 2380 231 2410; x_wconf 69' lang='grc' dir='ltr'><em>Μ</em></span> <span class='ocrx_word' id='word_1_320' title='bbox 337 2378 382 2410; x_wconf 79' lang='lat'><strong>20</strong></span> <span class='ocrx_word' id='word_1_321' title='bbox 409 2375 625 2411; x_wconf 87' lang='lat' dir='ltr'><strong>adversum:</strong></span> <span class='ocrx_word' id='word_1_322' title='bbox 653 2375 831 2411; x_wconf 84' lang='lat' dir='ltr'><strong>adversus</strong></span> <span class='ocrx_word' id='word_1_323' title='bbox 859 2382 930 2411; x_wconf 69' lang='grc' dir='ltr'><strong>,ΙΙΙ</strong></span> <span class='ocrx_word' id='word_1_324' title='bbox 1031 2374 1189 2412; x_wconf 89' lang='lat' dir='ltr'><strong>Cinbros</strong></span> <span class='ocrx_word' id='word_1_325' title='bbox 1215 2382 1252 2411; x_wconf 91' lang='grc' dir='ltr'><em>Β</em></span> <span class='ocrx_word' id='word_1_326' title='bbox 1367 2380 1410 2411; x_wconf 74' lang='grc'><strong>21</strong></span> <span class='ocrx_word' id='word_1_327' title='bbox 1439 2377 1493 2410; x_wconf 82' lang='lat' dir='ltr'><strong>te:</strong></span> <span class='ocrx_word' id='word_1_328' title='bbox 1520 2385 1560 2409; x_wconf 90' lang='lat' dir='ltr'><strong>re</strong></span> 
     </span>
     <span class='ocr_line' id='line_1_40' title="bbox 186 2424 833 2470; baseline 0.003 -13"><span class='ocrx_word' id='word_1_329' title='bbox 186 2428 295 2467; x_wconf 66' lang='grc' dir='ltr'><strong>Βΐσς</strong></span> <span class='ocrx_word' id='word_1_330' title='bbox 320 2424 358 2458; x_wconf 88' lang='lat' dir='ltr'><strong>te</strong></span> <span class='ocrx_word' id='word_1_331' title='bbox 378 2428 466 2470; x_wconf 79' lang='lat' dir='ltr'><strong>post</strong></span> <span class='ocrx_word' id='word_1_332' title='bbox 491 2426 597 2460; x_wconf 84' lang='lat' dir='ltr'><strong>aetas</strong></span> <span class='ocrx_word' id='word_1_333' title='bbox 623 2425 766 2460; x_wconf 67' lang='lat' dir='ltr'><strong>est-hibet</strong></span> <span class='ocrx_word' id='word_1_334' title='bbox 790 2430 833 2459; x_wconf 71' lang='grc' dir='ltr'><em>Μ</em></span> 
     </span>
    </p>
   </div>
  </div>
 </body>
</html>
