1638 2560
199 115 286 158 222
628 110 974 148 CADAVERIBVS
999 109 1142 146 PASTI

199 231 303 269 esset
339 229 466 267 futuri
502 230 651 276 metus,
696 227 887 277 apparuit
930 225 1088 263 nullum
1132 238 1180 264 ex
1222 225 1451 276 propinquo
1491 237 1575 265 esse

199 290 454 341 praesidium,
488 302 577 328 cum
610 287 802 326 finitimas
836 299 994 336 quoque
1024 286 1211 325 civitates
1242 285 1474 325 incendium
1504 298 1575 324 no-

199 353 325 389 strum
363 349 589 388 adussisset.
654 350 741 386 erat
786 346 947 397 quidem
989 346 1144 396 aliquid
1185 347 1228 384 in
1269 347 1403 386 vicino
1445 345 1575 386 adhuc

198 411 401 459 frumenti,
434 409 502 448 sed
533 411 615 447 iam
647 421 762 446 nemo
795 407 1005 446 vendebat.
1057 419 1151 458 ergo
1183 409 1231 445 ut
1261 405 1435 446 vidimus
1468 407 1573 446 salu-

199 474 280 510 tem
311 470 515 521 publicam
547 472 658 508 trans
684 481 795 507 mare
827 467 1054 518 petendam,
1087 481 1128 506 se
1153 468 1197 505 in
1223 468 1377 506 curiam
1403 468 1573 518 quisque
1612 480 1630 508 5

149 532 173 567 6
200 533 357 583 cogunt.
420 532 466 569 ut
503 542 615 568 arma
652 530 774 578 bello,
813 530 860 567 ut
891 541 998 578 aqua
1035 527 1221 567 incendio
1257 528 1471 567 inclamari
1500 541 1573 579 pu-

196 592 299 630 blice
331 591 476 639 solent,
515 592 575 629 ita
606 603 684 628 uno
718 589 893 639 quodam
931 601 1125 628 consensu
1156 601 1253 639 non,
1275 588 1476 628 aetatibus
1509 601 1572 627 ex-

197 653 399 703 spectatis,
425 664 505 690 non
529 650 745 689 honoribus
772 651 924 700 pariter
948 649 1192 698 rettulimus,
1217 649 1488 700 probavimus,
1507 648 1572 688 de-

197 713 405 761 crevimus,
431 711 598 762 pedibus
620 711 802 750 manibus
829 711 950 749 iimus
975 711 1019 748 in
1045 710 1286 749 seutentiam
1309 710 1572 759 necessitatis,

195 786 267 812 nec
305 772 401 811 ordo
439 785 511 810 nos
553 771 775 810 officiorum
816 773 996 809 moratus
1035 773 1104 809 est.
1168 771 1408 822 legationem
1451 770 1573 809 multi
1593 784 1628 811 ιο

197 833 501 884 pollicebantur,
530 845 602 872 nec
626 833 879 871 innocentiae
905 832 981 870 iste
1008 830 1200 870 beneficio
1226 831 1291 870 vel
1317 831 1571 870 auctoritatis

196 895 508 942 meritorumque
545 895 729 943 respectu
768 893 916 932 electus
950 894 1026 941 est,
1064 904 1145 930 una
1176 903 1298 931 causa
1327 904 1400 931 nos
1431 892 1571 941 movit,

197 954 303 1004 quod
334 967 374 993 se
407 955 486 993 cito
524 954 746 992 rediturum
784 953 1061 1003 pollicebatur.
1126 953 1339 1003 pecuniam
1376 953 1462 992 sine
1499 965 1570 990 nu-

195 1027 304 1053 mero
331 1014 565 1062 infudimus,
597 1014 844 1052 frumentum
870 1014 954 1052 sine
980 1013 1099 1052 modo
1124 1013 1420 1063 mandavimus,
1446 1025 1569 1063 quan-

197 1077 283 1113 tum
321 1076 518 1125 potuisset
562 1075 753 1123 adferret,
798 1075 1009 1113 festinaret
1051 1074 1182 1113 modo.
1244 1074 1320 1113 hoc
1356 1086 1438 1112 una
1473 1086 1570 1112 voce
1591 1085 1626 1113 15

196 1135 395 1186 supplices
422 1135 741 1174 acclamabamus
774 1148 831 1184 ac,
862 1148 912 1173 ne
937 1147 1196 1183 moraremur,
1227 1147 1277 1173 ne
1307 1134 1383 1174 hoc
1409 1134 1569 1184 quidem

196 1195 265 1234 diu
296 1197 545 1247 rogavimus:
583 1209 663 1234 una
695 1197 855 1234 tantum
886 1208 963 1235 vox
994 1196 1075 1234 fuit
1107 1208 1228 1245 quam
1258 1196 1336 1234 iste
1367 1207 1440 1246 pro
1474 1207 1570 1245 quo-

196 1256 289 1294 dam
326 1256 571 1307 praeiudicio
612 1256 815 1306 amplexus
855 1258 932 1294 est:
970 1256 1074 1294 nihil
1112 1257 1198 1308 agis
1234 1255 1450 1294 adferendo
1487 1255 1570 1293 fru-

194 1319 385 1365 mentum,
418 1318 453 1355 si
483 1319 576 1367 post
606 1316 721 1354 illum
754 1315 860 1355 diem
891 1317 1060 1355 veneris.
1116 1317 1266 1355 nostris
1297 1316 1483 1355 manibus
1513 1316 1569 1354 le-

195 1379 333 1428 gatum
365 1378 407 1415 in
433 1389 576 1416 navem
608 1378 774 1416 tulimus
802 1390 859 1426 ac,
891 1390 939 1415 ne
968 1377 1065 1427 quid
1089 1389 1225 1416 morae
1251 1379 1366 1426 esset,
1397 1388 1471 1427 pro
1497 1388 1569 1415 sua
1589 1389 1625 1415 20

195 1439 361 1487 quisque
399 1439 583 1488 portione
627 1439 751 1476 etiam
795 1441 1063 1477 commeatum
1101 1437 1302 1487 dedimus,
1344 1436 1569 1476 retinacula

194 1497 405 1537 incidimus
445 1500 485 1536 et
524 1499 621 1536 litus
663 1499 832 1548 ingressi
870 1499 1037 1538 classem
1074 1498 1247 1549 publicis
1285 1497 1471 1536 manibus
1507 1498 1568 1536 in-

194 1558 380 1608 pulimus.
431 1558 524 1596 inde
556 1558 756 1610 fugientia
782 1559 872 1598 vela
902 1560 1025 1610 longa
1050 1560 1141 1598 visu
1172 1559 1377 1610 prosecuti
1407 1558 1568 1598 facilem

195 1619 454 1668 emptionem,
495 1619 686 1658 secundos
724 1622 882 1668 ventos,
927 1620 1132 1670 placidum
1169 1632 1301 1668 mare,
1338 1631 1420 1657 non
1457 1631 1567 1658 secus

194 1679 274 1728 ipsi
304 1680 597 1730 navigaremus,
629 1680 782 1730 precati
814 1693 960 1719 sumus.
1013 1681 1102 1730 quis
1135 1680 1272 1719 credat
1301 1680 1377 1719 hoc
1402 1679 1450 1718 de
1482 1681 1568 1718 tam
1586 1690 1621 1718 2⁵

193 1737 381 1778 miseris?

285 1797 430 1838 Omnia
462 1813 486 1838 a
517 1799 593 1838 diis
625 1800 928 1851 inpetravimus,
962 1802 1116 1840 scilicet
1145 1815 1271 1839 unum
1297 1802 1490 1851 superest,
1523 1802 1568 1838 ut

193 1872 265 1910 pro
299 1860 430 1898 aliena
462 1861 627 1899 civitate
653 1863 748 1899 vota
780 1861 971 1900 solvenda
1003 1861 1093 1900 sint.
1146 1862 1226 1901 cito
1258 1861 1454 1913 pervenit,
1486 1861 1566 1900 cito

193 1921 301 1969 emit,
334 1921 413 1959 cito
445 1920 550 1959 redit
577 1934 654 1970 quo
686 1922 826 1960 voluit.
879 1922 975 1971 quid
1006 1922 1169 1973 prodest
1200 1919 1436 1973 expectare?
1486 1921 1567 1960 alia

193 1980 337 2019 civitas
369 1982 480 2030 prior
512 1983 582 2031 est,
615 1984 655 2019 et
686 1994 780 2020 sane
809 1983 1020 2034 religiosus
1052 1983 1210 2035 legatus
1237 1982 1343 2021 diem
1369 1984 1565 2033 expectat.
1585 1993 1621 2020 30

289 2098 308 2129 3
337 2083 524 2130 adugisset
550 2097 663 2142 (supr.
685 2098 720 2139 ὁ)
741 2102 792 2141 Β;
829 2097 1062 2144 ἃᾶυεείεεεξὴ
1087 2104 1130 2133 Μ
1225 2073 1323 2134 341ἒο
1348 2103 1385 2133 Β
1458 2100 1478 2132 6
1506 2108 1567 2133 co—

191 2144 288 2189 gunt
306 2154 373 2179 om.
389 2150 426 2178 Β
492 2155 630 2189 aquam
651 2151 693 2179 M
765 2148 784 2179 9
808 2145 970 2191 pedibus
990 2146 1166 2182 manibus
1185 2158 1341 2182 ruumus
1361 2145 1511 2192 (ivimus
1525 2147 1565 2192 S)

191 2191 334 2237 pariter
352 2192 550 2227 retulimus
570 2193 812 2238 probavimus
833 2202 852 2236 β
918 2194 1041 2240 {imus
1061 2201 1113 2239 Β;
1133 2195 1232 2230 imus
1251 2201 1291 2239 V;
1311 2195 1410 2229 imus
1429 2195 1473 2229 in
1490 2205 1563 2230 ras.

192 2264 249 2310 (ex
267 2266 345 2298 un„9
365 2263 397 2310 ,9)
416 2271 458 2299 Μ
532 2265 790 2301 sententiam:
819 2267 1051 2301 senectutem
1078 2274 1134 2313 M,
1160 2279 1252 2304 corr.
1272 2281 1315 2302 m
1414 2270 1456 2302 11
1483 2254 1565 2302 fflo-

191 2312 339 2348 centiae
358 2319 395 2347 Β
492 2313 703 2349 actoritatis
723 2320 760 2348 Β
869 2318 913 2349 14
939 2314 1176 2358 infundimus
1201 2322 1241 2360 νς
1266 2314 1500 2362 ἱηῖιιξᾶίηιιιε
1526 2320 1570 2350 M

192 2363 236 2396 15
264 2360 429 2396 auferret
454 2367 481 2395 V
569 2365 613 2397 20
641 2362 706 2406 qui
726 2369 776 2406 M,
804 2362 829 2396 d
853 2374 953 2408 supr.
975 2378 1016 2397 m
1109 2368 1154 2400 24
1180 2375 1256 2400 non
1282 2374 1388 2399 secus
1415 2373 1460 2399 ac
1486 2362 1518 2398 si
1546 2370 1567 2397 ς·

191 2412 235 2445 25
261 2408 317 2444 ta'
345 2416 373 2443 V
466 2414 509 2445 27
538 2409 647 2445 scilet
669 2416 706 2444 Β
802 2414 846 2446 29
873 2411 988 2446 rediit
1012 2418 1083 2455 Υβσ
