1638 2560
181 101 265 145 [34
588 98 862 135 TORMENTA
886 96 1125 133 PAVPERIS

126 216 147 252 1
267 214 420 263 Sentio,
458 214 624 262 iudices,
661 213 880 264 plurimum
917 211 1074 251 detrahi
1105 210 1408 250 calamitatibus
1442 209 1542 250 meis

172 276 453 324 miserationis,
485 274 591 325 quod
622 274 674 312 ad
698 286 768 313 vos
801 273 989 312 detulisse
1015 271 1154 311 videor
1185 271 1357 311 nimium
1393 270 1545 327 fortem-

172 335 367 384 dolorem,
407 336 446 374 et
479 335 733 374 tristissimae
772 332 957 372 orbitatis
995 332 1095 371 mihi
1133 345 1292 382 quoque
1329 332 1545 372 accessisse

172 397 394 435 novitatem
427 395 544 445 quod,
577 407 668 433 cum
700 393 886 433 adversus
918 406 981 432 me
1006 395 1092 432 tam
1124 393 1265 445 gravia
1297 393 1338 431 et
1363 391 1542 444 crudelia

173 456 398 506 deposcam,
439 456 574 506 patior
611 454 807 493 invidiam
843 454 1015 493 hominis
1054 454 1250 505 exigentis
1288 452 1422 492 aliena
1458 455 1542 492 tor-
1570 465 1595 496 ⁴5

171 517 316 555 menta.
379 528 457 554 non
494 528 657 565 possum
692 516 829 554 tamen
861 514 925 553 vel
961 515 1004 552 in
1035 513 1148 553 vobis
1187 512 1410 564 approbare
1443 512 1543 564 quid

170 577 316 626 patiar,
349 575 455 626 quod
486 575 585 614 mihi
616 588 695 614 non
726 577 786 614 est
814 575 955 614 relicta
987 574 1123 614 miseri
1153 574 1281 624 patris
1312 572 1539 613 infirmitas.

170 649 441 687 percussorem
472 635 546 674 filii
577 635 655 674 mei
681 634 764 674 vidi
796 636 835 674 et
866 636 1049 674 miserior
1081 647 1180 683 sum,
1207 646 1330 685 quam
1354 634 1390 674 si
1414 635 1541 674 nesci-

170 710 253 735 rem
298 697 386 746 quis
427 696 653 746 ,occidisset
716 696 845 734 fateor
887 696 1031 747 igitur,
1074 695 1244 744 iudices,
1287 694 1373 745 ipse
1415 694 1542 734 miror

170 757 273 795 unde
306 756 357 794 ad
387 757 461 795 hoc
491 756 739 807 probationis
772 769 897 808 genus
922 758 1086 806 repente
1112 755 1370 807 confugerim.
1422 768 1544 794 vene*
1560 769 1601 795 ιο

169 831 257 856 ram
286 818 495 867 tamquam
533 817 790 855 nuntiaturus
822 816 1007 866 indubia,
1039 817 1273 865 manifesta,
1309 828 1382 855 nec
1414 815 1542 855 alium

170 879 442 927 spectaveram
484 877 737 927 publicarum
780 877 1050 927 suspicionum
1089 877 1136 915 de
1173 876 1251 915 filii
1290 876 1371 915 mei
1410 878 1540 916 morte

171 950 415 986 consensum,
443 951 564 987 quam
590 939 624 976 si
649 950 923 988 percussorem
948 937 1137 977 videretis
1164 949 1311 976 omnes.
1361 937 1439 986 hic,
1463 936 1541 986 hic,

169 999 217 1036 ut
247 999 466 1047 torquerer,
502 998 648 1037 inveni.
711 999 927 1048 postquam
958 998 1055 1038 satis
1091 1011 1171 1036 non
1203 997 1444 1037 videbantur
1475 1011 1539 1036 ex-

169 1058 319 1108 plicare
361 1058 482 1096 verba
520 1058 626 1108 quod
670 1058 866 1107 videram,
911 1059 1073 1110 confugi
1117 1058 1169 1097 ad
1212 1058 1332 1097 fidem
1376 1057 1536 1098 doloris.
1560 1071 1594 1098 15

171 1118 268 1168 quid
311 1117 474 1167 faciam,
519 1119 554 1157 si
596 1119 844 1157 temeritates
889 1132 1046 1169 quoque
1090 1120 1248 1158 nostras
1293 1118 1538 1158 conscientia

169 1191 327 1217 reorum
370 1191 449 1217 non
491 1180 625 1228 potest
667 1177 781 1229 pati?
842 1179 1024 1218 intellexi
1067 1179 1323 1219 miseratione
1374 1179 1539 1228 factum,

170 1237 240 1288 qui
270 1239 315 1276 ut
352 1239 559 1288 torquerer
590 1251 814 1290 exegeram,
853 1253 900 1278 ex
939 1252 1018 1290 quo
1056 1253 1119 1279 me
1152 1239 1262 1279 dives
1300 1252 1381 1278 non
1417 1241 1540 1290 putat

170 1298 279 1337 aliud
311 1299 353 1336 in
386 1299 616 1349 quaestione
648 1299 858 1338 dicturum.
921 1313 1049 1350 neque
1081 1314 1167 1352 ego,
1198 1299 1368 1349 iudices,
1402 1313 1537 1351 quem-

171 1372 291 1408 quam
310 1361 487 1398 vestrum
512 1359 694 1398 dubitare
722 1360 970 1410 crediderim,
996 1374 1043 1400 ex
1069 1374 1148 1411 qua
1175 1360 1430 1411 conscientia,
1457 1373 1537 1412 qua
1556 1374 1593 1400 ει)

169 1418 433 1469 trepidatione
472 1420 702 1469 descendat,
742 1422 788 1459 ut
827 1421 916 1471 quis
957 1422 1137 1472 torqueri
1176 1421 1279 1461 nolit
1318 1421 1536 1460 inimicum.

170 1492 268 1529 quos
304 1492 408 1518 nunc
437 1481 591 1530 putatis
624 1481 821 1520 cruciatus
854 1481 1022 1520 divitem
1058 1482 1163 1532 pati,
1197 1495 1316 1532 quem
1348 1473 1538 1531 dolorem,

170 1539 277 1588 quod
312 1539 386 1579 hoc
423 1540 521 1578 mihi
558 1539 708 1592 negat?
754 1554 875 1591 quam
912 1542 1034 1581 vellet
1076 1542 1166 1581 ideo
1211 1543 1372 1581 tantum
1408 1541 1538 1581 filium

169 1612 302 1637 meum
332 1613 411 1638 non
443 1600 649 1650 occidisse,
687 1603 734 1640 ut
765 1601 864 1640 mihi
900 1603 1034 1653 posset
1066 1603 1273 1654 indulgere
1308 1595 1537 1642 tormenta?

170 1672 222 1698 an
253 1660 327 1698 hoc
352 1660 523 1709 creditis,
554 1661 715 1710 iudices,
747 1661 915 1701 divitem
942 1663 1071 1702 facere
1097 1664 1232 1715 legum
1257 1663 1537 1713 libertatisque
1558 1676 1593 1703 25

168 1721 361 1769 respectu,
395 1722 433 1758 et
463 1734 575 1760 reum
605 1734 678 1771 pro
711 1723 890 1772 exemplo
923 1735 1005 1762 esse
1038 1721 1285 1763 sollicitum?
1340 1723 1411 1763 ille
1442 1735 1538 1763 vero

119 1778 145 1815 2
170 1792 276 1818 nunc
307 1780 505 1819 laceratur
534 1783 574 1820 et
604 1782 660 1821 sic
690 1783 820 1834 magis
851 1785 988 1822 nostro
1015 1784 1150 1823 dolore
1182 1784 1342 1823 fruitur.
1394 1796 1538 1834 operae

168 1841 343 1889 pretium
369 1842 429 1879 est
459 1841 619 1880 inimico
646 1856 791 1893 negare
816 1844 1029 1893 tormenta,
1061 1858 1153 1884 cum
1182 1844 1336 1894 feceris,
1367 1847 1414 1884 ut
1439 1844 1539 1883 velit

168 1901 253 1950 ipse
285 1902 474 1950 torqueri.
537 1901 638 1940 illud
669 1903 796 1953 igitur
827 1916 851 1942 a
883 1903 1007 1953 vobis,
1040 1905 1208 1955 iudices,
1239 1904 1538 1944 infelicissimus

267 2030 287 2060 3
320 2026 577 2064 tristissimae:
610 2029 756 2064 tissime
788 2036 816 2064 V
906 2030 1002 2066 mihi
1032 2046 1078 2067 ω;
1115 2032 1204 2068 inde
1236 2040 1258 2067 ς·
1356 2036 1377 2068 6
1408 2031 1468 2067 vel
1498 2032 1540 2075 iu

167 2073 274 2110 vobis
305 2076 437 2121 scripsi
445 2090 452 2110 :
488 2075 547 2111 vel
578 2076 619 2111 in
650 2077 758 2112 nobis
791 2091 839 2122 ως
874 2078 933 2132 yel
963 2078 1052 2115 inde
1082 2080 1189 2116 vobis
1215 2080 1316 2125 Sch.;
1349 2082 1394 2117 ut
1424 2079 1540 2116 velim

166 2146 274 2182 vobis
297 2146 399 2191 Oba-‚3
425 2147 514 2183 hinc
538 2149 644 2184 vobis
663 2150 739 2185 Bu.
827 2138 927 2195 qubd
954 2157 996 2185 M
1091 2156 1111 2188 8
1145 2164 1276 2198 quam:
1304 2152 1407 2198 quod
1433 2159 1469 2188 Ρ

170 2198 213 2230 12
247 2197 551 2241 exspectaveram
577 2203 656 2232 ΒΜ
739 2201 782 2232 13
816 2209 948 2243 quam:
980 2200 1081 2244 quod
1108 2207 1143 2235 P
1225 2201 1417 2236 vidissetis
1444 2209 1466 2236 s·

167 2242 230 2278 hic
255 2244 411 2279 alterum
433 2255 500 2279 om.
517 2250 560 2279 Μ
631 2249 674 2280 16
701 2246 932 2281 conscientia
951 2258 1114 2284 reorum:
1136 2249 1390 2285 conscientiar
1408 2259 1538 2285 eorum

166 2296 220 2335 Βς
259 2291 490 2327 conscientia
528 2303 655 2328 eorum
687 2300 742 2338 113
781 2294 1011 2331 conscientia
1049 2307 1198 2342 quoque
1233 2308 1382 2333 reorum
1411 2303 1445 2332 J

169 2341 214 2374 18
240 2343 325 2376 ante
350 2350 548 2387 exegeram
573 2341 658 2376 add.
679 2343 723 2377 ut
748 2350 776 2376 <r
895 2347 938 2378 19
965 2343 1109 2380 iudices
1134 2345 1236 2380 unde
1262 2356 1492 2392 quemquam
1517 2354 1539 2389 ρ

163 2390 213 2423 25
241 2399 290 2424 an
314 2395 376 2430 γει
404 2389 454 2424 ad
479 2403 504 2423 α
528 2390 633 2435 (recte
652 2389 706 2435 ?)3
733 2391 774 2425 at
798 2399 846 2433 βα·
940 2402 1012 2436 que
1038 2403 1107 2429 om.
1129 2399 1165 2428 P
