<?xml version="1.0" encoding="UTF-8"?>
<!DOCTYPE html PUBLIC "-//W3C//DTD XHTML 1.0 Transitional//EN"
    "http://www.w3.org/TR/xhtml1/DTD/xhtml1-transitional.dtd">
<html xmlns="http://www.w3.org/1999/xhtml" xml:lang="en" lang="en">
 <head>
  <title>
</title>
<meta http-equiv="Content-Type" content="text/html;charset=utf-8" />
  <meta name='ocr-system' content='tesseract 3.04.00' />
  <meta name='ocr-capabilities' content='ocr_page ocr_carea ocr_par ocr_line ocrx_word'/>
</head>
<body>
  <div class='ocr_page' id='page_1' title='image "./quintilianiquaef00lehnuoft_0106.png"; bbox 0 0 1638 2560; ppageno 0'>
   <div class='ocr_carea' id='block_1_1' title="bbox 180 127 1053 177">
    <p class='ocr_par' dir='ltr' id='par_1_1' title="bbox 180 127 1053 177">
     <span class='ocr_line' id='line_1_1' title="bbox 180 127 1053 177; baseline 0.005 -14"><span class='ocrx_word' id='word_1_1' title='bbox 180 135 235 177; x_wconf 81' lang='lat'><strong>70</strong></span> <span class='ocrx_word' id='word_1_2' title='bbox 640 127 644 129; x_wconf 59' lang='grc'><strong>’</strong></span> <span class='ocrx_word' id='word_1_3' title='bbox 665 130 1053 167; x_wconf 84' lang='lat' dir='ltr'><strong>MATHEMATICVS</strong></span> 
     </span>
    </p>
   </div>
   <div class='ocr_carea' id='block_1_2' title="bbox 125 246 1597 1811">
    <p class='ocr_par' dir='ltr' id='par_1_2' title="bbox 173 246 1597 901">
     <span class='ocr_line' id='line_1_2' title="bbox 177 246 1542 299; baseline -0.001 -11"><span class='ocrx_word' id='word_1_4' title='bbox 177 246 428 288; x_wconf 71' lang='lat' dir='ltr'>cessitatem?</span> <span class='ocrx_word' id='word_1_5' title='bbox 490 247 537 286; x_wconf 92' lang='lat' dir='ltr'><strong>de</strong></span> <span class='ocrx_word' id='word_1_6' title='bbox 568 248 689 297; x_wconf 87' lang='lat' dir='ltr'><strong>partu</strong></span> <span class='ocrx_word' id='word_1_7' title='bbox 720 247 853 286; x_wconf 85' lang='lat' dir='ltr'><strong>uxoris</strong></span> <span class='ocrx_word' id='word_1_8' title='bbox 885 259 965 285; x_wconf 92' lang='lat' dir='ltr'><strong>non</strong></span> <span class='ocrx_word' id='word_1_9' title='bbox 995 246 1131 297; x_wconf 89' lang='lat' dir='ltr'><strong>potuit</strong></span> <span class='ocrx_word' id='word_1_10' title='bbox 1161 258 1242 286; x_wconf 93' lang='lat' dir='ltr'><strong>non</strong></span> <span class='ocrx_word' id='word_1_11' title='bbox 1279 246 1542 299; x_wconf 85' lang='lat' dir='ltr'><strong>interrogare,</strong></span> 
     </span>
     <span class='ocr_line' id='line_1_3' title="bbox 177 305 1542 357; baseline 0 -10"><span class='ocrx_word' id='word_1_12' title='bbox 177 309 318 348; x_wconf 91' lang='lat' dir='ltr'><strong>deinde</strong></span> <span class='ocrx_word' id='word_1_13' title='bbox 358 321 438 347; x_wconf 92' lang='lat' dir='ltr'><strong>non</strong></span> <span class='ocrx_word' id='word_1_14' title='bbox 478 307 657 347; x_wconf 87' lang='lat' dir='ltr'><strong>credidit.</strong></span> <span class='ocrx_word' id='word_1_15' title='bbox 719 307 890 346; x_wconf 84' lang='lat' dir='ltr'><strong>referam</strong></span> <span class='ocrx_word' id='word_1_16' title='bbox 930 319 1052 356; x_wconf 90' lang='lat' dir='ltr'><strong>nunc,</strong></span> <span class='ocrx_word' id='word_1_17' title='bbox 1094 306 1136 345; x_wconf 93' lang='lat' dir='ltr'><strong>P.</strong></span> <span class='ocrx_word' id='word_1_18' title='bbox 1172 305 1232 356; x_wconf 85' lang='lat' dir='ltr'><strong>G.,</strong></span> <span class='ocrx_word' id='word_1_19' title='bbox 1276 307 1388 346; x_wconf 78' lang='lat' dir='ltr'><strong>cuius</strong></span> <span class='ocrx_word' id='word_1_20' title='bbox 1430 307 1542 357; x_wconf 75' lang='lat' dir='ltr'><strong>artis,</strong></span> 
     </span>
     <span class='ocr_line' id='line_1_4' title="bbox 177 366 1542 418; baseline -0.001 -10"><span class='ocrx_word' id='word_1_21' title='bbox 177 370 287 408; x_wconf 91' lang='lat' dir='ltr'><strong>cuius</strong></span> <span class='ocrx_word' id='word_1_22' title='bbox 325 370 446 408; x_wconf 85' lang='lat' dir='ltr'><strong>fuisse</strong></span> <span class='ocrx_word' id='word_1_23' title='bbox 478 368 635 407; x_wconf 86' lang='lat' dir='ltr'><strong>dicatur</strong></span> <span class='ocrx_word' id='word_1_24' title='bbox 673 368 927 407; x_wconf 85' lang='lat' dir='ltr'><strong>auctoritatis</strong></span> <span class='ocrx_word' id='word_1_25' title='bbox 961 380 1078 418; x_wconf 91' lang='lat' dir='ltr'><strong>quem</strong></span> <span class='ocrx_word' id='word_1_26' title='bbox 1115 367 1279 418; x_wconf 86' lang='lat' dir='ltr'><strong>putavit</strong></span> <span class='ocrx_word' id='word_1_27' title='bbox 1314 366 1542 407; x_wconf 87' lang='lat' dir='ltr'><strong>adeundum</strong></span> 
     </span>
     <span class='ocr_line' id='line_1_5' title="bbox 177 427 1541 479; baseline 0.001 -12"><span class='ocrx_word' id='word_1_28' title='bbox 177 430 246 479; x_wconf 90' lang='lat' dir='ltr'><strong>qui</strong></span> <span class='ocrx_word' id='word_1_29' title='bbox 277 430 332 468; x_wconf 92' lang='lat' dir='ltr'><strong>sic</strong></span> <span class='ocrx_word' id='word_1_30' title='bbox 363 429 542 468; x_wconf 89' lang='lat' dir='ltr'><strong>timebat.</strong></span> <span class='ocrx_word' id='word_1_31' title='bbox 592 429 710 467; x_wconf 91' lang='lat' dir='ltr'><strong>homo</strong></span> <span class='ocrx_word' id='word_1_32' title='bbox 743 429 823 478; x_wconf 90' lang='lat' dir='ltr'><strong>qui,</strong></span> <span class='ocrx_word' id='word_1_33' title='bbox 857 427 963 478; x_wconf 92' lang='lat' dir='ltr'><strong>quod</strong></span> <span class='ocrx_word' id='word_1_34' title='bbox 996 429 1150 467; x_wconf 89' lang='lat' dir='ltr'><strong>certum</strong></span> <span class='ocrx_word' id='word_1_35' title='bbox 1175 428 1321 478; x_wconf 82' lang='lat' dir='ltr'><strong>habeo,</strong></span> <span class='ocrx_word' id='word_1_36' title='bbox 1355 428 1541 479; x_wconf 79' lang='lat' dir='ltr'><strong>plurimis</strong></span> 
     </span>
     <span class='ocr_line' id='line_1_6' title="bbox 175 488 1595 539; baseline 0.001 -11"><span class='ocrx_word' id='word_1_37' title='bbox 175 491 375 528; x_wconf 89' lang='lat' dir='ltr'><strong>meruerat</strong></span> <span class='ocrx_word' id='word_1_38' title='bbox 406 489 698 539; x_wconf 85' lang='lat' dir='ltr'><strong>experimentis,</strong></span> <span class='ocrx_word' id='word_1_39' title='bbox 730 490 776 527; x_wconf 89' lang='lat' dir='ltr'><strong>ut</strong></span> <span class='ocrx_word' id='word_1_40' title='bbox 807 488 858 526; x_wconf 88' lang='lat' dir='ltr'><strong>ad</strong></span> <span class='ocrx_word' id='word_1_41' title='bbox 888 489 1006 527; x_wconf 90' lang='lat' dir='ltr'><strong>illum</strong></span> <span class='ocrx_word' id='word_1_42' title='bbox 1037 488 1150 528; x_wconf 87' lang='lat' dir='ltr'><strong>velut</strong></span> <span class='ocrx_word' id='word_1_43' title='bbox 1181 488 1234 527; x_wconf 87' lang='lat' dir='ltr'><strong>ad</strong></span> <span class='ocrx_word' id='word_1_44' title='bbox 1259 489 1422 528; x_wconf 85' lang='lat' dir='ltr'><strong>oracula</strong></span> <span class='ocrx_word' id='word_1_45' title='bbox 1448 488 1540 529; x_wconf 91' lang='lat' dir='ltr'><strong>deo·</strong></span> <span class='ocrx_word' id='word_1_46' title='bbox 1580 501 1595 529; x_wconf 84' lang='lat'><strong>5</strong></span> 
     </span>
     <span class='ocr_line' id='line_1_7' title="bbox 174 549 1541 600; baseline 0.001 -12"><span class='ocrx_word' id='word_1_47' title='bbox 174 564 263 588; x_wconf 91' lang='lat' dir='ltr'><strong>rum</strong></span> <span class='ocrx_word' id='word_1_48' title='bbox 287 550 528 600; x_wconf 90' lang='lat' dir='ltr'><strong>plenumque</strong></span> <span class='ocrx_word' id='word_1_49' title='bbox 548 562 659 588; x_wconf 90' lang='lat' dir='ltr'><strong>sacro</strong></span> <span class='ocrx_word' id='word_1_50' title='bbox 680 549 826 599; x_wconf 89' lang='lat' dir='ltr'><strong>spiritu</strong></span> <span class='ocrx_word' id='word_1_51' title='bbox 850 550 990 599; x_wconf 90' lang='lat' dir='ltr'><strong>pectus</strong></span> <span class='ocrx_word' id='word_1_52' title='bbox 1014 549 1223 588; x_wconf 87' lang='lat' dir='ltr'><strong>hominum</strong></span> <span class='ocrx_word' id='word_1_53' title='bbox 1248 549 1541 591; x_wconf 72' lang='lat' dir='ltr'><strong>sollicitudines</strong></span> 
     </span>
     <span class='ocr_line' id='line_1_8' title="bbox 174 609 1542 661; baseline 0 -13"><span class='ocrx_word' id='word_1_54' title='bbox 174 611 380 659; x_wconf 89' lang='lat' dir='ltr'><strong>metusque</strong></span> <span class='ocrx_word' id='word_1_55' title='bbox 412 610 681 661; x_wconf 78' lang='lat' dir='ltr'>confugerent,</span> <span class='ocrx_word' id='word_1_56' title='bbox 713 609 861 648; x_wconf 86' lang='lat' dir='ltr'><strong>dicitur</strong></span> <span class='ocrx_word' id='word_1_57' title='bbox 884 610 1066 660; x_wconf 86' lang='lat' dir='ltr'><strong>inspecta</strong></span> <span class='ocrx_word' id='word_1_58' title='bbox 1091 609 1218 650; x_wconf 87' lang='lat' dir='ltr'><strong>totius</strong></span> <span class='ocrx_word' id='word_1_59' title='bbox 1242 610 1400 650; x_wconf 87' lang='lat' dir='ltr'><strong>ratione</strong></span> <span class='ocrx_word' id='word_1_60' title='bbox 1423 609 1542 660; x_wconf 85' lang='lat' dir='ltr'><strong>caeli,</strong></span> 
     </span>
     <span class='ocr_line' id='line_1_9' title="bbox 174 669 1543 721; baseline 0.001 -13"><span class='ocrx_word' id='word_1_61' title='bbox 174 670 339 721; x_wconf 84' lang='lat' dir='ltr'><strong>digestis</strong></span> <span class='ocrx_word' id='word_1_62' title='bbox 377 670 570 709; x_wconf 86' lang='lat' dir='ltr'><strong>sideribus</strong></span> <span class='ocrx_word' id='word_1_63' title='bbox 607 670 650 708; x_wconf 86' lang='lat' dir='ltr'><strong>in</strong></span> <span class='ocrx_word' id='word_1_64' title='bbox 688 682 872 710; x_wconf 91' lang='lat' dir='ltr'><strong>numeros</strong></span> <span class='ocrx_word' id='word_1_65' title='bbox 911 670 963 709; x_wconf 88' lang='lat' dir='ltr'><strong>ad</strong></span> <span class='ocrx_word' id='word_1_66' title='bbox 999 670 1153 721; x_wconf 85' lang='lat' dir='ltr'><strong>publici</strong></span> <span class='ocrx_word' id='word_1_67' title='bbox 1192 669 1424 721; x_wconf 80' lang='lat' dir='ltr'><strong>privatique</strong></span> <span class='ocrx_word' id='word_1_68' title='bbox 1465 670 1543 710; x_wconf 86' lang='lat' dir='ltr'><strong>fati</strong></span> 
     </span>
     <span class='ocr_line' id='line_1_10' title="bbox 174 731 1542 782; baseline 0.001 -13"><span class='ocrx_word' id='word_1_69' title='bbox 174 731 371 780; x_wconf 83' lang='lat' dir='ltr'><strong>stupuisse</strong></span> <span class='ocrx_word' id='word_1_70' title='bbox 410 731 681 780; x_wconf 90' lang='lat' dir='ltr'><strong>conspectum,</strong></span> <span class='ocrx_word' id='word_1_71' title='bbox 723 731 763 769; x_wconf 92' lang='lat' dir='ltr'><strong>et</strong></span> <span class='ocrx_word' id='word_1_72' title='bbox 802 732 918 769; x_wconf 89' lang='lat' dir='ltr'><strong>tanta</strong></span> <span class='ocrx_word' id='word_1_73' title='bbox 958 743 1243 782; x_wconf 89' lang='lat' dir='ltr'><strong>prosperorum</strong></span> <span class='ocrx_word' id='word_1_74' title='bbox 1282 731 1542 782; x_wconf 86' lang='lat' dir='ltr'><strong>tristiumque</strong></span> 
     </span>
     <span class='ocr_line' id='line_1_11' title="bbox 174 791 1597 842; baseline 0.003 -13"><span class='ocrx_word' id='word_1_75' title='bbox 174 791 355 842; x_wconf 81' lang='lat' dir='ltr'>congerie</span> <span class='ocrx_word' id='word_1_76' title='bbox 392 791 520 842; x_wconf 86' lang='lat' dir='ltr'><strong>magis</strong></span> <span class='ocrx_word' id='word_1_77' title='bbox 557 791 644 841; x_wconf 89' lang='lat' dir='ltr'><strong>ipso</strong></span> <span class='ocrx_word' id='word_1_78' title='bbox 683 791 907 831; x_wconf 90' lang='lat' dir='ltr'><strong>consultore</strong></span> <span class='ocrx_word' id='word_1_79' title='bbox 945 792 1184 842; x_wconf 90' lang='lat' dir='ltr'><strong>perterritus</strong></span> <span class='ocrx_word' id='word_1_80' title='bbox 1216 791 1286 830; x_wconf 89' lang='lat' dir='ltr'><strong>diu</strong></span> <span class='ocrx_word' id='word_1_81' title='bbox 1323 804 1405 831; x_wconf 93' lang='lat' dir='ltr'><strong>non</strong></span> <span class='ocrx_word' id='word_1_82' title='bbox 1436 803 1542 831; x_wconf 89' lang='lat' dir='ltr'><strong>com·</strong></span> <span class='ocrx_word' id='word_1_83' title='bbox 1561 805 1597 833; x_wconf 89' lang='lat'><strong>10</strong></span> 
     </span>
     <span class='ocr_line' id='line_1_12' title="bbox 173 851 833 901; baseline 0.003 -13"><span class='ocrx_word' id='word_1_84' title='bbox 173 852 326 890; x_wconf 89' lang='lat' dir='ltr'><strong>misisse</strong></span> <span class='ocrx_word' id='word_1_85' title='bbox 358 851 490 889; x_wconf 84' lang='lat' dir='ltr'><strong>verbis</strong></span> <span class='ocrx_word' id='word_1_86' title='bbox 523 851 629 901; x_wconf 93' lang='lat' dir='ltr'><strong>quod</strong></span> <span class='ocrx_word' id='word_1_87' title='bbox 660 851 833 890; x_wconf 84' lang='lat' dir='ltr'><strong>videbat.</strong></span> 
     </span>
    </p>

    <p class='ocr_par' dir='ltr' id='par_1_3' title="bbox 125 908 1595 1811">
     <span class='ocr_line' id='line_1_13' title="bbox 125 908 1541 965; baseline 0.003 -16"><span class='ocrx_word' id='word_1_88' title='bbox 125 908 150 945; x_wconf 87' lang='lat'>4</span> <span class='ocrx_word' id='word_1_89' title='bbox 265 910 343 950; x_wconf 82' lang='lat' dir='ltr'><strong>Sed</strong></span> <span class='ocrx_word' id='word_1_90' title='bbox 381 924 403 950; x_wconf 94' lang='grc'><strong>0</strong></span> <span class='ocrx_word' id='word_1_91' title='bbox 441 912 572 950; x_wconf 83' lang='lat' dir='ltr'><strong>virum</strong></span> <span class='ocrx_word' id='word_1_92' title='bbox 616 913 829 963; x_wconf 82' lang='lat' dir='ltr'><strong>gravitatis</strong></span> <span class='ocrx_word' id='word_1_93' title='bbox 875 913 1066 962; x_wconf 84' lang='lat' dir='ltr'><strong>antiquae</strong></span> <span class='ocrx_word' id='word_1_94' title='bbox 1107 911 1354 965; x_wconf 85' lang='lat' dir='ltr'><strong>dignumque</strong></span> <span class='ocrx_word' id='word_1_95' title='bbox 1394 914 1459 952; x_wconf 87' lang='grc'>0111</span> <span class='ocrx_word' id='word_1_96' title='bbox 1499 925 1541 953; x_wconf 83' lang='grc'><strong>50</strong></span> 
     </span>
     <span class='ocr_line' id='line_1_14' title="bbox 174 971 1542 1024; baseline 0.003 -15"><span class='ocrx_word' id='word_1_97' title='bbox 174 971 350 1010; x_wconf 87' lang='lat' dir='ltr'><strong>fatorum</strong></span> <span class='ocrx_word' id='word_1_98' title='bbox 387 984 533 1010; x_wconf 89' lang='lat' dir='ltr'><strong>arcana</strong></span> <span class='ocrx_word' id='word_1_99' title='bbox 571 971 784 1011; x_wconf 88' lang='lat' dir='ltr'><strong>nudarent!</strong></span> <span class='ocrx_word' id='word_1_100' title='bbox 847 985 937 1012; x_wconf 89' lang='grc'>011111</span> <span class='ocrx_word' id='word_1_101' title='bbox 975 974 1134 1023; x_wconf 89' lang='lat' dir='ltr'><strong>partus,</strong></span> <span class='ocrx_word' id='word_1_102' title='bbox 1173 973 1222 1012; x_wconf 93' lang='lat' dir='ltr'><strong>de</strong></span> <span class='ocrx_word' id='word_1_103' title='bbox 1261 986 1340 1024; x_wconf 93' lang='lat' dir='ltr'><strong>quo</strong></span> <span class='ocrx_word' id='word_1_104' title='bbox 1374 986 1542 1024; x_wconf 85' lang='lat' dir='ltr'><strong>quaere-</strong></span> 
     </span>
     <span class='ocr_line' id='line_1_15' title="bbox 173 1031 1541 1085; baseline 0.004 -16"><span class='ocrx_word' id='word_1_105' title='bbox 173 1031 305 1081; x_wconf 86' lang='lat' dir='ltr'><strong>batur,</strong></span> <span class='ocrx_word' id='word_1_106' title='bbox 325 1032 453 1070; x_wconf 88' lang='lat' dir='ltr'><strong>multa</strong></span> <span class='ocrx_word' id='word_1_107' title='bbox 471 1034 696 1082; x_wconf 83' lang='lat' dir='ltr'>praestaret</span> <span class='ocrx_word' id='word_1_108' title='bbox 715 1033 904 1083; x_wconf 88' lang='lat' dir='ltr'><strong>propiora</strong></span> <span class='ocrx_word' id='word_1_109' title='bbox 922 1046 1126 1084; x_wconf 88' lang='lat' dir='ltr'><strong>prospera,</strong></span> <span class='ocrx_word' id='word_1_110' title='bbox 1153 1034 1282 1074; x_wconf 89' lang='lat' dir='ltr'><strong>laetos</strong></span> <span class='ocrx_word' id='word_1_111' title='bbox 1300 1035 1541 1085; x_wconf 82' lang='lat' dir='ltr'><strong>incipientes</strong></span> 
     </span>
     <span class='ocr_line' id='line_1_16' title="bbox 175 1093 1595 1145; baseline 0.004 -16"><span class='ocrx_word' id='word_1_112' title='bbox 175 1104 310 1141; x_wconf 89' lang='lat' dir='ltr'><strong>annos,</strong></span> <span class='ocrx_word' id='word_1_113' title='bbox 335 1104 415 1130; x_wconf 92' lang='lat' dir='ltr'><strong>non</strong></span> <span class='ocrx_word' id='word_1_114' title='bbox 439 1093 518 1130; x_wconf 83' lang='lat' dir='ltr'><strong>fuit</strong></span> <span class='ocrx_word' id='word_1_115' title='bbox 544 1094 752 1132; x_wconf 89' lang='lat' dir='ltr'><strong>contentus</strong></span> <span class='ocrx_word' id='word_1_116' title='bbox 777 1093 945 1133; x_wconf 83' lang='lat' dir='ltr'><strong>meliora</strong></span> <span class='ocrx_word' id='word_1_117' title='bbox 970 1094 1211 1144; x_wconf 86' lang='lat' dir='ltr'><strong>praedicere,</strong></span> <span class='ocrx_word' id='word_1_118' title='bbox 1244 1096 1296 1144; x_wconf 90' lang='lat' dir='ltr'><strong>et,</strong></span> <span class='ocrx_word' id='word_1_119' title='bbox 1329 1107 1432 1145; x_wconf 89' lang='lat' dir='ltr'><strong>quae</strong></span> <span class='ocrx_word' id='word_1_120' title='bbox 1457 1107 1541 1134; x_wconf 89' lang='lat' dir='ltr'><strong>cer·</strong></span> <span class='ocrx_word' id='word_1_121' title='bbox 1561 1107 1595 1135; x_wconf 86' lang='lat'><strong>15</strong></span> 
     </span>
     <span class='ocr_line' id='line_1_17' title="bbox 173 1152 1540 1206; baseline 0.004 -17"><span class='ocrx_word' id='word_1_122' title='bbox 173 1152 330 1190; x_wconf 90' lang='lat' dir='ltr'><strong>tissima</strong></span> <span class='ocrx_word' id='word_1_123' title='bbox 355 1154 415 1192; x_wconf 91' lang='lat' dir='ltr'><strong>est</strong></span> <span class='ocrx_word' id='word_1_124' title='bbox 434 1164 529 1192; x_wconf 88' lang='lat' dir='ltr'><strong>vera</strong></span> <span class='ocrx_word' id='word_1_125' title='bbox 550 1153 842 1203; x_wconf 86' lang='lat' dir='ltr'><strong>proferentium</strong></span> <span class='ocrx_word' id='word_1_126' title='bbox 860 1154 968 1204; x_wconf 91' lang='lat' dir='ltr'><strong>fides,</strong></span> <span class='ocrx_word' id='word_1_127' title='bbox 996 1154 1187 1205; x_wconf 89' lang='lat' dir='ltr'><strong>quicquid</strong></span> <span class='ocrx_word' id='word_1_128' title='bbox 1212 1154 1540 1206; x_wconf 81' lang='lat' dir='ltr'><strong>deprehenderat,</strong></span> 
     </span>
     <span class='ocr_line' id='line_1_18' title="bbox 173 1213 1540 1266; baseline 0.005 -17"><span class='ocrx_word' id='word_1_129' title='bbox 173 1213 342 1261; x_wconf 86' lang='lat' dir='ltr'><strong>protulit</strong></span> <span class='ocrx_word' id='word_1_130' title='bbox 366 1214 409 1251; x_wconf 87' lang='lat' dir='ltr'><strong>in</strong></span> <span class='ocrx_word' id='word_1_131' title='bbox 433 1213 609 1252; x_wconf 92' lang='lat' dir='ltr'><strong>medium</strong></span> <span class='ocrx_word' id='word_1_132' title='bbox 640 1215 681 1252; x_wconf 93' lang='lat' dir='ltr'><strong>et</strong></span> <span class='ocrx_word' id='word_1_133' title='bbox 710 1215 978 1265; x_wconf 88' lang='lat' dir='ltr'><strong>proclamavit</strong></span> <span class='ocrx_word' id='word_1_134' title='bbox 1008 1216 1190 1254; x_wconf 86' lang='lat' dir='ltr'><strong>futurum</strong></span> <span class='ocrx_word' id='word_1_135' title='bbox 1215 1216 1350 1255; x_wconf 74' lang='lat' dir='ltr'><strong>virum</strong></span> <span class='ocrx_word' id='word_1_136' title='bbox 1381 1216 1540 1266; x_wconf 80' lang='lat' dir='ltr'><strong>fortem,</strong></span> 
     </span>
     <span class='ocr_line' id='line_1_19' title="bbox 173 1271 1540 1325; baseline 0.005 -16"><span class='ocrx_word' id='word_1_137' title='bbox 173 1271 314 1311; x_wconf 89' lang='lat' dir='ltr'><strong>deinde</strong></span> <span class='ocrx_word' id='word_1_138' title='bbox 351 1273 603 1323; x_wconf 87' lang='lat' dir='ltr'><strong>parricidam.</strong></span> <span class='ocrx_word' id='word_1_139' title='bbox 668 1275 756 1324; x_wconf 90' lang='lat' dir='ltr'><strong>quis</strong></span> <span class='ocrx_word' id='word_1_140' title='bbox 794 1287 990 1325; x_wconf 90' lang='lat' dir='ltr'><strong>unquam,</strong></span> <span class='ocrx_word' id='word_1_141' title='bbox 1028 1275 1071 1314; x_wconf 92' lang='lat' dir='ltr'><strong>P.</strong></span> <span class='ocrx_word' id='word_1_142' title='bbox 1101 1275 1159 1325; x_wconf 79' lang='grc'><strong>0.,</strong></span> <span class='ocrx_word' id='word_1_143' title='bbox 1200 1275 1347 1316; x_wconf 89' lang='lat' dir='ltr'><strong>fiducia</strong></span> <span class='ocrx_word' id='word_1_144' title='bbox 1387 1277 1540 1316; x_wconf 86' lang='lat' dir='ltr'><strong>maiore</strong></span> 
     </span>
     <span class='ocr_line' id='line_1_20' title="bbox 171 1331 1539 1387; baseline 0.005 -17"><span class='ocrx_word' id='word_1_145' title='bbox 171 1331 404 1382; x_wconf 75' lang='lat' dir='ltr'><strong>respondit?</strong></span> <span class='ocrx_word' id='word_1_146' title='bbox 465 1347 555 1372; x_wconf 90' lang='lat' dir='ltr'><strong>cum</strong></span> <span class='ocrx_word' id='word_1_147' title='bbox 598 1346 798 1373; x_wconf 87' lang='lat' dir='ltr'><strong>summum</strong></span> <span class='ocrx_word' id='word_1_148' title='bbox 840 1336 995 1375; x_wconf 85' lang='lat' dir='ltr'><strong>facinus</strong></span> <span class='ocrx_word' id='word_1_149' title='bbox 1039 1336 1315 1387; x_wconf 87' lang='lat' dir='ltr'><strong>denuntiaret,</strong></span> <span class='ocrx_word' id='word_1_150' title='bbox 1360 1338 1454 1376; x_wconf 88' lang='lat' dir='ltr'><strong>ante</strong></span> <span class='ocrx_word' id='word_1_151' title='bbox 1498 1349 1539 1376; x_wconf 87' lang='lat' dir='ltr'><strong>se</strong></span> 
     </span>
     <span class='ocr_line' id='line_1_21' title="bbox 173 1392 1595 1449; baseline 0.005 -19"><span class='ocrx_word' id='word_1_152' title='bbox 173 1392 275 1431; x_wconf 84' lang='lat' dir='ltr'><strong>dixit</strong></span> <span class='ocrx_word' id='word_1_153' title='bbox 311 1393 583 1443; x_wconf 89' lang='lat' dir='ltr'><strong>probaturum.</strong></span> <span class='ocrx_word' id='word_1_154' title='bbox 646 1395 796 1434; x_wconf 85' lang='lat' dir='ltr'><strong>fecerat</strong></span> <span class='ocrx_word' id='word_1_155' title='bbox 832 1397 1031 1446; x_wconf 85' lang='lat' dir='ltr'><strong>profecto,</strong></span> <span class='ocrx_word' id='word_1_156' title='bbox 1073 1396 1115 1435; x_wconf 93' lang='lat' dir='ltr'><strong>P.</strong></span> <span class='ocrx_word' id='word_1_157' title='bbox 1150 1396 1210 1447; x_wconf 69' lang='grc'>(1.,</span> <span class='ocrx_word' id='word_1_158' title='bbox 1250 1397 1539 1449; x_wconf 85' lang='lat' dir='ltr'><strong>interrogando</strong></span> <span class='ocrx_word' id='word_1_159' title='bbox 1560 1411 1595 1438; x_wconf 75' lang='lat'><strong>20</strong></span> 
     </span>
     <span class='ocr_line' id='line_1_22' title="bbox 172 1453 1540 1508; baseline 0.006 -18"><span class='ocrx_word' id='word_1_160' title='bbox 172 1453 499 1493; x_wconf 86' lang='lat' dir='ltr'><strong>mathematicum</strong></span> <span class='ocrx_word' id='word_1_161' title='bbox 530 1456 646 1504; x_wconf 91' lang='lat' dir='ltr'><strong>pater</strong></span> <span class='ocrx_word' id='word_1_162' title='bbox 682 1468 767 1494; x_wconf 91' lang='lat' dir='ltr'><strong>rem</strong></span> <span class='ocrx_word' id='word_1_163' title='bbox 798 1469 878 1495; x_wconf 91' lang='lat' dir='ltr'><strong>non</strong></span> <span class='ocrx_word' id='word_1_164' title='bbox 917 1457 1142 1507; x_wconf 88' lang='lat' dir='ltr'><strong>educaturi,</strong></span> <span class='ocrx_word' id='word_1_165' title='bbox 1180 1459 1216 1497; x_wconf 91' lang='lat' dir='ltr'><strong>si</strong></span> <span class='ocrx_word' id='word_1_166' title='bbox 1247 1457 1346 1508; x_wconf 90' lang='lat' dir='ltr'><strong>quid</strong></span> <span class='ocrx_word' id='word_1_167' title='bbox 1381 1459 1540 1498; x_wconf 87' lang='lat' dir='ltr'><strong>tristius</strong></span> 
     </span>
     <span class='ocr_line' id='line_1_23' title="bbox 173 1515 1539 1568; baseline 0.005 -17"><span class='ocrx_word' id='word_1_168' title='bbox 173 1515 440 1563; x_wconf 89' lang='lat' dir='ltr'><strong>comperisset,</strong></span> <span class='ocrx_word' id='word_1_169' title='bbox 472 1515 550 1554; x_wconf 90' lang='lat' dir='ltr'><strong>nisi</strong></span> <span class='ocrx_word' id='word_1_170' title='bbox 581 1515 655 1554; x_wconf 90' lang='lat' dir='ltr'><strong>hoc</strong></span> <span class='ocrx_word' id='word_1_171' title='bbox 686 1517 862 1566; x_wconf 90' lang='lat' dir='ltr'><strong>primum</strong></span> <span class='ocrx_word' id='word_1_172' title='bbox 893 1517 941 1555; x_wconf 92' lang='lat' dir='ltr'><strong>de</strong></span> <span class='ocrx_word' id='word_1_173' title='bbox 974 1518 1059 1557; x_wconf 88' lang='lat' dir='ltr'><strong>fato</strong></span> <span class='ocrx_word' id='word_1_174' title='bbox 1091 1518 1246 1568; x_wconf 88' lang='lat' dir='ltr'><strong>fuisset,</strong></span> <span class='ocrx_word' id='word_1_175' title='bbox 1278 1519 1325 1558; x_wconf 92' lang='lat' dir='ltr'><strong>ut</strong></span> <span class='ocrx_word' id='word_1_176' title='bbox 1350 1519 1539 1558; x_wconf 89' lang='lat' dir='ltr'><strong>viverem.</strong></span> 
     </span>
     <span class='ocr_line' id='line_1_24' title="bbox 173 1573 1540 1630; baseline 0.006 -20"><span class='ocrx_word' id='word_1_177' title='bbox 173 1573 242 1611; x_wconf 91' lang='lat' dir='ltr'><strong>sed</strong></span> <span class='ocrx_word' id='word_1_178' title='bbox 281 1586 353 1612; x_wconf 89' lang='lat' dir='ltr'><strong>nec</strong></span> <span class='ocrx_word' id='word_1_179' title='bbox 396 1575 672 1614; x_wconf 86' lang='lat' dir='ltr'><strong>mathematici</strong></span> <span class='ocrx_word' id='word_1_180' title='bbox 716 1575 812 1616; x_wconf 87' lang='lat' dir='ltr'><strong>fides</strong></span> <span class='ocrx_word' id='word_1_181' title='bbox 857 1578 961 1616; x_wconf 88' lang='lat' dir='ltr'><strong>circa</strong></span> <span class='ocrx_word' id='word_1_182' title='bbox 1005 1580 1254 1618; x_wconf 88' lang='lat' dir='ltr'><strong>momentum</strong></span> <span class='ocrx_word' id='word_1_183' title='bbox 1296 1579 1540 1630; x_wconf 86' lang='lat' dir='ltr'><strong>aliquodque</strong></span> 
     </span>
     <span class='ocr_line' id='line_1_25' title="bbox 173 1634 1539 1691; baseline 0.007 -20"><span class='ocrx_word' id='word_1_184' title='bbox 173 1634 344 1672; x_wconf 85' lang='lat' dir='ltr'><strong>cessavit</strong></span> <span class='ocrx_word' id='word_1_185' title='bbox 369 1635 558 1684; x_wconf 86' lang='lat' dir='ltr'><strong>ordinem,</strong></span> <span class='ocrx_word' id='word_1_186' title='bbox 589 1648 670 1674; x_wconf 92' lang='lat' dir='ltr'><strong>non</strong></span> <span class='ocrx_word' id='word_1_187' title='bbox 695 1650 884 1676; x_wconf 90' lang='lat' dir='ltr'><strong>numerus</strong></span> <span class='ocrx_word' id='word_1_188' title='bbox 909 1638 1066 1688; x_wconf 82' lang='lat' dir='ltr'><strong>fefellit,</strong></span> <span class='ocrx_word' id='word_1_189' title='bbox 1093 1651 1172 1678; x_wconf 91' lang='lat' dir='ltr'><strong>non</strong></span> <span class='ocrx_word' id='word_1_190' title='bbox 1198 1652 1313 1679; x_wconf 86' lang='lat' dir='ltr'><strong>sexus</strong></span> <span class='ocrx_word' id='word_1_191' title='bbox 1338 1641 1382 1679; x_wconf 90' lang='lat' dir='ltr'><strong>in</strong></span> <span class='ocrx_word' id='word_1_192' title='bbox 1406 1641 1539 1691; x_wconf 77' lang='lat' dir='ltr'><strong>partu,</strong></span> 
     </span>
     <span class='ocr_line' id='line_1_26' title="bbox 173 1694 1594 1750; baseline 0.007 -20"><span class='ocrx_word' id='word_1_193' title='bbox 173 1705 253 1731; x_wconf 92' lang='lat' dir='ltr'><strong>non</strong></span> <span class='ocrx_word' id='word_1_194' title='bbox 286 1694 469 1743; x_wconf 88' lang='lat' dir='ltr'><strong>iuventa,</strong></span> <span class='ocrx_word' id='word_1_195' title='bbox 506 1708 586 1734; x_wconf 89' lang='lat' dir='ltr'><strong>non</strong></span> <span class='ocrx_word' id='word_1_196' title='bbox 617 1696 747 1735; x_wconf 90' lang='lat' dir='ltr'><strong>robur.</strong></span> <span class='ocrx_word' id='word_1_197' title='bbox 810 1698 882 1736; x_wconf 90' lang='lat' dir='ltr'><strong>illa</strong></span> <span class='ocrx_word' id='word_1_198' title='bbox 915 1711 1072 1749; x_wconf 90' lang='lat' dir='ltr'><strong>quoque</strong></span> <span class='ocrx_word' id='word_1_199' title='bbox 1106 1712 1208 1750; x_wconf 90' lang='lat' dir='ltr'><strong>quae</strong></span> <span class='ocrx_word' id='word_1_200' title='bbox 1240 1700 1352 1740; x_wconf 88' lang='lat' dir='ltr'><strong>velut</strong></span> <span class='ocrx_word' id='word_1_201' title='bbox 1389 1701 1538 1739; x_wconf 84' lang='lat' dir='ltr'><strong>extrin-</strong></span> <span class='ocrx_word' id='word_1_202' title='bbox 1559 1713 1594 1740; x_wconf 82' lang='lat'><strong>25</strong></span> 
     </span>
     <span class='ocr_line' id='line_1_27' title="bbox 174 1756 1539 1811; baseline 0.008 -21"><span class='ocrx_word' id='word_1_203' title='bbox 174 1764 284 1791; x_wconf 90' lang='lat' dir='ltr'><strong>secus</strong></span> <span class='ocrx_word' id='word_1_204' title='bbox 311 1756 622 1805; x_wconf 89' lang='lat' dir='ltr'><strong>consentiebant,</strong></span> <span class='ocrx_word' id='word_1_205' title='bbox 649 1757 811 1796; x_wconf 88' lang='lat' dir='ltr'><strong>adfuere</strong></span> <span class='ocrx_word' id='word_1_206' title='bbox 836 1771 1037 1809; x_wconf 87' lang='lat' dir='ltr'><strong>responso,</strong></span> <span class='ocrx_word' id='word_1_207' title='bbox 1069 1760 1232 1811; x_wconf 91' lang='lat' dir='ltr'><strong>bellum,</strong></span> <span class='ocrx_word' id='word_1_208' title='bbox 1260 1761 1400 1811; x_wconf 90' lang='lat' dir='ltr'><strong>hostis,</strong></span> <span class='ocrx_word' id='word_1_209' title='bbox 1434 1762 1539 1801; x_wconf 87' lang='lat' dir='ltr'><strong>acies</strong></span> 
     </span>
    </p>
   </div>
   <div class='ocr_carea' id='block_1_3' title="bbox 271 1894 1442 1947">
    <p class='ocr_par' dir='ltr' id='par_1_4' title="bbox 271 1894 1442 1947">
     <span class='ocr_line' id='line_1_28' title="bbox 271 1894 1442 1947; baseline 0.007 -20"><span class='ocrx_word' id='word_1_210' title='bbox 271 1896 289 1927; x_wconf 91' lang='lat'>1</span> <span class='ocrx_word' id='word_1_211' title='bbox 316 1894 427 1938; x_wconf 87' lang='lat' dir='ltr'><strong>parta</strong></span> <span class='ocrx_word' id='word_1_212' title='bbox 446 1901 491 1938; x_wconf 92' lang='grc' dir='ltr'><strong>Β,</strong></span> <span class='ocrx_word' id='word_1_213' title='bbox 517 1906 606 1931; x_wconf 82' lang='lat' dir='ltr'><strong>corr.</strong></span> <span class='ocrx_word' id='word_1_214' title='bbox 629 1903 652 1929; x_wconf 71' lang='lat'><em>⁶</em></span> <span class='ocrx_word' id='word_1_215' title='bbox 733 1907 808 1932; x_wconf 91' lang='lat' dir='ltr'><strong>non</strong></span> <span class='ocrx_word' id='word_1_216' title='bbox 833 1899 875 1933; x_wconf 74' lang='lat' dir='ltr'><strong>in</strong></span> <span class='ocrx_word' id='word_1_217' title='bbox 899 1910 971 1934; x_wconf 81' lang='lat' dir='ltr'><strong>ras.</strong></span> <span class='ocrx_word' id='word_1_218' title='bbox 992 1905 1029 1934; x_wconf 98' lang='grc' dir='ltr'><em>Β</em></span> <span class='ocrx_word' id='word_1_219' title='bbox 1052 1911 1096 1935; x_wconf 72' lang='lat' dir='ltr'><strong>ex</strong></span> <span class='ocrx_word' id='word_1_220' title='bbox 1120 1911 1221 1935; x_wconf 91' lang='lat' dir='ltr'><strong>nunc</strong></span> <span class='ocrx_word' id='word_1_221' title='bbox 1246 1901 1352 1947; x_wconf 83' lang='lat' dir='ltr'><strong>(corr.</strong></span> <span class='ocrx_word' id='word_1_222' title='bbox 1373 1899 1442 1946; x_wconf 65' lang='grc' dir='ltr'><strong>ῠὲ)</strong></span> 
     </span>
    </p>
   </div>
   <div class='ocr_carea' id='block_1_4' title="bbox 172 1956 1537 2061">
    <p class='ocr_par' dir='ltr' id='par_1_5' title="bbox 172 1956 1537 2061">
     <span class='ocr_line' id='line_1_29' title="bbox 174 1956 1537 2018; baseline 0.007 -20"><span class='ocrx_word' id='word_1_223' title='bbox 174 1967 194 1998; x_wconf 97' lang='grc'>2</span> <span class='ocrx_word' id='word_1_224' title='bbox 221 1975 312 1999; x_wconf 89' lang='grc'>011115</span> <span class='ocrx_word' id='word_1_225' title='bbox 338 1971 383 2009; x_wconf 95' lang='grc' dir='ltr'><strong>Β,</strong></span> <span class='ocrx_word' id='word_1_226' title='bbox 409 1965 423 2000; x_wconf 86' lang='grc'><strong>1</strong></span> <span class='ocrx_word' id='word_1_227' title='bbox 448 1966 533 2001; x_wconf 81' lang='lat' dir='ltr'><strong>add.</strong></span> <span class='ocrx_word' id='word_1_228' title='bbox 555 1974 578 2001; x_wconf 70' lang='grc' dir='ltr'><strong><em>ὸ</em></strong></span> <span class='ocrx_word' id='word_1_229' title='bbox 664 1971 684 2002; x_wconf 83' lang='lat'>5</span> <span class='ocrx_word' id='word_1_230' title='bbox 712 1956 889 2016; x_wconf 62' lang='lat' dir='ltr'><strong>oraeuffl}</strong></span> <span class='ocrx_word' id='word_1_231' title='bbox 913 1977 959 2015; x_wconf 86' lang='lat' dir='ltr'><strong>B,</strong></span> <span class='ocrx_word' id='word_1_232' title='bbox 984 1983 1075 2008; x_wconf 82' lang='lat' dir='ltr'><strong>corr.</strong></span> <span class='ocrx_word' id='word_1_233' title='bbox 1098 1979 1121 2006; x_wconf 72' lang='grc' dir='ltr'><strong><em>ῡ</em></strong></span> <span class='ocrx_word' id='word_1_234' title='bbox 1219 1975 1240 2007; x_wconf 88' lang='grc'><strong>6</strong></span> <span class='ocrx_word' id='word_1_235' title='bbox 1266 1973 1416 2018; x_wconf 86' lang='lat' dir='ltr'><strong>pectus:</strong></span> <span class='ocrx_word' id='word_1_236' title='bbox 1445 1983 1537 2009; x_wconf 81' lang='lat' dir='ltr'><strong>corr.</strong></span> 
     </span>
     <span class='ocr_line' id='line_1_30' title="bbox 172 2013 1471 2061; baseline 0.008 -14"><span class='ocrx_word' id='word_1_237' title='bbox 172 2016 207 2047; x_wconf 79' lang='lat' dir='ltr'><strong>et</strong></span> <span class='ocrx_word' id='word_1_238' title='bbox 225 2015 246 2047; x_wconf 91' lang='lat'><strong><em>1</em></strong></span> <span class='ocrx_word' id='word_1_239' title='bbox 267 2013 335 2048; x_wconf 76' lang='lat' dir='ltr'><strong>litt.</strong></span> <span class='ocrx_word' id='word_1_240' title='bbox 356 2024 404 2049; x_wconf 83' lang='lat' dir='ltr'><strong>er.</strong></span> <span class='ocrx_word' id='word_1_241' title='bbox 420 2020 442 2047; x_wconf 72' lang='grc' dir='ltr'><strong>ὁ</strong></span> <span class='ocrx_word' id='word_1_242' title='bbox 516 2018 536 2049; x_wconf 90' lang='grc'>8</span> <span class='ocrx_word' id='word_1_243' title='bbox 564 2015 738 2061; x_wconf 88' lang='lat' dir='ltr'><strong>digestis:</strong></span> <span class='ocrx_word' id='word_1_244' title='bbox 765 2018 919 2054; x_wconf 77' lang='lat' dir='ltr'><strong>alterum</strong></span> <span class='ocrx_word' id='word_1_245' title='bbox 944 2019 957 2054; x_wconf 94' lang='lat' dir='ltr'><strong>i</strong></span> <span class='ocrx_word' id='word_1_246' title='bbox 982 2021 1025 2055; x_wconf 74' lang='lat' dir='ltr'><strong>in</strong></span> <span class='ocrx_word' id='word_1_247' title='bbox 1043 2031 1116 2056; x_wconf 82' lang='lat' dir='ltr'><strong>ras.</strong></span> <span class='ocrx_word' id='word_1_248' title='bbox 1131 2026 1168 2055; x_wconf 92' lang='grc' dir='ltr'><em>Β</em></span> <span class='ocrx_word' id='word_1_249' title='bbox 1239 2031 1414 2057; x_wconf 85' lang='lat' dir='ltr'><strong>muneros</strong></span> <span class='ocrx_word' id='word_1_250' title='bbox 1433 2027 1471 2056; x_wconf 85' lang='lat' dir='ltr'><strong><em>P</em></strong></span> 
     </span>
    </p>
   </div>
   <div class='ocr_carea' id='block_1_5' title="bbox 171 2059 1542 2474">
    <p class='ocr_par' dir='ltr' id='par_1_6' title="bbox 171 2059 1542 2474">
     <span class='ocr_line' id='line_1_31' title="bbox 173 2059 1540 2137; baseline 0.007 -18"><span class='ocrx_word' id='word_1_251' title='bbox 173 2059 223 2119; x_wconf 85' lang='lat' dir='ltr'><strong>ad</strong></span> <span class='ocrx_word' id='word_1_252' title='bbox 241 2090 279 2119; x_wconf 90' lang='grc' dir='ltr'><em>Β</em></span> <span class='ocrx_word' id='word_1_253' title='bbox 361 2088 381 2120; x_wconf 87' lang='grc'><strong>9</strong></span> <span class='ocrx_word' id='word_1_254' title='bbox 408 2085 585 2131; x_wconf 87' lang='lat' dir='ltr'><strong>stipuisse</strong></span> <span class='ocrx_word' id='word_1_255' title='bbox 611 2094 666 2132; x_wconf 85' lang='lat' dir='ltr'><strong>M,</strong></span> <span class='ocrx_word' id='word_1_256' title='bbox 698 2100 788 2125; x_wconf 82' lang='lat' dir='ltr'><strong>corr.</strong></span> <span class='ocrx_word' id='word_1_257' title='bbox 809 2104 851 2124; x_wconf 84' lang='lat' dir='ltr'><strong>m</strong></span> <span class='ocrx_word' id='word_1_258' title='bbox 935 2094 978 2126; x_wconf 91' lang='lat'><strong>10</strong></span> <span class='ocrx_word' id='word_1_259' title='bbox 1004 2092 1104 2137; x_wconf 90' lang='lat' dir='ltr'><strong>ipso:</strong></span> <span class='ocrx_word' id='word_1_260' title='bbox 1137 2092 1151 2127; x_wconf 91' lang='lat' dir='ltr'><strong>i</strong></span> <span class='ocrx_word' id='word_1_261' title='bbox 1182 2094 1225 2129; x_wconf 76' lang='lat' dir='ltr'><strong>in</strong></span> <span class='ocrx_word' id='word_1_262' title='bbox 1248 2104 1322 2130; x_wconf 80' lang='lat' dir='ltr'><strong>ras.</strong></span> <span class='ocrx_word' id='word_1_263' title='bbox 1342 2099 1381 2128; x_wconf 92' lang='grc' dir='ltr'><em>Β</em></span> <span class='ocrx_word' id='word_1_264' title='bbox 1452 2104 1540 2129; x_wconf 90' lang='lat' dir='ltr'><strong>con-</strong></span> 
     </span>
     <span class='ocr_line' id='line_1_32' title="bbox 173 2131 1469 2187; baseline 0.008 -21"><span class='ocrx_word' id='word_1_265' title='bbox 173 2131 331 2168; x_wconf 86' lang='lat' dir='ltr'><strong>sultore:</strong></span> <span class='ocrx_word' id='word_1_266' title='bbox 365 2143 384 2168; x_wconf 94' lang='lat' dir='ltr'><strong>e</strong></span> <span class='ocrx_word' id='word_1_267' title='bbox 410 2144 477 2169; x_wconf 85' lang='lat' dir='ltr'><strong>om.</strong></span> <span class='ocrx_word' id='word_1_268' title='bbox 498 2141 543 2179; x_wconf 84' lang='grc' dir='ltr'><strong>Β,</strong></span> <span class='ocrx_word' id='word_1_269' title='bbox 569 2135 654 2170; x_wconf 82' lang='lat' dir='ltr'><strong>add.</strong></span> <span class='ocrx_word' id='word_1_270' title='bbox 677 2143 699 2170; x_wconf 77' lang='grc' dir='ltr'><em>ῠ</em></span> <span class='ocrx_word' id='word_1_271' title='bbox 775 2141 817 2172; x_wconf 88' lang='grc'><strong>13</strong></span> <span class='ocrx_word' id='word_1_272' title='bbox 845 2139 1011 2175; x_wconf 84' lang='lat' dir='ltr'><strong>archana</strong></span> <span class='ocrx_word' id='word_1_273' title='bbox 1037 2149 1056 2183; x_wconf 79' lang='grc' dir='ltr'>β</span> <span class='ocrx_word' id='word_1_274' title='bbox 1141 2144 1186 2176; x_wconf 83' lang='grc'><strong>14</strong></span> <span class='ocrx_word' id='word_1_275' title='bbox 1210 2142 1406 2187; x_wconf 85' lang='lat' dir='ltr'><strong>praestare</strong></span> <span class='ocrx_word' id='word_1_276' title='bbox 1430 2147 1469 2176; x_wconf 90' lang='grc' dir='ltr'>Β</span> 
     </span>
     <span class='ocr_line' id='line_1_33' title="bbox 171 2180 1539 2234; baseline 0.007 -19"><span class='ocrx_word' id='word_1_277' title='bbox 171 2180 370 2226; x_wconf 86' lang='lat' dir='ltr'><strong>propriora</strong></span> <span class='ocrx_word' id='word_1_278' title='bbox 388 2187 468 2216; x_wconf 81' lang='grc' dir='ltr'><strong>ΒΜ</strong></span> <span class='ocrx_word' id='word_1_279' title='bbox 536 2185 733 2228; x_wconf 83' lang='lat' dir='ltr'><strong>prosperat</strong></span> <span class='ocrx_word' id='word_1_280' title='bbox 752 2191 798 2229; x_wconf 89' lang='grc' dir='ltr'>Β,</span> <span class='ocrx_word' id='word_1_281' title='bbox 823 2198 914 2223; x_wconf 85' lang='lat' dir='ltr'><strong>corr.</strong></span> <span class='ocrx_word' id='word_1_282' title='bbox 936 2189 977 2223; x_wconf 75' lang='lat' dir='ltr'><strong>in</strong></span> <span class='ocrx_word' id='word_1_283' title='bbox 1001 2190 1248 2234; x_wconf 85' lang='lat' dir='ltr'><strong>prospexerat</strong></span> <span class='ocrx_word' id='word_1_284' title='bbox 1272 2196 1296 2224; x_wconf 70' lang='lat' dir='ltr'><strong><em>b</em></strong></span> <span class='ocrx_word' id='word_1_285' title='bbox 1371 2192 1416 2225; x_wconf 86' lang='lat'><strong>18</strong></span> <span class='ocrx_word' id='word_1_286' title='bbox 1443 2189 1539 2225; x_wconf 90' lang='lat' dir='ltr'><strong>fidu-</strong></span> 
     </span>
     <span class='ocr_line' id='line_1_34' title="bbox 173 2228 1539 2284; baseline 0.009 -22"><span class='ocrx_word' id='word_1_287' title='bbox 173 2228 270 2264; x_wconf 90' lang='lat' dir='ltr'><strong>cicia</strong></span> <span class='ocrx_word' id='word_1_288' title='bbox 294 2235 333 2264; x_wconf 89' lang='grc' dir='ltr'>Β</span> <span class='ocrx_word' id='word_1_289' title='bbox 410 2232 455 2264; x_wconf 83' lang='grc'><strong>20</strong></span> <span class='ocrx_word' id='word_1_290' title='bbox 480 2230 649 2275; x_wconf 83' lang='lat' dir='ltr'><strong>profecto</strong></span> <span class='ocrx_word' id='word_1_291' title='bbox 675 2244 719 2267; x_wconf 76' lang='lat' dir='ltr'><strong>ex</strong></span> <span class='ocrx_word' id='word_1_292' title='bbox 743 2238 949 2271; x_wconf 79' lang='lat' dir='ltr'><strong>correctura</strong></span> <span class='ocrx_word' id='word_1_293' title='bbox 975 2242 1018 2270; x_wconf 84' lang='lat' dir='ltr'><em>M</em></span> <span class='ocrx_word' id='word_1_294' title='bbox 1085 2249 1122 2282; x_wconf 92' lang='lat' dir='ltr'><strong>p.</strong></span> <span class='ocrx_word' id='word_1_295' title='bbox 1150 2247 1170 2272; x_wconf 91' lang='lat' dir='ltr'><strong>e</strong></span> <span class='ocrx_word' id='word_1_296' title='bbox 1195 2243 1232 2272; x_wconf 88' lang='lat' dir='ltr'><em>P</em></span> <span class='ocrx_word' id='word_1_297' title='bbox 1301 2237 1539 2284; x_wconf 84' lang='lat' dir='ltr'><strong>interrogan-</strong></span> 
     </span>
     <span class='ocr_line' id='line_1_35' title="bbox 173 2276 1538 2332; baseline 0.008 -21"><span class='ocrx_word' id='word_1_298' title='bbox 173 2276 263 2311; x_wconf 88' lang='lat' dir='ltr'><strong>dum</strong></span> <span class='ocrx_word' id='word_1_299' title='bbox 281 2283 319 2312; x_wconf 93' lang='grc' dir='ltr'>Β</span> <span class='ocrx_word' id='word_1_300' title='bbox 408 2281 452 2312; x_wconf 89' lang='grc'><strong>22</strong></span> <span class='ocrx_word' id='word_1_301' title='bbox 479 2277 553 2313; x_wconf 88' lang='lat' dir='ltr'><strong>fuit</strong></span> <span class='ocrx_word' id='word_1_302' title='bbox 578 2288 597 2321; x_wconf 74' lang='grc' dir='ltr'><strong><em>β</em></strong></span> <span class='ocrx_word' id='word_1_303' title='bbox 688 2284 732 2315; x_wconf 87' lang='grc'><strong>23</strong></span> <span class='ocrx_word' id='word_1_304' title='bbox 758 2284 1042 2319; x_wconf 86' lang='lat' dir='ltr'><strong>monumentum</strong></span> <span class='ocrx_word' id='word_1_305' title='bbox 1066 2291 1112 2330; x_wconf 90' lang='grc' dir='ltr'><strong>Β,</strong></span> <span class='ocrx_word' id='word_1_306' title='bbox 1138 2297 1229 2322; x_wconf 83' lang='lat' dir='ltr'><strong>corr.</strong></span> <span class='ocrx_word' id='word_1_307' title='bbox 1250 2293 1274 2320; x_wconf 72' lang='grc' dir='ltr'><strong><em>ὸ</em></strong></span> <span class='ocrx_word' id='word_1_308' title='bbox 1365 2285 1538 2332; x_wconf 89' lang='lat' dir='ltr'><strong>aliquod-</strong></span> 
     </span>
     <span class='ocr_line' id='line_1_36' title="bbox 172 2325 1542 2380; baseline 0.009 -21"><span class='ocrx_word' id='word_1_309' title='bbox 172 2335 246 2369; x_wconf 89' lang='lat' dir='ltr'><strong>que</strong></span> <span class='ocrx_word' id='word_1_310' title='bbox 264 2331 334 2360; x_wconf 76' lang='lat' dir='ltr'><strong>BV</strong></span> <span class='ocrx_word' id='word_1_311' title='bbox 349 2327 384 2372; x_wconf 88' lang='grc' dir='ltr'><strong>(ο</strong></span> <span class='ocrx_word' id='word_1_312' title='bbox 405 2337 449 2362; x_wconf 76' lang='lat' dir='ltr'><strong>ex</strong></span> <span class='ocrx_word' id='word_1_313' title='bbox 467 2325 481 2361; x_wconf 89' lang='lat' dir='ltr'><strong>i</strong></span> <span class='ocrx_word' id='word_1_314' title='bbox 499 2338 591 2362; x_wconf 81' lang='lat' dir='ltr'><strong>corr.</strong></span> <span class='ocrx_word' id='word_1_315' title='bbox 613 2329 668 2373; x_wconf 75' lang='lat'><strong>⁶):</strong></span> <span class='ocrx_word' id='word_1_316' title='bbox 696 2328 824 2373; x_wconf 86' lang='lat' dir='ltr'><strong>aliquo</strong></span> <span class='ocrx_word' id='word_1_317' title='bbox 845 2337 888 2365; x_wconf 86' lang='lat' dir='ltr'><em>M</em></span> <span class='ocrx_word' id='word_1_318' title='bbox 893 2346 901 2374; x_wconf 83' lang='lat'>3</span> <span class='ocrx_word' id='word_1_319' title='bbox 928 2331 1140 2377; x_wconf 88' lang='lat' dir='ltr'><strong>aliquemve</strong></span> <span class='ocrx_word' id='word_1_320' title='bbox 1166 2343 1224 2378; x_wconf 73' lang='grc' dir='ltr'><strong>βγς</strong></span> <span class='ocrx_word' id='word_1_321' title='bbox 1251 2333 1494 2380; x_wconf 83' lang='lat' dir='ltr'><strong>aliquemque</strong></span> <span class='ocrx_word' id='word_1_322' title='bbox 1514 2343 1542 2370; x_wconf 76' lang='lat' dir='ltr'><strong>«r</strong></span> 
     </span>
     <span class='ocr_line' id='line_1_37' title="bbox 172 2373 1538 2419; baseline 0.01 -12"><span class='ocrx_word' id='word_1_323' title='bbox 172 2376 219 2408; x_wconf 82' lang='lat'><strong>25</strong></span> <span class='ocrx_word' id='word_1_324' title='bbox 252 2373 482 2410; x_wconf 83' lang='lat' dir='ltr'><strong>extrinsecus</strong></span> <span class='ocrx_word' id='word_1_325' title='bbox 513 2386 558 2410; x_wconf 75' lang='lat' dir='ltr'><strong>eoe</strong></span> <span class='ocrx_word' id='word_1_326' title='bbox 588 2386 716 2411; x_wconf 83' lang='lat' dir='ltr'><strong>-xecus</strong></span> <span class='ocrx_word' id='word_1_327' title='bbox 742 2383 778 2411; x_wconf 93' lang='grc' dir='ltr'><em>Β</em></span> <span class='ocrx_word' id='word_1_328' title='bbox 879 2382 924 2414; x_wconf 87' lang='grc'><strong>26</strong></span> <span class='ocrx_word' id='word_1_329' title='bbox 957 2381 1261 2418; x_wconf 89' lang='lat' dir='ltr'><strong>consentiebant:</strong></span> <span class='ocrx_word' id='word_1_330' title='bbox 1295 2393 1372 2419; x_wconf 89' lang='lat' dir='ltr'><strong>non</strong></span> <span class='ocrx_word' id='word_1_331' title='bbox 1400 2382 1538 2419; x_wconf 82' lang='lat' dir='ltr'><strong>sentie—</strong></span> 
     </span>
     <span class='ocr_line' id='line_1_38' title="bbox 171 2420 1344 2474; baseline 0.008 -18"><span class='ocrx_word' id='word_1_332' title='bbox 171 2420 311 2457; x_wconf 88' lang='lat' dir='ltr'><strong>bantur</strong></span> <span class='ocrx_word' id='word_1_333' title='bbox 336 2428 379 2457; x_wconf 78' lang='grc' dir='ltr'><em>Μ</em></span> <span class='ocrx_word' id='word_1_334' title='bbox 472 2422 614 2458; x_wconf 91' lang='lat' dir='ltr'><strong>bellum</strong></span> <span class='ocrx_word' id='word_1_335' title='bbox 639 2435 683 2460; x_wconf 68' lang='lat' dir='ltr'><strong>esc</strong></span> <span class='ocrx_word' id='word_1_336' title='bbox 708 2424 807 2461; x_wconf 89' lang='lat' dir='ltr'><strong>bello</strong></span> <span class='ocrx_word' id='word_1_337' title='bbox 833 2432 869 2461; x_wconf 90' lang='grc' dir='ltr'><em>Β</em></span> <span class='ocrx_word' id='word_1_338' title='bbox 963 2427 1066 2464; x_wconf 84' lang='lat' dir='ltr'><strong>hosti</strong></span> <span class='ocrx_word' id='word_1_339' title='bbox 1090 2436 1143 2474; x_wconf 92' lang='grc' dir='ltr'><strong>Β,</strong></span> <span class='ocrx_word' id='word_1_340' title='bbox 1170 2442 1186 2465; x_wconf 92' lang='grc'>5</span> <span class='ocrx_word' id='word_1_341' title='bbox 1213 2430 1299 2467; x_wconf 81' lang='lat' dir='ltr'><strong>add.</strong></span> <span class='ocrx_word' id='word_1_342' title='bbox 1321 2438 1344 2465; x_wconf 70' lang='grc' dir='ltr'><strong><em>υ</em></strong></span> 
     </span>
    </p>
   </div>
  </div>
 </body>
</html>
