1638 2560
183 97 271 140 276
709 96 810 132 oon
835 94 980 132 POTIO
1006 95 1041 131 11

185 211 330 261 fectus,
369 214 408 251 et
439 211 552 251 brevi
582 223 738 250 necesse
777 212 837 250 est
868 223 1080 250 consumar
1112 223 1191 261 quo
1223 211 1370 251 cotidie
1407 212 1557 251 vincor.

186 285 288 322 quae
319 273 472 323 putatis
505 284 588 311 esse
619 273 833 321 tormenta,
866 284 984 321 quem
1015 270 1208 321 dolorem,
1239 284 1331 311 cum
1354 284 1466 312 mens
1491 285 1558 312 ve-

185 334 298 371 tatur
329 332 463 372 oculos
495 333 626 382 sequi,
659 345 750 371 cum
782 345 806 370 a
837 331 1057 370 luminibus
1089 332 1172 371 suis
1205 332 1363 372 animus
1396 331 1558 373 abduci-

186 391 280 431 tur?
330 392 421 432 odio
448 392 553 442 quod
579 405 660 431 non
683 392 855 442 proficit,
886 393 961 431 hoc
986 395 1180 443 superest,
1206 393 1253 432 ut
1276 392 1445 432 occidat.
1486 407 1559 434 -me

186 453 406 502 infelicem,
443 453 477 492 si
509 466 708 492 venenum
745 453 854 492 istud
888 465 969 492 non
1005 453 1128 492 habet
1164 454 1354 503 mortem,
1392 454 1427 493 si
1457 455 1559 494 mihi
1597 468 1613 494 5

185 513 292 552 inter
321 514 392 552 hos
425 512 580 552 dolores
615 513 774 564 longior
804 514 890 552 vita
922 513 1105 553 ducenda
1136 515 1207 553 est.
1258 526 1331 554 cm·
1362 526 1435 567 ego
1460 516 1561 565 „post

185 573 260 612 hoc
285 574 411 612 animi
441 575 558 623 vices,
591 586 693 623 quae
724 576 951 613 commenta.
980 572 1209 625 prospicio?
1271 576 1308 614 si
1337 576 1559 616 meretricis

184 634 449 684 inpatientiae
488 634 623 673 omnia
659 634 798 684 licent,
830 634 905 673 hoe
943 635 1020 673 erit
1057 634 1295 685 remedium,
1340 637 1386 675 ut
1424 649 1559 677 amare

186 706 323 733 rursus
356 694 558 745 incipiam.

824 826 924 875 XV.
1581 855 1615 882 ιο

645 934 777 982 ODII
814 935 1002 984 POTIO
1038 935 1100 984 II.

138 1115 150 1128 O
188 1068 375 1107 Meretrix
401 1070 573 1108 amatori
598 1082 669 1108 suo
694 1071 865 1120 pauperi
890 1070 1002 1109 dedit
1027 1070 1110 1109 odii
1135 1072 1352 1122 potionem.
1397 1074 1562 1112 accusat

248 1128 362 1167 illam
392 1142 547 1180 pauper
577 1129 769 1169 veneficii,

142 1258 165 1294 1
281 1260 382 1310 Etsi,
413 1261 575 1310 iudices,
605 1262 665 1300 ita
691 1275 715 1301 a
740 1264 885 1302 natura
911 1266 1175 1314 conparatum
1199 1266 1271 1315 cst,
1300 1277 1349 1305 ne
1374 1265 1429 1304 sit
1452 1265 1560 1306 ullus

188 1321 333 1360 iustior
365 1321 478 1361 dolor
504 1335 625 1372 quam
656 1323 837 1363 beneficii
862 1324 925 1363 sui
954 1324 1174 1374 perdidisse
1198 1327 1410 1375 rationem,
1441 1326 1561 1366 nihil·
1581 1339 1614 1366 15

190 1394 266 1431 que
298 1383 460 1432 gravius
487 1382 649 1422 adficiat
674 1385 958 1424 conscientiam
986 1386 1182 1425 bonorum
1207 1399 1331 1437 quam
1357 1388 1560 1437 quotiens-

190 1453 357 1492 cumque
389 1443 500 1481 nulla
532 1445 676 1482 merita
701 1445 939 1496 ceciderunt,
971 1459 1052 1484 non
1077 1445 1224 1486 efficiet
1253 1449 1391 1486 tamen
1421 1447 1561 1487 nefan-

288 1548 306 1580 1
339 1556 510 1581 necsesse
535 1553 586 1590 Β;
618 1549 794 1594 ΠθοΞθεεθ
820 1554 863 1583 Μ
957 1560 1031 1594 quo
1058 1560 1126 1586 om.
1146 1558 1195 1594 βα
1288 1550 1418 1587 vincar
1443 1557 1470 1586 V

190 1597 213 1627 4
239 1593 325 1628 odio
346 1604 412 1629 om.
432 1600 475 1628 M
543 1598 564 1629 5
591 1585 741 1631 felicem
759 1604 783 1630 <5
857 1596 923 1632 sed
942 1608 1127 1634 venenum
1145 1605 1183 1634 Β
1254 1603 1276 1635 6
1302 1610 1386 1636 cur:
1407 1610 1502 1645 quoe
1521 1605 1566 1635 Μ

191 1644 211 1675 7
237 1641 336 1676 vices
357 1644 644 1689 commentaque
664 1651 701 1689 ςς
721 1657 754 1679 v.
774 1646 1038 1691 tormentaque
1062 1647 1146 1684 Obr.
1222 1650 1243 1682 8
1269 1647 1519 1694 impotentiae
1541 1655 1562 1682 τ

191 1728 211 1760 9
237 1701 369 1771 {ursus
395 1733 432 1760 B

285 1774 502 1820 subscriptio
522 1776 617 1812 deest
638 1778 680 1812 m
699 1783 736 1811 Β
807 1778 846 1812 Μ
866 1778 978 1814 FABI
999 1769 1270 1822 QINTILLANI
1289 1779 1397 1817 ODIJ
1415 1779 1560 1817 ΡΟΤΙΟ

189 1832 422 1869 EXPLICIT.
450 1841 478 1868 V
582 1835 753 1874 EXPLIC
780 1838 881 1874 ODH
906 1838 1071 1884 POT10;
1096 1840 1228 1876 ΙΝΟΙΡ
1253 1840 1319 1876 ΒΕ
1344 1839 1560 1877 ΡΟΤΙΟΝΕ

190 1880 332 1924 QVAM
356 1882 505 1917 DEDIT
531 1883 723 1920 PVELLA
748 1886 923 1922 IVVENI
941 1887 1006 1923 VT
1026 1888 1231 1925 9TEMTIS
1251 1889 1377 1925 ALIIS
1403 1888 1459 1924 SE
1486 1888 1562 1925 So—

188 1929 295 1964 LAM
325 1930 531 1966 AMARET
564 1934 692 1978 (minio
711 1936 893 1981 piemon
1009 1937 1187 1983 Explicit
1223 1937 1319 1973 Item
1344 1937 1422 1984 odij
1454 1938 1561 1984 potio

188 1977 336 2023 incipit.
358 1987 378 2021 β
404 1980 532 2025 (minio
551 1982 598 2026 Ρ)

285 2027 417 2063 titulus
447 2032 482 2063 et
511 2035 768 2075 armamentum
799 2032 930 2068 desunt
960 2034 1002 2068 in
1027 2040 1064 2068 Β
1183 2036 1225 2070 in
1250 2046 1365 2082 marq.
1386 2033 1562 2070 THEMA

189 2087 332 2133 (minio)
358 2087 399 2123 in
420 2088 505 2123 aliis
526 2089 579 2124 sic
598 2091 701 2126 tema
726 2091 878 2138 incipit·
902 2095 1276 2141 sequunturl.12sq.
1318 2098 1361 2130 13
1387 2094 1561 2131 EXPLIG

189 2146 365 2182 THEMA
385 2149 530 2195 (minio)
549 2156 593 2184 Μ
659 2155 744 2196 post
767 2152 938 2188 veneficii
964 2154 1050 2189 add.
1070 2155 1188 2191 minio
1206 2156 1308 2200 pieta
1332 2144 1463 2191 INCIP
1486 2154 1562 2190 ΕΠ)

160 2205 163 2210 ·
187 2194 244 2231 De
268 2195 392 2232 PARS
418 2196 615 2233 ALTERA
713 2199 871 2236 CAVSA
893 2201 962 2237 XV
988 2209 1030 2237 Μ
1124 2207 1381 2250 arqwmenmm
1406 2214 1473 2240 om.
1492 2213 1529 2247 β

287 2248 330 2280 15
356 2245 512 2280 venefici
536 2252 589 2289 Β;
615 2248 786 2283 veneficii
811 2255 840 2283 V
952 2253 995 2285 16
1022 2251 1178 2287 adficiat
1202 2263 1248 2288 ex
1273 2251 1410 2288 -faciat
1430 2258 1468 2287 B

188 2292 514 2338 quotiensqueque
538 2301 577 2339 ῖς
604 2296 854 2342 quotiensque
880 2304 948 2332 Μσ
1068 2303 1111 2334 17
1143 2300 1251 2336 nulla
1276 2301 1562 2346 praecesserunt

187 2340 323 2376 merita
349 2341 514 2378 convitia
538 2343 754 2380 inciderunt
774 2351 829 2389 Μ;
855 2345 964 2382 irrita
988 2347 1125 2383 merita
1148 2348 1366 2384 ceciderunt
1394 2348 1478 2393 GM
1504 2348 1563 2384 111-

187 2388 301 2423 utilia
325 2402 373 2425 m.
395 2401 424 2425 c.
449 2390 532 2427 Obr.
632 2392 799 2429 efficient
822 2400 916 2429 BV&
