1638 2560
182 99 269 142 136
595 90 868 132 TORMENTA
893 94 1132 131 PAVPERIS

178 214 362 253 fortassis
395 211 548 262 aliquid
579 211 621 249 in
652 223 742 250 mea
772 211 899 249 morte
931 210 1101 248 fecisset.
1153 208 1356 259 confiteor,
1385 207 1551 260 iudices,

179 274 280 312 nihil
318 276 414 312 tunc
453 273 657 311 oculorum
694 284 874 310 meorum
912 270 1143 322 diligentia,
1187 270 1291 308 nihil
1329 269 1413 322 egit
1453 282 1550 310 cura

178 335 314 374 miseri
343 333 482 383 patris.
544 344 753 382 percussor
783 331 914 370 voluit
945 332 1120 382 agnosci.

267 394 349 432 Vos
382 405 497 442 nunc,
530 394 648 441 cives,
679 404 768 441 vos,
801 403 936 430 omnes
968 391 1136 430 humani
1167 390 1323 442 generis
1354 390 1549 440 adfectus,

177 455 422 493 miserrimus
459 454 664 504 interrogo
699 454 824 503 pater.
889 451 1054 491 suadete
1088 451 1184 502 quid
1222 451 1382 491 faciam.
1443 452 1549 490 hunc
1586 464 1604 491 5

179 528 297 565 quem
328 514 475 553 videtis
507 515 613 552 circa
643 526 706 551 me
739 513 993 564 sanguinem,
1031 512 1079 550 de
1114 511 1190 550 filii
1220 511 1453 552 vulneribus
1485 525 1548 551 ex-

178 577 275 625 cepi.
338 574 400 613 his
441 574 625 612 manibus
669 573 841 612 labentis
882 573 991 611 unici
1033 572 1214 611 membra
1258 572 1444 612 sustinui.
1505 573 1549 611 in

178 635 301 674 oculis
335 634 463 673 adhuc
483 634 629 673 ⁴vultus
661 634 730 672 ille
761 633 987 683 morientis,
1024 633 1191 672 haerent
1229 633 1395 672 auribus
1426 632 1550 672 verba

177 708 295 745 super
332 695 502 734 cadaver
541 693 681 733 habita
719 694 937 733 exultantis
981 693 1148 732 inimici.
1208 693 1330 733 fidem
1372 695 1550 733 tormen-

175 755 326 795 torum!
361 767 565 805 quousque
590 755 834 804 percussoris
859 753 934 792 filii
957 755 1038 793 mei
1058 755 1239 793 conscius
1259 752 1353 794 ero?
1393 754 1550 805 aperite
1569 767 1605 794 10

175 817 314 866 pectus
346 815 455 854 istud
487 816 527 853 et
563 816 696 854 totum
727 815 775 853 de
806 814 1024 854 visceribus
1056 816 1156 855 meis
1193 813 1364 854 latronis
1398 815 1550 866 egerite

177 878 382 915 secretum.
445 875 546 924 vidi,
585 876 625 914 et
661 875 761 914 mihi
798 888 878 914 non
917 875 1103 914 creditur.
1165 875 1269 925 vidi,
1306 876 1369 914 ita
1397 876 1550 927 possim

178 938 217 975 et
254 937 296 974 in
333 936 542 975 tormentis
579 935 687 974 idem
725 936 865 975 dicere.
929 938 1001 975 aut
1039 937 1073 975 si
1113 948 1312 987 conpono,
1354 936 1389 975 si
1428 935 1549 988 fingo,

176 1010 281 1046 urar,
313 997 473 1046 lacerer,
506 998 546 1035 et
576 1009 655 1035 non
680 996 855 1046 probem.
907 997 942 1035 si
972 996 1143 1046 videtur,
1174 996 1422 1047 torquendus
1447 1009 1549 1046 sum,

174 1057 345 1106 iudices,
382 1059 428 1095 ut
464 1057 539 1095 hoc
577 1056 757 1095 desinam
795 1056 935 1096 dicere.
998 1070 1069 1096 nec
1107 1070 1188 1107 me,
1229 1057 1398 1107 iudices,
1439 1057 1550 1096 fallit
1568 1069 1603 1096 1⁵

178 1118 372 1167 quantam
409 1117 556 1156 molem
594 1118 858 1156 accusationis
895 1118 1019 1156 etiam
1049 1119 1092 1156 in
1128 1118 1345 1157 manifesta
1375 1119 1548 1157 veritate

177 1179 428 1228 susceperim.
491 1176 658 1216 divitem
690 1178 817 1216 detuli
846 1191 960 1217 reum
993 1191 1148 1228 pauper
1184 1179 1389 1228 inimicuS‚
1427 1179 1550 1218 occisi

176 1239 304 1288 pater,
342 1239 382 1276 et
417 1238 596 1288 postulo,
635 1243 680 1276 ut
710 1239 812 1277 mihi
849 1239 1036 1278 credatur
1071 1238 1351 1279 testimonium
1383 1240 1428 1278 in
1457 1252 1550 1279 mea.

177 1298 350 1337 orbitate
383 1298 541 1337 dicenti.
592 1298 730 1348 itaque
762 1312 844 1338 non
876 1299 1078 1349 deprecor,
1111 1301 1325 1350 quominus
1356 1299 1458 1338 mihi
1481 1313 1549 1339 ve-

177 1359 262 1398 litis
291 1359 421 1408 irasci,
454 1359 578 1398 donec
602 1359 777 1409 probem.
828 1361 1013 1409 torquete
1038 1361 1251 1411 tamquam
1274 1361 1546 1400 mentientem.
1567 1373 1606 1399 20

125 1428 154 1465 4
269 1418 362 1468 Lex,
381 1419 524 1469 inquit,
544 1419 714 1458 liberum
738 1420 941 1467 hominem
959 1421 1139 1471 torqueri
1157 1422 1280 1460 vetat.
1321 1433 1394 1471 per
1417 1420 1550 1470 fidem,

179 1478 344 1529 iudices,
383 1480 470 1530 quis
507 1493 588 1518 non
624 1481 699 1519 hoc
736 1493 826 1519 eum
863 1481 1100 1531 respondere
1144 1481 1281 1520 credat
1318 1483 1430 1521 cuius
1465 1483 1550 1521 tor-

177 1541 312 1577 menta
342 1538 584 1589 poscantur?
646 1541 813 1591 nemini,
845 1541 1013 1592 iudices,
1052 1542 1168 1582 credo
1201 1542 1384 1592 dubium,
1419 1542 1549 1594 legem

180 1612 280 1649 quae
305 1600 483 1650 torqueri
508 1600 678 1639 liberum
703 1601 905 1640 hominem
929 1604 1053 1652 vetat,
1084 1603 1160 1642 hoc
1185 1602 1434 1654 prospexisse
1459 1604 1548 1642 tan-

178 1661 277 1708 tum,
308 1673 356 1698 ne
389 1661 476 1710 quis
507 1662 762 1711 torqueretur
791 1662 954 1713 invitus,
987 1664 1027 1702 et
1057 1664 1147 1702 iura
1180 1676 1283 1714 quae
1314 1676 1387 1703 nos
1418 1676 1443 1702 a
1469 1675 1548 1703 ser·
1567 1674 1604 1702 25

178 1719 321 1759 vilium
351 1732 561 1770 corporum
591 1722 819 1761 condicione
845 1725 1066 1773 secernunt,
1098 1724 1363 1774 inpatientiae
1387 1725 1549 1763 tantum

179 1781 415 1819 succurrisse
451 1781 683 1820 nolentium.
747 1783 925 1822 omnium
961 1783 1242 1823 beneficiorum
1282 1784 1363 1824 ista
1402 1786 1549 1823 natura

179 1842 250 1891 est,
281 1842 326 1878 ut
350 1853 430 1879 non
455 1841 507 1879 sit
537 1844 762 1892 necessitas,
793 1843 861 1882 sed
892 1845 1082 1895 potestas.
1132 1845 1326 1896 quicquid
1348 1845 1393 1883 in
1423 1845 1548 1885 hono-

176 1913 260 1939 rem
281 1900 449 1939 alicuius
475 1901 681 1941 inventum
707 1905 778 1952 est,
798 1904 951 1943 desinet
975 1906 1235 1957 privilegium
1258 1907 1396 1945 vocari
1419 1917 1547 1956 posse,

178 1962 213 1999 si
238 1973 367 2012 cogas.
418 1964 570 2012 cuncta,
597 1963 631 2001 si
655 1963 826 2014 videtur,
851 1966 940 2003 iura
965 1967 1196 2015 percurrite,
1223 1976 1423 2017 nusquam
1448 1965 1548 2005 adeo
1567 1977 1608 2004 ao

177 2033 250 2071 pro
282 2021 396 2060 nobis
435 2022 606 2061 sollicita
638 2024 701 2062 lex
739 2026 815 2075 est,
855 2026 900 2063 ut
932 2026 1039 2076 quod
1070 2028 1268 2077 praestat,
1301 2028 1547 2078 extorqueat.

275 2175 296 2207 3
321 2171 450 2207 11113011
468 2172 604 2217 patris:
631 2173 706 2209 mei
726 2174 827 2220 patis
850 2184 870 2218 β
945 2180 963 2211 7
991 2176 1137 2212 labenti
1155 2184 1193 2212 Β
1263 2177 1384 2213 unici:
1401 2170 1502 2213 'unio
1522 2183 1549 2212 S

178 2223 200 2255 8
226 2219 309 2256 ille:
335 2219 439 2255 illius
464 2227 504 2264 νς
529 2220 629 2256 filius
655 2231 691 2267 433
716 2222 776 2258 illi
802 2231 829 2258 «f
924 2228 966 2259 11
993 2224 1160 2261 latrones
1182 2232 1221 2261 Β
1318 2229 1362 2261 13
1389 2226 1422 2261 si
1446 2237 1549 2262 com-

177 2279 294 2314 pono:
321 2268 354 2303 si
379 2279 447 2304 om.
468 2275 513 2313 P,
537 2280 638 2315 supr.
656 2285 685 2310 p
807 2275 853 2306 20
878 2273 1046 2318 torqueri
1071 2283 1091 2316 β
1209 2275 1407 2320 tamquam
1431 2285 1500 2311 om.
1525 2280 1554 2308 V

177 2343 237 2425 {31⁰1
249 2328 437 2425 1101·οηῖξο
462 2347 500 2376 Β
583 2345 626 2376 31
654 2344 826 2387 praestat
849 2344 1027 2389 torqueat
1053 2346 1276 2391 extorqueat
1301 2353 1345 2392 P,
1370 2340 1553 2392 torqueat

205 2401 222 2426 e
239 2419 246 2426 .
267 2400 365 2425 man.
