1638 2560
470 97 790 136 DEOLAMATIO
815 98 904 134 vm
924 101 1077 134 15—1‘1.
1382 96 1466 140 161

91 229 204 256 mum
243 215 355 266 parti
397 226 523 266 grave
565 215 715 254 tacitae
751 213 877 264 pestis
921 212 1078 264 pondus
1116 212 1325 261 insederit,
1362 211 1469 251 unde

90 277 332 328 prorumpat
365 275 411 314 in
447 274 621 327 gemitus
659 275 839 313 conscius
881 273 1007 313 dolor.
1067 274 1247 313 medicus
1286 273 1357 324 qui
1396 286 1470 323 per
1543 277 1553 282 ’“

90 337 191 377 haec
219 348 302 376 non
333 337 470 387 potest
498 335 682 375 invenire
713 335 967 386 languorem,
1004 347 1086 373 non
1116 335 1274 374 invenit
1303 346 1377 373 nec
1406 346 1467 372 re-

91 397 280 438 medium.
342 394 470 447 quid?
504 397 541 435 si
578 395 734 446 aliquid
771 397 914 434 sanato
951 395 1151 434 medicina
1188 396 1323 445 potest
1352 407 1468 445 prae-
1490 396 1538 432 1⁷

55 472 74 500 (1
93 459 213 498 me.
259 457 413 497 rationi
442 456 604 506 sufficit,
636 456 744 507 quod
775 455 995 506 aliquando
1025 457 1110 495 iam
1140 456 1250 495 facta
1275 468 1322 494 ex
1349 455 1469 495 unius

92 518 269 559 hominis
291 518 543 569 inspectione
568 517 622 556 ad
644 518 772 557 totius
796 517 1050 556 intellectum
1074 518 1245 556 naturae
1269 516 1471 555 medicina

91 577 295 631 profecit?
356 578 456 629 quid
486 578 695 618 adlaturus
732 578 826 617 111110
858 579 1025 630 aegroto
1057 578 1119 617 031
1149 577 1258 627 quod
1287 590 1370 615 non
1405 578 1471 616 tot

92 640 363 688 saeculorum,
394 641 459 679 tot
488 639 770 691 languentium
802 639 1076 689 experimenta
1106 635 1470 689 deprehenderint?

92 701 157 741 vis
185 702 234 740 tu
262 701 400 752 potius
430 700 507 739 1130
539 699 709 739 audacia
741 712 822 749 qua
853 701 1008 739 secreta
1041 699 1249 751 languoris
1281 699 1470 748 exquiris,

38 775 75 802 10
91 761 271 801 remedia
293 758 525 811 temptare?
573 760 736 799 brevior
760 761 829 799 via
854 761 1043 799 sanitatis
1067 760 1279 808 humanae,
1303 760 1472 810 propior

91 823 255 862 nostrae
294 821 438 861 salutis
481 821 640 861 utilitas
684 822 755 861 est
824 821 860 860 si
902 822 1103 860 viseerum
1151 821 1300 859 nimius
1351 820 1472 859 ar'dor

92 883 236 922 3111013
267 883 374 921 01103
404 894 447 921 30
477 881 658 921 membra
689 881 864 930 duravit,
895 881 1040 920 adhibe
1065 881 1244 920 remedia
1274 881 1469 920 laxantia.

92 944 129 983 si
163 941 302 982 fluitat
330 943 452 982 nimis
484 955 605 994 aeger
634 941 888 991 humoribus,
917 943 1088 1010 ‘praesto
1126 943 1225 991 sint,
1262 955 1336 992 per
1367 954 1471 1009 quae

91 1004 241 1055 pressis
277 1003 479 1053 clusisque
509 1004 622 1042 venis
653 1003 698 1042 111
728 1015 854 1042 novas
886 1003 992 1042 vires
1024 1015 1168 1053 corpus
1206 972 1373 1042 arescat.
1436 1003 1472 1042 si

39 1078 75 1106 ιι
92 1076 238 1116 pamm
273 1064 439 1114 prodest
475 1063 739 1112 abstinentia,
776 1075 916 1102 rursus
955 1063 1135 1102 ciborum
1173 1063 1374 1113 qualitate
1410 1063 1471 1102 fo-

94 1126 247 1164 veatur.
291 1125 328 1164 si
351 1125 520 1175 spiritus
544 1125 715 1175 receptis
739 1125 939 1175 premitur
963 1124 1180 1173 alimentis,
1212 1124 1264 1163 ad
1288 1125 1471 1174 puriores

93 1186 250 1225 meatus
280 1186 432 1224 ieiunio
463 1185 650 1235 fameque
680 1187 881 1224 tenuetur.
932 1186 1105 1237 configit
1128 1185 1207 1223 tibi
1230 1197 1380 1237 magna
1406 1198 1470 1223 ex-

92 1246 411 1297 perimentorum
434 1247 619 1295 materia,
643 1245 808 1295 medice,
835 1246 947 1297 aegri
972 1245 1052 1285 duo
1078 1247 1119 1284 et
1148 1246 1323 1297 languor
1352 1245 1471 1284 idem.

93 1319 176 1346 non
211 1308 273 1345 est
309 1319 428 1357 opus,
466 1308 513 1345 ut
550 1308 732 1357 expectes
778 1306 938 1356 quando
983 1319 1104 1356 super
1139 1307 1259 1345 unius
1295 1306 1471 1344 hominis

40 1381 78 1408 ὀ
94 1368 337 1435 patientiam
368 1367 541 1418 explicet
570 1367 874 1418 profuturorum
905 1379 1055 1418 magna
1085 1366 1310 1406 diversitas.
1357 1369 1472 1416 potes

95 1427 269 1479 experiri
302 1429 459 1478 pariter
495 1427 652 1476 eadem,
696 1429 981 1476 consentanea,
1020 1427 1196 1477 diversa,
1234 1427 1472 1479 pugnantia.

93 1488 209 1528 nulla
238 1488 344 1527 ratio
376 1490 438 1527 est
468 1488 693 1537 vulnerum,
728 1489 947 1540 sanguinis,
980 1501 1270 1538 supremorum.
1330 1500 1472 1556 quem-

96 1549 313 1588 admodum
344 1548 479 1588 sanari
512 1548 656 1587 debeat
688 1549 792 1588 alius
825 1561 957 1600 aeger,
988 1550 1090 1588 scire
1119 1562 1202 1587 non
1232 1549 1362 1599 possis
1394 1549 1474 1588 11131

98 1622 146 1648 ex
175 1609 338 1649 homine
369 1611 524 1648 sanato.
588 1608 714 1659 quid?
751 1609 859 1660 quod
890 1610 1032 1659 etiam,
1064 1610 1111 1648 ut
1141 1609 1248 1648 idem
1279 1609 1334 1648 sit
1363 1609 1472 1648 vale-

43 1684 79 1710 25
98 1669 251 1709 tudinis
283 1683 421 1722 genus,
452 1682 610 1709 necesse
643 1671 703 1709 est
732 1671 870 1709 tamen
896 1670 1067 1708 duorum
1098 1682 1311 1720 corporum
1342 1669 1472 1709 diver-

96 1731 216 1770 sitate
257 1731 447 1770 varietur.
509 1743 718 1780 nunquam
757 1732 801 1769 in
843 1730 985 1770 alienis
1026 1730 1246 1770 visceribus
1289 1731 1473 1770 invenias

95 1792 229 1830 totum
261 1790 370 1841 quod
400 1790 449 1829 de
481 1791 608 1830 altero
638 1803 820 1842 quaeras,
853 1794 893 1830 et-
924 1791 1030 1830 alius
1062 1792 1234 1843 languor
1264 1793 1337 1840 est,
1369 1792 1472 1830 alius

97 1864 227 1904 aeger.
290 1864 362 1890 0111·
391 1852 612 1890 maximum
642 1852 755 1891 nefas
787 1852 954 1892 alterius
991 1851 1067 1890 filii
1098 1852 1228 1892 salute
1264 1850 1474 1891 defendis?

96 1913 229 1961 homo,
259 1912 303 1950 in
330 1924 409 1962 quo
441 1911 529 1951 sola
560 1912 768 1962 quaeritur
793 1926 913 1952 eausa
944 1913 1164 1965 languoris,
1194 1915 1361 1964 propter
1391 1926 1471 1952 me-

196 2031 217 2062 2
243 2027 415 2063 0011301113
441 2038 533 2063 cm.
560 2039 605 2063 ex
629 2027 793 2063 0011111113
806 2027 853 2074 (2)
873 2034 910 2063 Β
1007 2027 1155 2073 4quid
1180 2028 1247 2064 del.
1269 2029 1375 2064 Dess.

100 2079 122 2110 5
145 2075 288 2111 rationi
311 2076 462 2122 scripsi·
489 2075 649 2111 rationis
674 2091 704 2110 ω
814 2076 917 2122 quod
942 2076 1011 2112 del.
1032 2077 1137 2112 Desa.
1257 2080 1276 2110 7
1304 2077 1363 2111 est
1388 2079 1474 2112 ante

98 2123 189 2159 huic
213 2129 242 2158 V
357 2128 379 2159 9
411 2123 484 2159 hac
516 2124 653 2160 adacia
678 2124 840 2160 audacia
866 2131 909 2169 P,
942 2124 1079 2160 edacia
1104 2124 1171 2161 del
1192 2136 1329 2161 manus
1354 2127 1377 2160 3

101 2175 146 2207 13
176 2183 290 2219 aeger
313 2171 533 2218 langoribus
558 2171 779 2208 humoribus
810 2180 838 2208 V
921 2177 965 2209 14
990 2183 1110 2209 nonas
1136 2179 1174 2208 Ρ
1258 2177 1301 2208 15
1327 2173 1473 2218 qualite

101 2221 170 2266 (—te
195 2222 238 2256 in
261 2222 350 2267 ras.)
375 2222 413 2256 B
497 2224 541 2256 17
569 2221 759 2268 contingit
782 2228 816 2257 1
900 2225 943 2257 18
973 2221 1079 2269 aegri
1104 2222 1197 2257 duo:
1226 2221 1425 2268 aegritudo
1451 2227 1480 2255 V

102 2272 147 2304 19
179 2280 307 2315 super:
335 2279 376 2305 se
400 2280 468 2315 per
494 2278 515 2304 ς·
618 2271 808 2316 expectes:
836 2270 1026 2316 inspectes
1051 2270 1156 2306 Dese.
1269 2273 1315 2304 20
1340 2270 1475 2316 potes}
1522 2292 1525 2295 -

101 2318 134 2363 (t
157 2319 221 2364 er.)
239 2323 291 2362 Βς
316 2319 445 2363 potest
471 2324 513 2352 Μ
631 2322 675 2354 21
702 2320 973 2355 consentanea:
1001 2318 1153 2354 conscia
1176 2324 1216 2362 J,
1250 2330 1342 2355 corr.
1363 2326 1377 2352 ι

102 2405 149 2437 24
173 2401 395 2438 valitudinis
421 2408 450 2437 v
542 2405 587 2438 26
614 2377 699 2438 affl}
724 2409 762 2438 11
858 2407 904 2439 28
928 2404 1021 2450 {cur
1045 2409 1074 2437 v

175 2468 389 2502 Qun-naun
408 2476 684 2497 nncnmnons
704 2471 750 2496 ed.
770 2470 795 2496 L
804 2478 820 2496 e
827 2471 848 2496 h
856 2478 877 2496 n
884 2477 900 2496 e
908 2472 950 2496 rt.
1012 2482 1018 2487 ·
1213 2467 1230 2498 1
1238 2467 1254 2497 1
