1638 2560
168 120 256 163 372
547 115 806 153 EXCERPTA
830 112 1161 151 MONACENSIA.

162 236 323 275 tenetur
346 233 497 283 infelix,
530 245 578 271 ne
605 232 752 271 veniat.
802 231 971 269 maritus
997 229 1055 268 sic
1079 228 1209 268 filium
1233 228 1409 279 inclusit,
1440 229 1546 268 tam-

165 309 287 347 quam
318 308 358 334 se
389 294 609 344 inquietari
639 293 769 331 mater
798 292 879 330 ista
904 291 1149 341 quereretur.
1210 289 1349 341 igitur,
1379 288 1545 339 iudices,

163 367 279 395 nemo
311 355 496 404 miretur,
537 355 572 393 si
597 353 648 392 ad
678 354 765 391 tam
796 351 1013 400 crudelem,
1046 350 1099 389 ad
1127 352 1215 390 tam
1244 350 1444 390 immitem
1473 361 1546 401 pa-

163 418 266 455 trem
298 415 440 454 umbra
470 427 551 453 non
581 414 703 453 venit.
760 411 923 461 sciebat,
954 410 1026 450 ubi
1049 412 1185 462 posset
1214 410 1396 450 invenire
1427 410 1547 451 lacri-

163 489 261 526 mas,
292 475 362 514 ubi
392 476 527 526 posset
557 474 737 513 invenire
773 472 984 524 singultus,
1018 485 1042 510 a
1075 484 1154 522 quo
1185 471 1323 523 magis
1346 470 1547 511 desidera·
1583 482 1601 510 5

163 538 283 576 retur.
345 549 440 574 nam
479 536 550 574 isti
589 535 763 574 ferreum
803 535 863 572 est
902 534 1042 583 pectus
1080 534 1121 571 et
1158 531 1260 571 dura
1298 531 1547 583 praecordia,

166 609 238 636 nec
269 598 363 636 sunt
394 596 442 635 de
475 596 647 635 orbitate
686 607 833 634 sensus.
897 593 995 644 quid
1027 594 1134 632 enim
1170 591 1388 632 immanius
1419 594 1546 644 patre.

164 657 319 697 invidet
343 658 477 706 matri,
509 670 559 695 ne
583 655 667 695 filio
693 656 904 703 frueretur,
936 666 1008 693 nec
1032 653 1124 694 ideo
1149 654 1258 704 fecit,
1290 654 1387 704 quia
1412 652 1547 693 videre

165 719 250 769 ipse
281 717 469 756 malebat.
526 729 607 755 non
637 717 746 767 patri
777 716 904 768 igitur
930 714 1152 766 apparebat
1181 715 1225 754 in
1256 725 1396 753 somno
1427 713 1547 765 filius,

166 792 190 817 a
223 791 301 828 quo
334 778 484 817 solacia
515 790 644 827 pauca
675 777 791 816 vivus
822 789 904 815 non
940 775 1155 826 habuerat,
1190 774 1260 815 sed
1290 773 1548 828 severitatem
1568 786 1603 813 ιο

166 841 206 878 et
249 838 528 877 crudelitatem
572 839 756 888 expertus
799 838 897 876 erat.
965 837 1088 876 matri
1130 837 1267 875 autem
1310 835 1464 875 sinibus
1508 837 1550 874 et

167 899 355 949 alloquiis
381 912 421 938 se
446 898 685 937 infundebat
708 910 862 937 memor
885 897 1178 936 blanditiarum
1202 897 1344 936 matris
1371 908 1550 947 comper-

166 961 301 999 tarum
325 961 369 998 in
394 961 490 999 vita.
540 960 623 998 iam
647 960 824 998 maerori
853 958 964 998 locus
989 970 1070 997 non
1097 959 1194 997 erat.
1249 957 1396 996 mulier
1419 956 1550 996 filium

167 1022 283 1060 nocte
314 1019 490 1070 videbat,
522 1020 586 1059 die
618 1019 808 1070 sperabat
836 1021 876 1057 et
907 1021 950 1057 in
982 1031 1051 1069 spe
1083 1031 1175 1058 mox
1206 1019 1370 1057 venturi
1398 1017 1549 1057 reficie-

166 1080 298 1119 batur.
354 1082 517 1130 misera,
549 1081 632 1119 iam
662 1079 820 1131 perdidi
851 1079 1055 1119 solacium.
1102 1080 1186 1118 iam
1217 1090 1428 1129 coeperam
1459 1090 1551 1118 cum
1570 1088 1604 1116 1⁵

169 1143 387 1191 apparente
406 1142 561 1191 iuvene,
580 1141 725 1180 marite
743 1140 926 1189 erudelis,
947 1153 1065 1192 agere
1084 1141 1199 1179 tuam
1217 1151 1381 1178 causam
1398 1139 1550 1190 ipsum-

168 1215 246 1252 que
271 1214 519 1253 rogaveram,
548 1203 594 1240 ut
618 1203 798 1252 paternis
825 1202 950 1240 oculis
976 1201 1107 1240 laetus
1140 1201 1364 1251 appareret,
1397 1201 1439 1239 et
1461 1199 1551 1248 tibi,

167 1261 336 1313 ingrate,
362 1262 530 1300 dimidia
555 1264 671 1301 nocte
701 1261 898 1301 cedebam.
954 1261 1038 1301 iam
1063 1262 1184 1301 miser
1215 1262 1256 1300 et
1285 1260 1355 1300 ille
1386 1260 1550 1311 pollice·

168 1322 298 1361 batur.
354 1323 453 1362 haec
483 1322 629 1361 fiducia
661 1323 768 1372 fecit,
800 1324 846 1360 ut
878 1321 1097 1361 confiterer.
1154 1334 1246 1374 ego,
1279 1321 1478 1371 siquidem
1507 1319 1552 1359 in

170 1382 233 1421 die
264 1383 372 1433 orba,
404 1384 502 1422 totis
533 1383 716 1423 noctibus
742 1384 873 1422 mater
898 1396 1019 1432 eram,
1051 1382 1250 1432 videbam,
1281 1381 1456 1421 fruebar.
1505 1382 1552 1420 tu
1571 1391 1607 1418 20

171 1444 305 1482 autem
347 1443 511 1483 affectus
548 1445 710 1494 paterni
750 1456 888 1494 expers
929 1443 1059 1482 filium
1095 1443 1232 1482 videre
1262 1441 1449 1482 timuisti.
1511 1443 1553 1481 et

170 1517 333 1555 magum
358 1506 494 1543 nescia
512 1506 641 1543 matre
667 1504 805 1543 adiens
831 1503 960 1543 filium
985 1505 1169 1543 nostrum
1194 1504 1334 1556 ligasti
1360 1504 1400 1542 et
1418 1504 1554 1554 ipsum

171 1564 395 1614 orphanum
432 1565 472 1603 et
502 1578 566 1603 me
606 1577 769 1615 prorsus
807 1565 972 1604 viduam
1010 1565 1187 1604 effecisti.
1249 1564 1336 1615 ipse
1366 1575 1553 1614 namque,

172 1636 262 1663 cum
293 1624 376 1663 dies
410 1625 618 1675 occideret,
653 1625 807 1664 solebat
837 1626 1042 1676 imponere
1067 1625 1187 1664 finem
1218 1625 1353 1674 morti,
1388 1623 1554 1663 domum

171 1686 350 1735 repetere
399 1687 439 1724 et
483 1687 710 1725 conversari
754 1699 844 1725 cum
887 1687 1027 1725 matre.
1083 1698 1190 1725 nune
1232 1687 1364 1724 mater
1407 1685 1555 1724 misera
1573 1693 1609 1720 2⁵

171 1745 332 1795 privata
368 1745 451 1784 filio
479 1746 659 1785 clausum
690 1747 892 1785 tumulum
923 1746 1040 1786 nudis
1067 1747 1200 1786 caedit
1224 1744 1426 1796 uberibus,
1456 1744 1556 1784 fletu

173 1805 357 1855 sepulcra
402 1806 625 1856 perfundit,
672 1808 825 1858 gemitu
871 1808 987 1857 quasi
1028 1807 1257 1846 audientem
1297 1805 1471 1846 forsitan
1514 1806 1556 1844 et

173 1866 279 1904 exire
313 1867 538 1916 cupientem
570 1867 719 1906 frustra
745 1869 864 1907 vocat
890 1869 1077 1907 animam.
1141 1881 1164 1907 o
1196 1868 1345 1907 natura
1370 1866 1563 1916 crudelis,-

173 1926 265 1976 plus
297 1927 340 1964 in
370 1926 499 1965 filium
530 1928 664 1977 potest
694 1940 836 1980 magus
869 1941 991 1978 quam
1015 1930 1156 1968 mater.
1219 1941 1242 1967 o
1274 1940 1392 1979 mage
1424 1939 1554 1976 saeve,

174 1986 357 2035 crudelis,
390 2000 459 2025 cur
483 1988 593 2026 istud
626 1989 940 2039 experimentum
971 1989 1258 2039 praeiudiciale
1283 1987 1428 2027 fecisti.
1484 2000 1555 2027 oro
1575 1996 1611 2023 80

174 2058 264 2085 cum
295 2047 489 2096 lacrimis,
522 2060 643 2087 evoca
675 2050 852 2087 animam
885 2062 1006 2099 quam
1038 2050 1210 2099 elusisti,
1246 2050 1292 2088 ut
1322 2049 1453 2100 magis
1486 2060 1556 2098 ap-

173 2119 314 2157 pareas
352 2109 631 2159 magisterium
661 2110 786 2147 tuum.
843 2110 967 2149 vultis
1000 2111 1100 2150 scire
1140 2110 1334 2160 quautam
1364 2109 1558 2148 iniuriam

174 2179 199 2205 a
241 2169 389 2206 marito
439 2181 539 2206 uxor
586 2171 792 2220 receperit.
868 2171 954 2209 sola
1003 2173 1134 2210 mater
1187 2170 1318 2209 filium
1367 2167 1556 2220 perdidit.

174 2228 323 2266 mirum
348 2224 559 2281 dictu[m]:
585 2231 700 2279 patre
727 2231 898 2280 utroque
925 2232 1138 2281 superstite
1157 2230 1288 2269 filium
1313 2230 1400 2269 sola
1426 2230 1557 2268 mater

177 2287 323 2327 amisit.
385 2289 594 2328 invidebat
630 2290 731 2328 mihi
762 2303 868 2329 mors
911 2291 1016 2341 quod
1055 2292 1218 2331 omnino
1255 2303 1391 2330 meum
1427 2289 1558 2329 filium
1577 2298 1611 2326 85

175 2361 256 2387 non
287 2348 464 2399 haberet,
497 2350 567 2389 sed
591 2346 760 2402 ipsa[m]
788 2364 861 2400 per
886 2351 1003 2400 diem,
1030 2364 1103 2403 ego
1129 2365 1201 2402 per
1225 2353 1395 2391 noctem.
1451 2362 1558 2389 nunc

177 2409 313 2448 autem
343 2410 490 2449 misera
522 2412 653 2449 mater
687 2424 849 2462 prorsus
888 2411 1030 2451 orbata
1060 2412 1144 2451 filio
1176 2424 1258 2451 non
1288 2412 1423 2462 potest
1452 2411 1558 2450 invi-
