1638 2560
171 119 255 162 168
713 114 998 152 GLAmATOR

168 246 310 272 manus
341 233 469 272 filium
500 233 729 283 displiceret
759 232 868 282 patri
893 243 981 269 meo
1013 229 1298 269 misericordia.
1349 229 1442 268 illas
1473 241 1539 268 ve-

170 294 286 333 rebar
316 294 443 345 magis
475 294 557 332 iam
588 306 669 332 non
705 293 851 331 tacitas
883 291 997 343 vulgi
1035 291 1243 341 opiniones
1276 289 1420 340 quibus
1452 302 1540 329 cru-

171 355 348 393 delitatis
399 356 519 403 atque
567 354 760 393 saevitiae
809 365 900 391 reus
950 364 1123 403 peragor
1173 351 1281 402 apud
1328 350 1541 401 plerosque

171 416 327 454 sanctos
360 415 400 452 et
431 427 571 466 graves
602 414 795 452 homines.
857 412 1035 451 nondum
1066 424 1253 451 excusare
1283 411 1402 462 potui
1432 410 1541 462 quod

170 475 398 525 redemptus
436 488 541 524 sum,
586 474 758 513 obicitur
795 474 895 511 mihi
939 473 1103 512 orbatus
1141 485 1260 512 senex
1298 473 1339 511 et
1368 471 1439 511 ille
1471 472 1542 522 qui
1579 483 1596 510 5

171 535 287 574 modo
320 535 431 574 salvo
463 535 546 573 filio
580 536 702 574 etiam
729 535 869 573 contra
900 533 1070 572 divitem
1095 534 1276 582 steterat,
1309 533 1469 572 amissis
1497 533 1541 581 in

170 608 248 634 uno
280 597 423 634 iuvene
456 595 638 634 omnibus
673 595 787 633 bonis
819 595 1006 633 inimicae
1039 594 1180 633 domus
1212 593 1390 644 supplex.
1446 593 1543 632 licet

171 657 277 694 enim
313 657 421 695 totas
460 656 699 695 advocemus
736 657 779 694 in
825 655 917 694 odia
961 655 1148 694 fortunae
1189 655 1295 694 vires
1335 655 1377 693 et
1417 667 1543 692 unum

172 717 352 768 egentem
384 729 517 755 senem
548 717 736 755 universa
767 717 923 767 gratiae
954 715 1060 754 mole
1095 715 1313 764 calcemus,
1351 713 1542 754 confiten—

172 777 266 815 dum
292 778 352 816 est
382 778 534 816 tamen:
565 777 657 827 plus
683 777 803 815 amici
828 777 1036 815 nocuimus
1070 789 1191 825 quam
1225 775 1392 815 inimici.
1444 775 1542 825 quin
1562 786 1597 813 ιο

171 839 258 887 ipsa
301 839 541 889 prorogatae
586 837 789 876 cotidiana
827 838 930 887 stipe
973 837 1147 876 infelicis
1186 837 1346 875 animae
1383 835 1544 875 videtur

172 898 463 947 quodammodo
502 899 681 950 maligna
719 898 941 936 clementia.
1006 897 1114 947 quod
1157 898 1264 936 enim
1307 895 1544 936 beneficium

173 960 232 997 est
269 958 440 1008 efficere,
484 960 530 997 ut
567 960 681 997 vivat
719 957 864 997 orbus?
927 972 1052 996 unum
1094 959 1232 996 tamen
1269 957 1334 996 vel
1378 957 1542 1009 gravius
1579 986 1583 989 »

173 1019 322 1057 crimen
364 1020 505 1058 infelix
548 1020 645 1058 haec
691 1019 955 1058 abdicationis
1000 1031 1112 1057 meae
1155 1019 1322 1057 fortuna
1364 1017 1545 1057 defendit

174 1079 279 1129 quod
298 1080 365 1117 vix
386 1080 436 1118 ad
456 1080 731 1119 sustinendum
751 1081 938 1130 spiritum
964 1079 1206 1118 sufficientes
1233 1079 1354 1128 cibos,
1378 1090 1543 1129 prorsus
1564 1089 1599 1116 15

173 1140 332 1178 tantum
369 1141 510 1179 mortis
546 1140 837 1190 inpedimenta,
876 1153 999 1179 avara
1036 1153 1160 1178 manu
1192 1140 1380 1179 dederim.
1442 1139 1542 1189 puto

172 1200 255 1238 iam
285 1201 499 1252 ignoscetis
532 1214 684 1250 omnes,
723 1202 757 1240 si
787 1201 877 1251 plus
909 1202 1115 1251 praestare
1146 1213 1228 1239 non
1265 1201 1382 1251 potui
1411 1199 1543 1239 invito

173 1261 298 1310 patre.

126 1319 149 1355 2
266 1319 528 1371 Quamquam,
559 1321 721 1371 iudices,
753 1321 935 1360 oboritur
967 1323 1100 1361 animo
1127 1335 1216 1361 meo
1241 1332 1546 1370 nonnumquam

175 1381 215 1418 et
244 1381 317 1419 illa
349 1382 520 1431 suspicio
549 1382 655 1431 quod
685 1383 843 1432 patrem
874 1396 954 1421 non
987 1383 1180 1421 alimenta
1211 1382 1283 1420 uni
1309 1382 1395 1421 seni
1424 1393 1544 1432 parce
1564 1393 1600 1419 20

173 1442 307 1480 vivere
352 1442 516 1481 adsueto
561 1455 632 1481 nec
675 1443 898 1482 liberaliter
942 1443 1037 1482 data
1080 1455 1152 1482 nec
1196 1443 1267 1481 diu
1311 1441 1461 1490 danda,
1502 1442 1546 1479 in

175 1501 365 1540 offensam
402 1515 531 1541 meam
570 1504 848 1553 compulerint.
912 1504 1154 1554 quantulum
1186 1504 1246 1542 est
1281 1503 1388 1541 enim
1419 1501 1546 1541 facul-

174 1562 326 1601 tatibus
366 1562 503 1602 divitis
543 1564 650 1612 quod
687 1564 759 1603 sub
797 1565 913 1614 patre
946 1577 1040 1603 sane
1078 1565 1213 1604 tenaci
1243 1563 1327 1602 filio
1365 1563 1546 1602 familiae

176 1621 381 1672 superest?
432 1636 477 1662 ac
509 1625 543 1662 si
574 1624 678 1662 foret
703 1626 832 1664 maius
865 1626 968 1664 forte
994 1626 1254 1674 momentum,
1288 1625 1377 1674 quis
1408 1625 1546 1662 tamen

175 1695 318 1732 parens
356 1684 440 1722 tam
473 1683 594 1724 durus
627 1686 704 1734 est,
741 1687 788 1723 ut
818 1687 983 1736 propter
1022 1686 1201 1736 aliquam
1238 1686 1450 1736 inpensam
1482 1696 1545 1724 ca·
1566 1694 1600 1722 25

175 1755 261 1781 rere
298 1743 381 1782 filio
413 1743 539 1782 velit?
600 1741 681 1796 <an
712 1744 840 1796 velit>
873 1747 980 1796 quod
1016 1747 1102 1797 ipse
1140 1746 1292 1785 celatus
1330 1745 1400 1795 sit,
1440 1743 1547 1795 quod

176 1816 257 1841 non
289 1816 381 1842 suae
413 1805 709 1844 misericordiae
740 1819 958 1856 pauperem
994 1808 1279 1856 commiserim,
1315 1819 1398 1845 non
1428 1817 1546 1856 roga-

176 1864 320 1913 verim,
364 1867 600 1914 praesertim
638 1867 708 1916 qui
747 1868 938 1916 quicquid
980 1881 1173 1917 umquam
1215 1867 1318 1918 petii
1355 1879 1379 1905 a
1418 1867 1547 1916 patre,

177 1923 365 1962 exoravi?
416 1925 483 1963 sed
514 1939 642 1975 neque
673 1927 770 1966 haec
802 1928 945 1966 ultimo
978 1928 1146 1967 fulmine
1175 1928 1368 1979 castigari
1398 1926 1548 1965 meruit

275 2079 292 2110 1
322 2075 525 2121 dispiceret
550 2083 595 2121 B,
621 2077 635 2112 l
660 2089 759 2123 supr.
787 2079 849 2114 sed
875 2091 922 2114 er.
944 2086 967 2113 ιι
1066 2083 1086 2114 3
1118 2078 1178 2115 vel
1203 2078 1244 2114 in
1269 2077 1373 2124 apud
1399 2077 1450 2113 sit
1473 2077 1548 2112 ini—

176 2123 273 2159 tium
299 2134 427 2159 versus
452 2139 494 2159 m
518 2127 561 2161 in
579 2137 692 2173 mary.
775 2130 795 2161 5
822 2127 976 2173 redemp
1003 2134 1030 2162 V
1106 2131 1124 2162 7
1153 2127 1286 2173 suplex
1310 2133 1348 2162 B
1431 2129 1452 2161 8
1479 2125 1546 2160 ad-

176 2182 351 2208 vocemus
370 2173 472 2208 totas
492 2182 512 2216 β
578 2177 605 2209 -9
633 2185 760 2210 senem
779 2186 846 2211 om.
866 2184 893 2210 (r
958 2179 1002 2211 10
1027 2177 1158 2211 tamen
1183 2176 1241 2211 est
1265 2181 1294 2210 V
1349 2173 1546 2210 nocuimus

176 2220 262 2266 plus
289 2221 403 2256 amici
429 2230 447 2263 β
569 2222 677 2267 quin:
711 2223 777 2268 qui
808 2223 848 2258 in
874 2230 955 2269 BV3
991 2224 1171 2270 quoniam
1197 2230 1247 2268 1³3
1283 2233 1398 2268 quam
1423 2229 1450 2257 S

179 2272 222 2304 11
254 2270 460 2315 prorogata
485 2276 528 2304 M
646 2271 856 2321 cotidianass
883 2279 920 2306 Β
1038 2273 1137 2318 stipe
1152 2293 1196 2299 —-
1211 2271 1382 2318 maligna
1412 2282 1479 2306 om.
1505 2277 1546 2315 J,

177 2316 263 2353 add.
284 2325 299 2352 i
386 2321 429 2353 12
456 2318 558 2365 quod
583 2319 632 2353 ad
658 2319 769 2355 modo
795 2326 832 2354 Β
924 2324 967 2356 15
995 2320 1218 2357 sufficientis
1243 2326 1313 2355 BV
1400 2323 1444 2355 22
1472 2320 1545 2355 est:

179 2365 287 2401 abest
306 2366 380 2402 Bu.
457 2370 501 2401 26
528 2377 577 2402 an
595 2367 688 2402 velit
713 2368 798 2404 add.
820 2369 944 2413 Dess.;
970 2381 1038 2405 om.
1059 2384 1088 2404 ω
1162 2373 1208 2405 28
1235 2368 1301 2414 qui
1323 2379 1391 2404 om.
1411 2373 1480 2403 VM

176 2406 272 2464 peti‡
297 2420 334 2449 B
430 2418 474 2450 29
501 2414 654 2451 flumine
681 2422 723 2450 M
746 2416 818 2462 (vel
844 2416 1002 2453 fulmine
1027 2420 1082 2464 m)
