1638 2560
187 115 272 158 122
624 111 860 149 CORPORIS
885 109 1114 146 PROIEGTI

185 231 449 278 consecutum,
483 227 678 278 quomodo
711 228 840 278 legem
870 225 1105 276 intellegere
1137 224 1364 274 conveniat,
1398 223 1555 264 subter-

156 321 163 327 .
184 291 292 342 fugit
316 290 456 339 dicere,
488 301 615 339 neque
642 301 665 326 a
689 287 861 338 vestigio
888 285 1029 336 scripti
1059 284 1221 335 recedit,
1253 284 1324 324 sed
1353 283 1463 324 nuda
1492 297 1554 324 re-

186 350 376 390 citatione
407 350 596 388 contenta
627 350 699 388 est.
749 360 820 386 nos
846 359 974 397 neque
1001 345 1186 385 omnibus
1217 345 1399 396 personis
1425 358 1554 396 neque

186 411 369 451 omnibus
405 410 531 448 caecis
570 408 762 458 scriptam
793 420 876 446 esse
908 407 1058 458 legem,
1096 408 1138 445 et
1167 406 1306 446 iuveni
1342 406 1470 446 iustas
1508 418 1555 446 ac

185 471 425 510 necessarias
457 469 666 508 recedendi
697 480 837 508 causas
870 469 928 517 et,
961 466 1025 506 cui
1062 466 1122 505 rei
1159 479 1316 518 semper
1351 467 1416 506 ius
1454 466 1553 506 satis
1592 480 1608 507 5

184 532 346 582 plenum
378 532 448 580 est,
480 530 629 569 bonum
661 529 839 568 animum
864 528 1002 577 fuisse,
1034 528 1238 578 postremo
1263 540 1345 567 non
1369 527 1445 567 hoc
1469 538 1554 566 esse

185 592 361 631 deserere
390 590 678 639 contendimus,
709 591 832 640 atque
859 601 904 628 eo
931 601 1093 627 causam
1117 587 1372 638 dimittimus,
1402 590 1450 627 ut
1473 599 1556 627 non

184 653 237 691 sit
280 651 544 690 absolvendus
588 650 839 699 adulescens,
882 649 962 687 nisi
1006 649 1130 687 etiam
1172 648 1412 688 laudandus.
1485 648 1556 698 qui

183 714 317 751 autem
349 711 524 760 dubitat,
563 723 615 749 an
647 711 787 761 scripti
818 709 1074 749 voluntatem
1105 708 1219 760 sequi
1250 709 1482 758 conveniat,
1519 709 1554 748 is

182 773 282 811 mihi
309 773 469 812 videtur
500 771 777 822 quaestionem
807 772 1006 821 temptare
1037 770 1213 809 incertus
1246 782 1327 820 qua
1358 769 1407 809 de
1438 782 1493 808 re.
1575 783 1610 811 10

271 833 366 871 Ideo
398 832 588 882 pauciora
619 832 790 870 adiciam
821 831 928 882 quod
959 830 1076 870 nobis
1107 843 1280 881 quoque,
1311 830 1347 869 si
1373 831 1433 869 ita
1463 842 1553 881 per-

183 894 296 945 gitis,
335 892 489 932 adferet
520 892 725 942 quandam
756 892 1058 931 cavillationem
1089 891 1168 930 ista
1200 891 1395 930 sermonis
1428 890 1555 930 ambi-

184 954 328 1006 gustas,
361 966 406 992 ac
431 953 559 992 videri
589 954 766 1003 potuerit
792 964 950 991 omnem
977 952 1176 991 actionem
1206 952 1336 1002 partis
1363 951 1554 991 adversae

182 1015 314 1081 prima
346 1013 484 1053 statim
515 1013 750 1052 recitatione
786 1013 1028 1052 subvertere.
1091 1026 1187 1051 nam
1218 1013 1284 1051 lex
1314 1025 1406 1052 cum
1437 1011 1554 1051 dicit.

184 1074 266 1125 qui
308 1075 536 1124 parentes
580 1074 628 1112 in
672 1074 957 1113 calamitate
1001 1073 1293 1123 deseruerit,
1336 1084 1553 1123 rursusque
1574 1086 1608 1114 15

185 1147 274 1174 cum
305 1134 418 1173 dicit:
455 1134 734 1185 insepultus
768 1134 1032 1183 abiciatur,
1070 1147 1151 1173 non
1182 1134 1323 1184 utique
1354 1133 1398 1172 id
1429 1134 1554 1185 signi-

183 1194 294 1244 ficat,
325 1196 372 1233 ut
403 1208 482 1234 non
513 1194 635 1234 liceat
666 1208 757 1234 eum
788 1194 965 1245 sepeliri,
997 1196 1213 1262 postquam
1243 1195 1449 1245 proiectus
1481 1195 1554 1233 est.

184 1269 305 1305 quare
351 1257 421 1294 aut
462 1255 561 1294 mihi
606 1268 763 1306 quoque
806 1255 1029 1305 permittite
1073 1255 1129 1294 sic
1174 1268 1310 1307 agere,
1354 1254 1554 1306 quomodo

183 1316 287 1364 volo,
319 1317 402 1365 aut,
434 1316 540 1365 quod
570 1315 699 1368 magis
725 1318 900 1355 vestram
925 1316 1161 1367 religionem
1187 1315 1313 1366 decet,
1344 1315 1556 1368 indignam

184 1375 443 1415 sanctissimis
476 1376 638 1416 auribus
664 1376 876 1416 verborum
907 1377 1135 1426 captionem
1161 1388 1207 1415 ex
1231 1378 1405 1427 utraque
1436 1377 1554 1426 parte
1573 1389 1609 1416 20

183 1436 399 1487 praecidite
438 1438 495 1486 et,
540 1449 631 1475 cum
673 1436 803 1476 filium
840 1437 1056 1489 singularis
1101 1436 1274 1488 exempli
1318 1436 1554 1487 probavero,

184 1497 343 1535 fortiter
375 1496 536 1546 sentite,
574 1497 728 1536 nullam
760 1510 939 1548 unquam
971 1510 994 1536 a
1026 1497 1247 1536 maioribus
1279 1497 1428 1537 nostris
1459 1509 1555 1548 poe-

184 1569 278 1595 nam
309 1557 499 1606 scriptam
531 1569 614 1596 esse
645 1558 800 1607 pietati.
1107 1592 1119 1609 ,ς

115 1616 165 1652 13
273 1617 408 1667 Atque
439 1618 481 1655 in
514 1631 559 1657 eo
593 1618 700 1668 quod
731 1619 906 1668 primum
937 1631 1224 1669 proposueram
1255 1631 1337 1658 non
1369 1617 1421 1657 ad
1451 1618 1556 1658 hanc

184 1689 269 1715 rem
299 1678 498 1728 pertinere
530 1678 670 1729 legem,
701 1692 782 1718 non
813 1679 882 1717 diu
913 1679 1114 1729 versabor,
1146 1692 1275 1730 neque
1301 1678 1554 1718 dubitatione
1575 1692 1610 1720 25

186 1749 307 1787 quam
338 1750 417 1776 non
448 1737 585 1788 habet,
625 1739 802 1777 adferam
835 1752 1001 1779 moram.
1064 1753 1194 1790 neque
1227 1740 1334 1779 enim
1364 1741 1482 1790 puto,
1521 1739 1557 1779 si

186 1799 297 1837 aetas
333 1798 512 1847 inpediet
551 1799 766 1849 infantem,
803 1800 994 1839 valetudo
1034 1813 1219 1852 aegrum,
1261 1813 1325 1840 res
1363 1800 1557 1852 legatum,

185 1857 265 1896 dux
295 1858 477 1907 militem,
508 1858 767 1898 nihilominus
800 1860 993 1899 obstricta
1024 1861 1240 1900 crudelitas
1273 1873 1355 1900 non
1386 1861 1557 1911 accipiet

283 1978 301 2008 1
330 1974 510 2009 convenia
537 1983 556 2016 β
636 1979 656 2009 2
681 1975 788 2010 nulla
819 1982 847 2009 Υ
921 1979 942 2011 8
969 1976 1054 2021 quis
1080 1983 1173 2011 ΒΥσ
1249 1975 1555 2023 qui—incertus

186 2022 207 2057 l.
230 2025 278 2058 10
303 2033 370 2058 om.
392 2028 441 2066 M,
468 2021 553 2058 add.
575 2023 617 2057 in
641 2035 756 2069 mary.
777 2038 819 2058 m
930 2028 950 2059 9
978 2035 1026 2059 an
1052 2036 1119 2061 om.
1141 2031 1211 2060 BV
1318 2028 1362 2060 10
1387 2024 1555 2060 videtur:

183 2070 312 2105 videre
338 2079 358 2112 β
445 2074 487 2105 12
516 2070 680 2106 adferret
700 2080 727 2106 «r
809 2073 1000 2117 quandam
1025 2085 1070 2109 ex
1096 2073 1287 2119 quendam
1311 2079 1349 2108 B
1422 2076 1466 2108 13
1494 2083 1554 2109 ac:

184 2117 282 2154 hanc
306 2124 359 2162 153
395 2129 461 2154 om.
485 2125 534 2163 Μ,
559 2131 660 2165 supr.
680 2134 722 2154 m
819 2120 960 2165 poterit
992 2129 1040 2164 βσ
1133 2133 1221 2168 pars
1254 2122 1413 2157 adversa
1437 2127 1466 2156 Υ

187 2169 232 2202 14
257 2166 525 2202 retractatione
543 2173 622 2202 ΒΜ
645 2167 718 2213 (vel
743 2168 967 2205 recitatione
992 2171 1047 2216 m)
1138 2174 1181 2206 15
1209 2169 1333 2216 qui—
1349 2169 1445 2206 dicit
1469 2170 1557 2206 l.16

185 2225 252 2251 om.
280 2221 308 2250 V
413 2218 456 2250 17
483 2226 569 2250 eum
594 2227 662 2252 om.
684 2224 711 2250 (r
821 2220 863 2252 18
891 2219 1019 2253 autem
1044 2224 1114 2253 ΒΥ
1217 2218 1446 2264 permittite.
1471 2228 1556 2264 per-

184 2263 307 2299 mittit
331 2264 370 2299 et
393 2269 464 2298 BV
581 2267 624 2298 19
651 2264 850 2310 indignam
875 2276 941 2301 om.
969 2272 997 2300 Υ
1114 2270 1157 2301 21
1191 2266 1410 2322 praecedite
1436 2274 1464 2301 tr

185 2311 255 2347 filii
275 2318 319 2347 Μ
387 2311 561 2358 exempla
588 2312 659 2358 (vel
685 2312 804 2347 filium
825 2313 1027 2359 singularis
1055 2315 1218 2360 exempli
1243 2315 1285 2350 in
1304 2326 1420 2362 mary.
1441 2316 1496 2361 m)
1517 2319 1562 2350 Μ

185 2363 232 2395 24
258 2361 300 2396 at
325 2369 344 2403 β
454 2363 499 2395 25
527 2360 806 2396 dubitationem
831 2367 901 2396 ΒΥ
1012 2366 1056 2398 26
1082 2363 1227 2398 habent
1251 2369 1379 2408 ΒΥβσς
1405 2362 1556 2399 habetis

185 2409 290 2445 Dese.
391 2412 434 2444 27
462 2408 650 2454 impediat
675 2418 694 2451 β
790 2409 962 2445 valitudo
989 2417 1032 2445 Μ
