1638 2560
159 382 184 418 9

211 87 269 130 96
659 83 826 121 AEGER
850 81 1148 119 REDEMPTVS

207 201 409 241 adfectum
440 200 570 250 debes,
601 199 663 244 sin
693 198 836 248 minus,
868 196 1106 237 necessitate
1138 196 1388 246 servitutem,
1422 195 1579 247 patien-

206 262 317 301 tiam.
379 274 459 300 non
502 262 712 311 tamquam
755 261 872 309 pater
916 258 1040 296 alitur
1085 257 1154 308 qui
1196 258 1406 307 tamquam
1451 256 1579 296 bonus

208 323 376 360 amatur.

302 381 473 432 Sepone,
495 380 684 432 iuvenis,
724 379 837 418 differ
875 378 1075 428 querelas,
1114 379 1211 416 tunc
1243 377 1446 428 irasceris,
1481 378 1580 417 tunc

209 442 354 481 obicies
385 441 496 491 mihi,
528 453 618 479 cum
649 439 995 490 prosperitatium,
1029 451 1119 477 cum
1151 436 1415 477 secundorum
1446 437 1580 477 officia
1617 451 1634 478 5

207 502 430 552 deposcam.
491 513 572 540 non
608 501 703 539 talis
743 500 794 538 ad
831 501 902 538 tua
940 512 1072 550 genua
1109 498 1337 549 provolvor,
1375 499 1422 537 ut
1459 499 1580 538 aesti-

206 562 374 600 mandus
407 563 491 600 sim.
555 561 658 599 nulli
688 561 819 599 malus
852 562 912 600 est
942 561 1071 611 pater,
1109 571 1200 598 cum
1232 571 1316 598 esse
1356 559 1490 609 coepit
1519 559 1579 597 in-

206 622 311 662 felix,
375 622 520 672 aspicis
553 621 773 671 collapsum
805 622 845 660 et
876 634 923 659 ex
955 621 1064 659 omni
1101 619 1398 659 calamitatium
1435 632 1579 671 genere

206 684 396 721 miserum
427 683 478 732 et,
510 681 619 720 ultra
651 681 758 731 quod
790 680 1056 720 accidentium
1087 692 1274 719 mensura
1305 692 1386 719 non
1412 681 1505 730 exit,
1536 681 1580 718 in

208 741 378 781 orbitate
398 742 635 790 mendicum.
686 741 792 793 riget
817 741 993 792 squalidi
1019 741 1164 791 capitis
1187 741 1373 780 concreta
1399 741 1579 791 canitieS,
1599 754 1634 780 10

206 804 322 854 vigor
351 802 514 853 pristini
544 803 681 841 vultus
706 802 845 841 vacuis
877 801 1097 840 luminibus
1129 800 1317 850 intabuit,
1350 802 1391 840 et
1413 814 1486 852 per
1511 801 1579 840 ob-

207 862 403 902 stantium
434 862 603 902 crinium
640 862 834 902 inluviem
871 862 1004 901 tenuis
1043 861 1240 901 arentium
1279 862 1411 901 iactus
1445 861 1579 901 oculo-

206 937 306 961 rum.
368 923 506 962 haeret
544 923 737 962 adstricta
775 923 938 962 nudatis
977 922 1130 962 ossibus
1168 922 1271 961 cutis
1309 923 1350 961 et
1390 922 1432 961 in
1473 922 1578 962 fame

208 995 282 1022 sua
311 983 470 1022 homine
500 985 746 1034 consumpto,
777 984 859 1022 iam
885 983 1063 1022 membra
1090 984 1173 1022 sine
1199 995 1376 1034 corpore.
1426 981 1580 1022 Iterum

206 1043 332 1082 bonus
365 1056 462 1082 sum.
513 1043 555 1081 in
587 1043 800 1094 pristinam
831 1043 1066 1095 religionem
1099 1044 1147 1082 de
1181 1043 1474 1083 calamitatium
1506 1043 1577 1083 ho·
1598 1056 1632 1083 15

207 1116 303 1142 nore
343 1104 544 1142 restituor.
608 1104 758 1143 adeone
799 1117 880 1144 non
919 1104 1069 1143 habent
1108 1104 1207 1143 haec
1247 1104 1336 1155 ipsa
1378 1104 1578 1155 supplicia

207 1175 374 1214 poenas,
407 1163 512 1214 quod
543 1177 680 1214 posco,
714 1164 820 1215 quod
851 1177 967 1216 rogo,
1001 1165 1107 1215 quod
1143 1164 1350 1204 mendicus
1382 1177 1473 1203 sum
1503 1163 1578 1203 filii

206 1222 313 1262 mei?
363 1225 404 1262 et
435 1226 603 1274 quanta,
635 1224 690 1263 dii
722 1225 915 1275 deaeque,
946 1239 1026 1264 non
1058 1226 1229 1276 possunt
1252 1238 1326 1276 pro
1357 1223 1472 1264 nobis
1503 1225 1578 1263 im-

207 1285 364 1334 petrare
407 1283 544 1335 leges?
606 1286 757 1335 quanto
796 1286 914 1335 plura
952 1287 1046 1324 sunt
1085 1298 1186 1336 quae
1227 1286 1446 1337 negantur,
1488 1298 1578 1325 cum

206 1346 414 1395 praestant
457 1343 605 1383 inviti?
664 1358 744 1384 non
789 1346 922 1398 exigo,
967 1347 1013 1384 ut
1049 1347 1131 1385 tuis
1171 1347 1357 1386 manibus
1387 1347 1577 1396 porriyas
1598 1358 1633 1385 20

207 1405 328 1450 cibos,
359 1407 403 1443 ut
434 1405 663 1455 consoleris,
696 1407 742 1444 ut
771 1408 926 1455 foveas:
949 1409 1085 1455 proice
1117 1407 1224 1457 quod
1256 1408 1434 1456 rapiam,
1467 1406 1578 1445 abice

208 1465 315 1514 quod
351 1465 548 1516 colligam.
612 1478 736 1517 genus
768 1467 935 1506 ultionis
968 1468 1028 1506 est
1058 1480 1238 1518 pascere,
1277 1479 1349 1506 nec
1386 1466 1577 1506 misereri.

209 1525 243 1563 si
273 1526 427 1574 tamen,
465 1526 635 1576 iudices,
674 1527 735 1564 fas
768 1529 828 1566 est
858 1528 1080 1578 impietatis
1111 1528 1229 1567 huius
1262 1527 1367 1567 ullas
1400 1528 1578 1579 accipere

210 1596 367 1634 causas,
405 1587 445 1624 et
475 1585 603 1623 filium
636 1586 704 1636 qui
736 1600 816 1626 non
849 1588 940 1639 alit,
979 1588 1133 1639 putatis
1165 1587 1329 1627 reddere
1367 1600 1484 1638 posse
1515 1601 1577 1626 ra-

208 1645 376 1694 tionem,
415 1645 623 1684 aestimate
655 1660 726 1696 per
762 1647 882 1686 fidem
914 1648 1020 1698 quod
1053 1649 1106 1687 sit
1143 1649 1299 1688 facinus
1331 1648 1434 1687 illud
1466 1649 1577 1688 cuius
1597 1660 1632 1687 25

208 1705 403 1743 ultionem
440 1705 582 1744 debeat
620 1707 775 1758 exigere
813 1708 943 1758 aliqui
981 1708 1028 1747 de
1066 1709 1172 1748 fame
1209 1710 1350 1759 patris.
1414 1710 1579 1760 captum

208 1777 290 1814 me,
320 1764 471 1815 inquit,
502 1779 582 1804 non
613 1767 827 1806 redemisti.
892 1770 980 1818 quis
1011 1782 1091 1808 non
1122 1771 1238 1820 putet
1270 1770 1384 1820 queri
1415 1769 1463 1808 de
1494 1769 1578 1808 filio

208 1823 393 1874 patrem?
454 1838 744 1876 quemquamne
777 1828 974 1868 dicentem
1005 1830 1149 1869 feram:
1186 1826 1304 1869 enihil
1335 1829 1411 1868 tibi
1442 1829 1577 1881 debeo,

307 1918 325 1950 1
352 1916 616 1951 necessitatem
640 1923 696 1961 M,
728 1917 789 1953 vel
814 1919 1038 1955 necessitate
1063 1932 1163 1966 supr.
1184 1935 1226 1956 m
1349 1924 1369 1956 2
1397 1919 1509 1956 aliter
1534 1927 1579 1965 P,

209 1974 300 1999 corr.
319 1978 347 2004 p
445 1968 465 1999 5
491 1965 785 2010 prosperitatum
816 1973 867 2001 tir
960 1979 1061 2004 cum:
1090 1975 1110 2004 e
1135 1976 1171 2004 Ρ
1259 1969 1510 2007 secundorum
1535 1980 1580 2005 ex

209 2011 421 2047 seculorum
444 2019 496 2056 B3
523 2012 733 2049 seculorum
760 2023 778 2056 β
852 2017 873 2050 8
900 2015 1162 2053 calamitatum
1186 2024 1279 2053 VM&
1350 2021 1370 2053 9
1398 2017 1580 2053 acceden-

208 2059 305 2095 tium
335 2066 364 2094 V
459 2064 500 2095 11
535 2060 767 2097 obstantiam
791 2069 828 2097 B
926 2068 968 2099 12
1002 2065 1179 2101 crinium:
1212 2066 1226 2101 i
1253 2067 1409 2102 alterum
1437 2067 1480 2102 ἐπ
1504 2077 1578 2102 ras.

208 2109 234 2143 2
253 2108 320 2143 litt.
341 2114 393 2153 B3
421 2111 617 2153 criminum
645 2110 803 2145 crinium
835 2117 864 2146 V
951 2117 994 2148 14
1021 2116 1245 2160 consumpta
1270 2121 1308 2150 B
1406 2118 1449 2150 15
1476 2114 1579 2150 cala-

208 2155 386 2191 mitatum
416 2162 468 2191 Ver
543 2157 695 2193 horrore
719 2167 770 2200 γᾶ
841 2163 885 2195 18
912 2163 1056 2206 quanta
1081 2169 1195 2205 BMy:
1223 2173 1339 2209 quam
1363 2162 1485 2198 multa
1509 2169 1583 2206 Ψβά

465 2202 482 2226 ψ
773 2208 794 2228 Ν

209 2231 255 2263 20
286 2229 484 2275 praestant
507 2235 559 2273 B3
595 2232 793 2275 praestant
823 2238 851 2265 V
950 2236 994 2268 20
1010 2245 1062 2279 sq.
1090 2235 1199 2270 verba
1225 2236 1356 2272 litteris
1386 2235 1580 2273 imlinatis

208 2280 365 2312 exarata
389 2278 431 2313 in
456 2288 528 2313 ras.
549 2284 587 2312 Β
687 2279 861 2315 manibus
888 2281 1016 2327 exigas
1043 2283 1216 2330 porrigas
1241 2290 1274 2319 J
1379 2287 1424 2319 23
1450 2285 1578 2319 tamen

209 2335 276 2379 om.
297 2331 341 2369 P,
367 2336 468 2370 supr.
486 2340 515 2365 p
613 2330 657 2361 25
685 2326 749 2363 sit:
777 2327 809 2362 si
835 2337 862 2363 «r
956 2333 999 2365 26
1027 2330 1171 2366 ultione
1197 2340 1224 2366 cr
1307 2331 1428 2378 aliqui
1453 2333 1577 2369 Desa:

210 2372 357 2418 ahquid
382 2379 509 2418 Βνβσς
540 2373 679 2419 aliquis
705 2381 767 2417 My
864 2380 909 2412 28
936 2377 1055 2413 feram
1081 2390 1125 2414 ex
1149 2379 1228 2415 fero
1254 2384 1298 2416 ut
1321 2380 1468 2416 videtur
1492 2386 1535 2415 Μ
