1638 2560
506 88 825 126 DECLAMATIO
851 89 903 126 VI
922 93 1051 126 e-io.
1386 90 1473 134 119

93 203 369 245 erudelissimo
402 203 566 244 Siciliae
595 200 803 257 tyranno,]
834 217 942 244 mors
973 205 1029 244 sit
1059 206 1290 244 extremum.
1343 201 1474 258 [quod

94 265 259 317 quidem
283 277 377 305 cum
393 265 635 316 permissum
652 279 734 305 non
753 267 869 315 esset,
893 265 1189 316 pernoctabant
1207 268 1302 305 ante
1322 266 1473 306 ostium

94 327 264 366 carceris
303 325 435 377 pretio
477 325 720 366 redimentes
764 326 986 377 sepeliendi
1025 328 1281 377 potestatem.
1345 326 1470 378 quid?

91 386 258 427 tandem
286 386 364 426 hoc
392 385 553 426 Marcus
583 386 754 436 Tullius,
784 389 922 438 patres
952 389 1196 438 matresque,
1227 383 1470 441 promeruit]

55 459 75 486 ⁵
92 449 141 486 tu
163 446 291 487 vende
322 447 468 486 saltem
493 447 603 498 quod
626 447 700 486 sub
726 447 853 486 Verre
878 447 1199 487 crudelissimum
1223 448 1313 487 fuit.
1364 449 1471 488 certe

91 520 167 560 ego
202 506 334 547 filium
369 507 584 558 redimam,
621 521 694 547 nec
730 508 833 547 mihi
868 508 1045 559 pretium
1086 508 1157 547 diu
1195 509 1472 559 quaerendum

91 570 170 609 est:
199 567 329 608 habeo
353 581 508 608 manus.
551 569 655 607 nihil
680 569 855 608 moveris
879 582 988 609 nunc
1013 571 1055 608 et
1079 568 1331 609 debilitatem
1354 571 1471 609 tuam

89 629 228 669 iactas.

181 688 396 742 Singulare
433 690 594 729 feminis
632 690 859 740 exemplum
897 689 1055 730 ostendi
1091 691 1329 741 narrarique
1367 691 1470 731 desi-

36 763 73 790 ιο
91 749 225 790 daras:
256 751 508 802 sepulturam
538 750 614 789 filii
644 752 817 790 maritus
843 763 868 790 a
898 753 940 791 te
965 751 1183 802 impetrare
1209 764 1292 790 non
1321 753 1468 802 potuit.

90 810 194 850 vade
223 810 406 861 hercule,
443 812 479 850 si
510 811 628 861 libet,
666 813 707 850 et
738 824 882 862 corpus
913 813 956 851 in
993 811 1139 851 fluctus
1170 813 1332 863 repelle.
1395 815 1471 852 aut

90 872 126 910 si
154 883 302 923 parum
332 871 479 911 celebri
509 872 598 911 loco
630 871 791 912 videtur
822 872 1042 922 abiectum,
1078 873 1185 912 inice
1218 886 1384 913 manum
1416 875 1469 925 et,

89 945 141 971 ne
169 933 306 972 minus
336 934 378 972 te
409 933 533 972 safiet
563 932 743 972 alienum
773 933 1058 983 ministerium,
1088 934 1179 984 ipsa
1209 934 1470 984 potissimum

87 992 216 1032 trahe.
279 993 449 1032 alteram
478 1006 645 1032 manum
675 993 862 1033 cadaveri
900 994 1080 1044 impone,
1118 994 1249 1034 altera
1280 994 1356 1034 duc
1389 1008 1469 1045 qua

35 1066 70 1093 ιε
89 1053 457 1121 fiequentissimum
483 1055 586 1093 rotis
616 1054 696 1093 iter
726 1057 788 1094 est
820 1056 860 1094 et
884 1055 1002 1107 nigra
1032 1055 1131 1094 lim0
1157 1054 1235 1094 via.
1285 1057 1470 1106 proterat

87 1114 283 1153 miserum
319 1116 509 1154 onustum
539 1115 772 1154 vehiculum
810 1117 851 1154 et
887 1116 1187 1155 sanctissimum
1223 1118 1364 1166 pectus
1395 1130 1469 1155 un—

88 1174 208 1227 gulae
249 1177 452 1226 rumpant.
523 1176 614 1226 ipsa
657 1177 852 1226 quoniam
896 1175 1087 1216 defeceris
1131 1176 1279 1226 oculis,
1323 1177 1470 1216 elisum

87 1236 212 1286 caput
253 1237 295 1274 et
338 1248 529 1287 oppressa
578 1236 822 1287 ponderibus
868 1237 1105 1288 praecordia
1154 1237 1341 1277 manibus
1385 1237 1468 1277 tuis

86 1297 310 1346 pertracta,
348 1297 384 1336 si
414 1297 578 1348 quidem
607 1298 698 1337 isfis
733 1297 901 1347 audeas,
939 1299 1064 1336 etiam
1096 1297 1284 1337 dentibus
1320 1298 1467 1338 lacera.

33 1369 70 1396 ιο
87 1356 317 1408 litigamus,
348 1358 623 1408 consistimus,
660 1357 704 1396 in
736 1357 939 1397 diversum
971 1358 1139 1397 abimus.
1200 1371 1344 1409 nempe
1376 1372 1468 1398 cum

86 1417 243 1467 viceris,
275 1419 411 1457 omnia
440 1418 557 1469 paria
587 1418 824 1458 habebimus
854 1420 1016 1469 praeter
1047 1418 1238 1457 animum.
1294 1433 1376 1458 non
1407 1432 1468 1459 se·

85 1476 241 1528 pelies?
282 1477 387 1527 vide,
407 1492 569 1530 quaeso,
588 1479 693 1529 vide,
719 1492 781 1529 ne,
807 1479 904 1518 dum
930 1480 1082 1531 litigas,
1100 1479 1295 1519 harenam
1318 1480 1467 1519 fluctus

87 1540 272 1590 aggeret,
320 1539 463 1578 iniciat
510 1539 677 1578 humum
720 1539 946 1580 misericors
995 1540 1184 1591 populus.
1253 1540 1388 1591 obsta,
1433 1541 1469 1580 si

88 1600 202 1638 cuius
233 1599 448 1639 clementia
478 1600 682 1639 tumulum
712 1600 871 1651 fecerit,
902 1600 1041 1652 effode,
1074 1602 1126 1651 et,
1157 1613 1251 1640 cum
1281 1602 1379 1641 talis
1411 1602 1467 1642 sis

32 1672 70 1699 25
87 1661 230 1709 mater,
261 1659 364 1699 aude
394 1659 599 1712 indignari
625 1662 666 1700 et
696 1661 893 1700 exclama:
927 1657 1073 1713 ‘magis
1100 1662 1254 1701 amavit
1277 1659 1463 1713 patrem.’

88 1732 223 1759 cruces
261 1720 532 1771 succiduntur,
568 1733 777 1772 percussos
813 1722 977 1772 sepeliri
1014 1722 1193 1761 carnifex
1227 1735 1308 1762 non
1339 1725 1465 1773 vetat,

85 1780 167 1831 ipsi
196 1781 356 1831 piratae
387 1781 491 1820 nihil
522 1782 695 1833 amplius
728 1795 850 1833 quam
880 1784 1095 1833 proiciunt.

178 1841 322 1890 Mater,
359 1855 607 1893 quamquam
636 1843 711 1882 hoc
742 1855 888 1882 nomen
924 1844 1135 1894 profanari
1166 1843 1279 1883 nefas
1310 1846 1391 1895 est,
1431 1846 1465 1883 si
1487 1844 1541 1881 10

186 1986 204 2016 1
236 1992 337 2017 mors
364 1981 415 2016 sit
439 1983 649 2017 extremm
675 1983 746 2019 H.:
779 1982 913 2018 morsit
937 1984 1145 2019 extremam
1170 1989 1252 2028 BV3
1287 1995 1388 2020 mors
1414 1984 1467 2019 sit

86 2030 257 2066 extrema
273 2030 461 2066 malorum
481 2036 571 2073 Μβσ·
639 2035 663 2066 4
687 2033 838 2077 patrem
855 2037 893 2067 B
964 2032 1174 2078 promeruit
1193 2040 1230 2067 e:
1254 2033 1391 2068 misere
1409 2033 1466 2069 vel

87 2088 149 2113 -ae
168 2084 310 2124 BV6P3
336 2079 498 2125 misere}
517 2083 548 2125 (s
567 2081 631 2126 er.)
652 2085 708 2123 113
733 2080 887 2115 marth⁹
905 2086 932 2114 S
1006 2084 1027 2115 5
1055 2080 1191 2116 saltem
1210 2081 1396 2116 vendex

87 2125 220 2162 Verre:
246 2126 326 2163 vire
351 2134 402 2172 P;
428 2138 514 2163 vere
539 2133 567 2162 S
654 2131 697 2163 11
724 2127 882 2164 fluctum
907 2134 988 2163 ΒΜ
1071 2133 1115 2164 13
1142 2131 1247 2165 sacet
1270 2135 1308 2164 B
1379 2130 1466 2176 ipsa

86 2177 179 2244 posss
206 2199 448 2246 potissimum
475 2201 505 2246 (t
528 2211 630 2246 supr.
650 2202 707 2247 nc)
733 2206 778 2235 n
851 2204 896 2236 14
921 2201 1050 2236 trahes
1075 2207 1146 2236 BV
1212 2213 1368 2238 manum
1395 2214 1463 2238 om.

86 2247 207 2292 1,in
230 2259 347 2295 τηατ-9.
368 2248 454 2284 add.
475 2262 518 2283 ιιι
635 2251 680 2284 15
706 2250 860 2295 poterat
884 2255 912 2283 V
1025 2253 1069 2285 16
1094 2250 1301 2286 honustum
1326 2257 1397 2286 Bt

89 2276 138 2331 19’
159 2295 302 2332 audeas
321 2297 406 2332 istis
426 2302 469 2332 11
540 2296 675 2332 audias
693 2304 727 2332 J
798 2301 841 2333 21
868 2287 996 2345 pati-la
1018 2304 1056 2333 B
1127 2300 1279 2344 praeter
1299 2299 1465 2334 amicum

86 2343 256 2380 animm
281 2353 303 2388 β
407 2357 500 2381 non:
526 2357 618 2380 num
643 2354 664 2388 β
773 2349 818 2381 23
844 2346 1006 2392 populos
1031 2353 1069 2381 B
1177 2347 1288 2383 obsta
1312 2348 1463 2392 serim-i:

86 2391 216 2429 obstas
241 2407 272 2428 ω
371 2397 416 2429 25
442 2395 482 2429 et
506 2405 574 2437 om.
601 2400 629 2428 V
722 2397 767 2430 27
794 2395 846 2439 qd
877 2399 921 2429 ’P
