1638 2560
162 98 249 141 278
686 94 786 131 omi
810 93 955 130 Porio
981 92 1016 128 11

161 227 253 252 rum
284 212 482 252 custodire
513 211 768 262 probitatem.
819 209 968 247 nullius
1000 220 1180 258 unquam
1210 219 1283 258 per
1313 207 1418 246 hanc
1450 219 1535 246 ma-

160 273 341 313 trimonii
372 272 538 311 turbata
563 270 774 310 concordia
800 270 870 309 est.
921 280 1036 308 nemo
1064 268 1228 318 questus
1254 267 1315 307 est
1345 279 1418 318 pro
1451 265 1535 305 filio

161 336 286 384 pater.
356 346 471 372 nemo
516 332 730 371 exhaustas
775 330 987 369 facultates
1032 329 1076 367 in
1120 327 1374 367 avidissimos
1425 328 1536 366 sinus

161 394 431 445 paenitentiae
476 392 612 431 dolore
657 391 829 430 deflevit.
893 390 1064 439 temptet
1101 389 1197 428 licet
1236 388 1535 441 ingratissimus

160 455 315 493 iuvenis
347 453 543 492 invidiam
573 453 742 492 miserae
773 451 903 489 facere
938 449 1083 501 prioris
1116 448 1315 499 adfectus,
1353 461 1435 488 non
1464 460 1534 499 po·
1573 461 1590 488 5

160 516 267 554 terat
303 514 457 553 obicere
495 513 695 552 meretrici
733 513 773 550 et
817 510 927 562 quod
971 510 1136 559 amarit,
1175 510 1216 548 et
1253 508 1361 560 quod
1399 521 1535 548 amare

161 575 333 614 desierit.
396 587 446 612 ne
491 586 608 624 quem
651 573 779 625 igitur
817 572 1025 611 accusator
1061 570 1138 610 hac
1175 570 1308 620 prima
1349 570 1536 608 fortunae

161 648 254 674 suae
293 635 592 685 conploratione
631 633 824 683 decipiat,
862 633 1072 682 tamquam
1109 630 1331 670 meretricis
1366 629 1536 670 caritate

160 697 417 745 consumptus
449 695 520 743 sit,
559 695 689 733 securi
721 694 847 732 estote
879 705 951 743 pro
982 691 1215 731 innocentia.
1244 691 1400 739 nostra,
1438 689 1536 729 talis

159 755 321 805 incidit,
358 755 452 794 talis
485 754 692 793 adamavit
728 766 800 792 nec
838 752 980 791 habuit
1015 751 1123 802 quod
1159 750 1344 803 perderet
1374 752 1417 790 in
1448 751 1535 790 tam
1556 764 1591 790 10

159 816 358 855 inmodico
398 815 537 854 ardore
575 815 654 854 nisi
690 815 876 853 mentem.
939 813 1099 852 vidistis
1135 813 1242 851 enim
1279 811 1537 850 notissimum

159 878 247 915 tota
279 877 443 915 civitate
475 875 675 915 miserum.
739 888 828 914 cum
860 874 1049 925 lupanari
1080 872 1264 912 noctibus
1297 871 1437 912 diebus
1469 870 1536 910 de-

161 937 337 976 serviens
369 938 426 985 et,
460 937 642 986 quamvis
673 935 1049 987 indulgentissimae
1080 933 1239 984 puellae
1274 931 1536 982 simplicitate

160 998 371 1046 frueretur,
397 996 515 1035 modo
535 998 672 1035 tamen
690 995 915 1035 maledictis
939 993 1243 1045 opprobriisque
1263 992 1390 1045 vulgi,
1416 991 1536 1031 modo

161 1058 299 1096 crebra
323 1057 513 1095 rivalium
538 1056 792 1095 contentione
818 1056 1002 1106 pulsatus
1029 1054 1140 1106 abigi
1170 1055 1307 1093 tamen
1333 1053 1536 1103 conpesci·
1557 1065 1590 1092 15

161 1130 237 1168 que
275 1130 356 1156 non
393 1118 544 1168 posset,
582 1118 710 1156 movit
746 1117 1003 1156 mitissimam
1039 1115 1219 1166 puellam
1258 1114 1323 1153 hic
1360 1112 1535 1153 infelicis

163 1178 352 1217 adfectus.
415 1178 617 1216 laboranti
654 1178 783 1227 primo
816 1177 878 1215 sui
910 1176 1039 1216 voluit
1071 1175 1264 1215 facultate
1296 1186 1537 1223 succurrere,

162 1238 230 1277 sed
256 1238 446 1290 quicquid
470 1238 704 1287 indulserat,
736 1237 900 1276 fovebat
927 1237 1120 1286 ardorem,
1154 1248 1336 1286 quaeque
1364 1236 1408 1274 in
1432 1235 1537 1273 hanc

162 1299 401 1349 patientiam
431 1311 558 1349 prona
589 1299 795 1348 persuasio
828 1300 905 1346 est,
938 1297 1034 1348 quia
1065 1296 1169 1336 nihil
1200 1295 1424 1347 praestanti
1455 1307 1537 1334 me-

112 1358 138 1394 3
163 1361 287 1398 retrix
318 1360 403 1397 tam
434 1371 552 1409 saepe
578 1359 841 1410 contingeret,
868 1359 1024 1397 amator
1050 1357 1128 1397 sibi
1152 1356 1376 1396 videbatur.
1427 1356 1537 1406 post-
1557 1368 1592 1394 20

164 1432 284 1469 quam
315 1419 418 1458 nihil
442 1420 659 1468 miseratio,
691 1419 794 1458 nihil
824 1418 1060 1470 proficiebat
1088 1418 1333 1467 humanitas,
1364 1417 1538 1467 tempta-

162 1480 223 1518 vit
249 1480 466 1530 asperitate
493 1479 699 1519 discutere.
750 1479 946 1531 poposcit,
979 1479 1159 1518 exclusit.
1211 1490 1291 1516 non
1323 1475 1539 1516 defuerunt

163 1541 307 1579 misero
345 1553 498 1590 preces,
543 1539 725 1579 adhibita
762 1541 855 1580 sunt
894 1553 939 1578 ex
979 1539 1067 1589 ipsa
1108 1538 1265 1578 iuvenis
1303 1536 1538 1577 condicione

164 1601 342 1639 consilia.
405 1600 474 1639 sed
504 1601 583 1638 ista
615 1600 817 1649 vincebat,
857 1602 897 1639 et
929 1601 1033 1639 vires
1066 1600 1214 1639 amoris
1248 1597 1542 1648 impedimenta

163 1660 402 1711 perdebant,
440 1660 563 1699 donec
600 1661 870 1712 intellegeret,
908 1661 1112 1699 hominem
1144 1659 1216 1710 qui
1250 1659 1444 1709 explicari
1474 1670 1538 1697 ra·
1559 1670 1593 1696 25

163 1722 273 1760 tione
311 1733 392 1759 non
422 1722 600 1770 poterat,
639 1722 874 1760 necessitate
907 1720 1158 1759 servandum.
1220 1721 1340 1770 puto,
1374 1718 1539 1767 iudices,

164 1781 315 1820 frustra
358 1781 462 1819 male
507 1781 620 1819 audit
669 1781 869 1820 inmodico
921 1794 1075 1831 pauper
1125 1780 1277 1820 ardore.
1350 1779 1541 1818 meretrix

265 1971 282 2002 1
309 1934 459 2013 probi&
484 1974 521 2002 Β
616 1955 690 2003 11ἒο
715 1974 752 2003 Β
867 1972 886 2002 3
913 1979 1039 2004 nemo:
1068 1979 1115 2004 no
1143 1969 1182 2014 (n
1206 1969 1249 2004 in
1268 1979 1341 2004 ras.
1363 1978 1409 2003 ex
1434 1967 1486 2013 m)
1506 1972 1544 2002 Β

166 2056 187 2088 5
213 2052 360 2088 invidia
385 2058 453 2087 BV
473 2054 525 2099 (m
550 2052 639 2089 add.
659 2054 695 2098 ὸ)
770 2051 912 2088 faceret
937 2059 973 2088 Β
1044 2028 1131 2099 prist
1149 2059 1186 2088 Β
1262 2054 1282 2087 7
1310 2052 1487 2088 aensator
1506 2057 1544 2086 Β

168 2127 188 2160 9
216 2124 338 2160 securi
364 2135 432 2160 om.
452 2131 489 2159 Β
596 2124 686 2159 talis
712 2124 848 2160 incidit
872 2135 939 2161 om.
962 2131 1006 2168 Β,
1038 2136 1138 2171 supr.
1160 2132 1184 2160 b
1302 2128 1345 2160 11
1372 2110 1541 2160 inmod18

166 2203 203 2231 Β
274 2196 583 2232 nocentissimum
609 2207 627 2240 β
727 2200 772 2232 14
797 2207 869 2242 que
896 2208 963 2233 om.
991 2206 1010 2240 β
1103 2201 1148 2233 15
1175 2183 1416 2233 contention‘³
1435 2202 1473 2231 Β

166 2245 342 2291 pulsatur
367 2251 410 2280 Μ
505 2248 548 2280 16
574 2246 700 2280 movet
724 2251 795 2280 BV
867 2244 1124 2281 imitissimam
1148 2252 1186 2281 Β
1284 2248 1327 2281 17
1352 2243 1476 2291 primo
1503 2252 1540 2279 c:

165 2293 291 2339 prima
317 2307 346 2328 ω
459 2297 503 2329 18
531 2293 604 2328 hac
628 2293 872 2339 impatientia
897 2301 945 2335 βα
1051 2298 1094 2330 19
1121 2292 1387 2340 perpersuasio
1410 2299 1448 2328 Β

165 2342 364 2388 praestant
389 2348 434 2386 B,
461 2342 475 2377 i
500 2342 586 2377 add.
608 2348 631 2376 b
731 2344 775 2377 23
809 2341 956 2377 adibita
982 2348 1019 2376 Β
1116 2346 1161 2378 24
1190 2342 1329 2378 amoris
1354 2352 1400 2378 em
1424 2351 1482 2377 -es
1507 2347 1545 2376 Β

167 2393 213 2426 25
239 2389 480 2436 intellegeret
506 2398 543 2425 ¹3:
571 2391 654 2425 -ent
679 2404 708 2424 ω
807 2390 1002 2425 hominum
1028 2397 1091 2425 Βσ
1185 2394 1230 2426 26
1257 2390 1435 2436 poterant
1458 2395 1496 2425 Β
