1638 2560
181 106 267 149 120
618 104 852 142 CORPORIS
878 104 1104 141 PROIECTI

176 222 406 272 perseverat
431 233 514 259 esse
538 220 613 258 filii
639 221 703 259 sui
726 233 908 269 noverca,
927 222 976 259 ut
1000 220 1076 259 hac
1102 220 1341 260 crudelitate
1359 221 1548 261 videatur

177 282 300 332 digna
338 294 438 331 quae
477 280 690 320 orbitatem
727 293 840 320 suam
877 281 1108 332 intellegat,
1149 282 1185 320 si
1220 281 1330 321 ultra
1369 282 1547 321 hostium

179 342 378 381 adfectum
410 342 480 391 qui
517 354 651 380 caesos
683 341 767 380 acie
800 354 917 392 saepe
947 341 1222 391 tumularunt,
1259 342 1369 382 ultra
1405 344 1546 394 tyran-

177 415 264 452 nos,
301 402 411 440 ultra
443 402 636 451 latrones,
672 415 817 452 parum
847 401 970 441 habet
1000 415 1080 441 non
1112 401 1299 453 sepelire,
1336 402 1415 442 nisi
1447 403 1546 443 alio-

176 476 264 500 rum
297 474 452 511 quoque
479 461 610 500 officia
640 461 890 512 praeciderit,
923 464 963 501 et
991 464 1151 501 tantum
1177 463 1285 513 quod
1309 476 1390 502 non
1414 464 1547 515 petita
1582 472 1601 506 '5

177 536 224 561 ex
261 521 446 561 fluctibus
484 535 593 572 aqua
629 523 844 574 restinguit
880 523 1033 574 ignem,
1074 524 1109 562 si
1148 523 1249 563 adeo
1286 536 1367 563 non
1405 525 1547 576 genuit

175 582 302 620 filium
344 582 412 621 sed
457 582 596 621 effudit
640 585 680 621 et
722 583 793 622 illo
831 583 982 622 infelici
1025 586 1148 634 partu
1191 585 1397 636 ingratum
1440 585 1547 624 uteri

175 643 331 693 pondus
364 643 565 693 exposuit:
602 643 697 681 licet
728 643 887 694 inputet
917 644 1048 694 nobis,
1083 648 1130 683 ut
1161 645 1271 684 volet
1301 645 1410 697 quod
1439 646 1547 685 tueri

175 716 254 742 non
278 704 423 754 potest,
448 703 653 753 singulare
678 705 817 743 mariti
842 704 1095 755 desiderium,
1121 705 1254 744 dicam
1278 707 1415 745 tamen
1439 706 1548 757 quod

175 763 314 814 sentio,
347 764 570 802 excusatius
603 764 752 803 odisset
783 765 915 803 virum
946 778 1069 815 quam
1100 765 1240 805 filium.
1299 779 1546 818 quamquam
1565 781 1600 808 10

174 826 215 862 in
246 824 321 862 hoc
351 825 514 862 mutuae
547 824 729 863 caritatis
761 825 906 864 affectu
937 827 1054 876 paria
1085 827 1271 866 fecimus:
1301 827 1375 866 illa
1408 827 1544 867 oculos

174 885 337 934 propter
361 884 662 923 matrimonium
686 885 877 937 neglexit,
910 899 984 937 ego
1009 886 1151 938 filium,
1182 888 1312 927 vicem
1337 888 1548 928 caecitatis

175 944 346 983 orbitate
376 945 562 995 persolvi,
594 947 730 984 tamen
763 959 841 996 quo
873 947 980 985 inter
1010 947 1109 987 haec
1136 961 1294 999 quoque
1325 948 1434 988 mala
1463 949 1546 1000 pri-

174 1004 301 1044 vatim
333 1004 490 1043 doleam
520 1018 678 1044 neeesse
704 1007 775 1056 est,
808 1019 964 1046 omnem
990 1007 1105 1046 illam
1131 1021 1253 1060 quam
1279 1010 1546 1059 contraxerat,

173 1065 305 1115 perdit
343 1066 580 1115 opinionem
643 1066 725 1105 iam
761 1067 915 1106 inimici
958 1068 1229 1119 triumphant,
1270 1069 1354 1108 iam
1393 1071 1546 1121 passim
1564 1083 1601 1110 15

173 1125 376 1164 locuntur:
414 1122 501 1164 eilla
539 1127 710 1177 exempli
746 1127 901 1178 mulier,
939 1129 1012 1168 illa
1050 1130 1200 1169 saeculi
1238 1130 1375 1181 decus,
1412 1130 1546 1170 vimm

173 1185 316 1223 redimi
346 1186 477 1224 noluit
507 1199 580 1225 nec
609 1186 737 1226 filium
770 1186 956 1239 sepeliri?

264 1246 478 1296 Equidem,
509 1247 678 1297 iudices,
709 1250 755 1287 ut
786 1249 933 1299 sentio,
967 1251 1168 1290 neminem
1199 1264 1280 1290 non
1311 1251 1546 1291 mortalium

173 1306 308 1345 favere
338 1306 511 1345 hominis
538 1309 768 1358 sepulturae
794 1310 991 1360 convenit,
1025 1313 1120 1361 quia
1151 1311 1249 1351 haec
1280 1325 1363 1351 una
1393 1325 1457 1352 res
1483 1314 1546 1352 est

174 1365 284 1405 cuius
317 1367 540 1417 exemplum
571 1368 623 1406 ad
655 1382 790 1408 omnes
822 1372 1034 1421 pertineat,
1068 1372 1238 1423 ideoque
1269 1386 1351 1412 non
1382 1372 1463 1412 nisi
1494 1372 1544 1412 ab
1562 1386 1600 1414 20

172 1427 316 1466 ultimo
346 1428 561 1477 parricidio
589 1429 762 1481 exigitur
791 1444 921 1480 poena
952 1434 1065 1471 trans
1096 1433 1309 1472 hominem.
1361 1434 1485 1472 etiam
1509 1434 1546 1473 si

175 1499 253 1536 qua
291 1489 384 1526 sunt
419 1489 510 1527 iura
548 1502 649 1539 quae
691 1490 869 1541 obstent,
913 1492 948 1531 si
985 1494 1122 1532 tamen
1165 1495 1362 1545 angustus
1401 1494 1544 1536 saltem

174 1547 290 1585 detur
322 1560 516 1598 accessus,
553 1562 626 1599 per
657 1563 775 1600 quem
812 1551 965 1592 intrare
1002 1554 1232 1594 humanitas
1269 1555 1417 1605 possit,
1448 1567 1547 1594 vera

107 1606 152 1642 11
175 1607 385 1646 clementia
418 1610 623 1648 occasione
649 1613 837 1651 contenta
868 1614 938 1652 est.
990 1615 1074 1654 sive
1107 1616 1236 1654 omnis
1267 1616 1311 1653 in
1342 1615 1544 1654 defunctis

175 1679 312 1706 sensus
338 1669 453 1718 perit,
474 1671 514 1708 et
539 1670 590 1708 ad
610 1672 864 1720 operiendam
891 1674 1125 1714 foeditatem
1151 1675 1544 1726 subtrahendamque
1563 1688 1600 1716 25

175 1727 304 1766 dolori
334 1729 543 1768 materiam
575 1732 724 1770 mortui
755 1734 977 1773 viventium
1009 1747 1130 1775 causa
1168 1735 1436 1787 sepeliuntur,
1474 1748 1545 1776 seu

174 1800 265 1826 cum
297 1788 348 1826 ad
377 1789 553 1828 infernas
586 1791 696 1830 sedes
730 1794 866 1832 anima
896 1795 1100 1847 migravit,
1133 1809 1237 1836 unus
1268 1797 1335 1835 hic
1365 1797 1454 1836 luce
1484 1798 1545 1837 vi-

174 1847 262 1886 duis
294 1848 419 1887 honos
452 1851 492 1888 et
523 1862 708 1900 suprema
740 1853 842 1904 face,
875 1857 920 1893 ut
951 1857 1064 1895 vates
1097 1857 1244 1907 ferunt,
1278 1857 1452 1908 petitam
1483 1857 1544 1896 ul-

174 1908 332 1947 terioris
375 1910 487 1959 ripae
531 1912 746 1951 stationem
788 1915 1043 1967 contingunt,
1089 1930 1191 1967 quae
1235 1931 1333 1957 vera
1376 1930 1461 1958 esse
1504 1920 1545 1957 et

173 1968 289 2007 credo
314 1969 436 2021 miser
460 1971 500 2008 et
526 1972 620 2022 opto
648 1972 727 2011 cito
758 1974 890 2014 iturus
917 1976 968 2014 ad
999 1976 1141 2027 filium,
1170 1980 1276 2017 certe
1308 1991 1442 2017 rerum
1471 1991 1544 2017 na-
1562 1991 1599 2019 so

172 2031 266 2068 tura
302 2031 349 2067 ut
385 2030 428 2067 111
465 2032 704 2082 generandis
742 2034 974 2086 alendisque
1011 2037 1239 2077 hominibus
1272 2052 1375 2089 quae
1409 2051 1543 2078 neces-

271 2136 290 2167 1
317 2131 412 2168 haec
439 2148 464 2167 α
562 2138 581 2169 2
610 2146 716 2171 suam
742 2136 958 2183 intellegat:
985 2151 1060 2175 non
1085 2152 1186 2187 supr.
1207 2156 1250 2176 m
1274 2141 1338 2178 sed
1362 2142 1404 2177 in
1426 2153 1542 2189 mqu.

172 2179 258 2216 add.
285 2180 326 2215 in
353 2180 438 2216 aliis
463 2182 627 2218 habetur
652 2195 759 2219 suam
784 2185 978 2233 intelligat
1093 2193 1113 2224 3
1141 2189 1383 2225 cumularunt
1407 2196 1478 2225 BV

173 2231 192 2263 7
219 2228 287 2264 illo
314 2240 382 2266 om.
403 2236 447 2264 Μ
540 2233 696 2277 epotas
722 2239 759 2268 Β
844 2234 1074 2272 desiderium
1100 2249 1145 2274 ex
1171 2238 1411 2274 desideraum
1435 2244 1474 2274 Β

174 2280 216 2312 11
244 2275 381 2313 effectu
406 2284 487 2312 ΒΜ
563 2283 607 2314 13
632 2280 706 2316 1100
731 2290 751 2324 β
832 2287 876 2318 14
903 2295 1034 2329 quam:
1062 2286 1174 2331 quod’
1203 2293 1240 2321 P
1336 2290 1380 2322 15
1406 2286 1545 2333 perdat

171 2355 216 2384 Μ
308 2338 484 2396 opionem
514 2357 543 2385 V
647 2356 693 2387 20
720 2365 793 2401 que
818 2366 887 2391 om.
906 2362 987 2390 ΒΜ
1094 2361 1139 2393 24
1168 2358 1356 2395 occisione
1385 2359 1469 2396 obr.

172 2400 217 2433 27
242 2389 348 2446 11111119
365 2404 403 2433 Β
421 2399 525 2445 (corr.
546 2401 583 2446 ὀ)
658 2404 703 2436 28
730 2399 783 2437 et:
812 2414 878 2438 seu
898 2405 1002 2441 Dess
1078 2406 1223 2451 petita.
1242 2436 1248 2441 .
1266 2436 1272 2442 .
1289 2407 1454 2443 statione
1477 2412 1550 2442 BV
