1638 2560
140 117 193 154 Vl
685 115 974 153 PRAEFATIO.

141 246 303 284 sperare
335 233 534 284 possimus
566 232 608 269 in
641 231 871 269 universum
903 231 1059 269 textum
1090 230 1304 281 traditum,
1340 230 1524 282 quamvis

79 306 82 308 ’
140 295 279 333 multis
318 294 416 333 locis
457 294 686 342 temporum
723 292 943 341 iniquitate
987 291 1236 342 depravatus
1274 292 1522 342 maculisque

140 354 376 405 inquinatus
409 353 479 403 sit,
519 365 607 391 eam
638 352 812 391 formam
842 353 1048 402 praestare
1088 364 1168 401 qua
1209 351 1523 391 declamationes

141 416 286 466 quarto
320 413 478 453 saeculo
511 413 681 451 exeunte
714 411 1107 450 circumferebantur.

231 475 291 513 De
318 473 519 515 codicibus
545 473 627 511 illis
653 472 946 524 investigandis
967 473 1089 522 atque
1116 485 1256 511 eorum
1280 472 1523 512 lectionibus

140 535 388 575 excutiendis
438 534 589 583 optime
639 534 872 571 meruerunt
922 545 1013 571 cum
1059 531 1099 571 G.
1139 532 1382 583 Hammer,
1432 534 1523 572 tum

138 595 189 634 H.
215 595 470 635 Dessauer.
534 607 579 632 ex
612 593 756 643 quibus
789 593 1012 631 Hammer
1045 606 1148 643 quae
1180 594 1403 644 invenerat,
1434 593 1522 632 bre-

139 657 244 695 viter
276 657 460 707 exposuit
491 655 533 692 in
565 653 703 692 libello
736 666 841 692 anno
878 654 991 692 1893
1026 653 1214 692 Monachi
1246 654 1373 693 edito:
1416 651 1521 693 ‘Bei-

139 717 253 768 trage
298 730 346 754 zu
390 717 467 755 den
510 714 604 752 XIX
648 711 856 765 grosseren
901 713 1258 764 quintilianischen
1305 714 1520 755 Deklama-

138 773 304 816 tionen.’
368 775 631 816 Dessaueri
662 774 887 813 studiorum
933 774 1078 824 quibus
1110 787 1268 814 summa
1309 773 1522 828 diligentia

138 838 202 876 vir
232 837 301 876 1116
334 837 473 877 doctus
514 836 662 873 multos
703 848 775 885 per
813 847 938 873 annos
949 830 981 888 ¹)
1024 835 1228 885 incubuit,
1269 836 1424 876 fructus
1457 848 1522 875 ex-

138 898 246 937 stitit
276 897 455 936 libellus:
505 892 596 934 ‘Die
628 895 984 934 handschriftliche
1019 894 1252 948 Grundlage
1290 896 1361 935 der
1397 909 1522 935 neun-

139 957 237 996 zehn
264 962 473 1009 grosseren
495 954 1036 1001 Pseudo-Quintilianischen
1054 953 1404 996 Declamationen'
1425 956 1522 1007 Lip-

140 1019 222 1057 siae
251 1019 378 1057 1898.
425 1019 495 1069 qui
525 1029 613 1055 cum
646 1017 689 1054 in
715 1017 944 1056 universum
979 1030 1065 1055 rem
1091 1016 1143 1055 ad
1167 1017 1407 1056 umbilicum
1431 1031 1520 1068 per-

138 1078 314 1129 duxerit,
356 1091 428 1130 ego
469 1089 542 1129 pro
584 1077 715 1127 operis
756 1077 893 1116 indole
934 1076 1111 1116 breviter
1150 1079 1290 1129 repeto
1332 1090 1379 1116 ea
1418 1091 1520 1129 quae

137 1139 289 1191 legenti
319 1139 543 1179 necessaria
574 1138 678 1176 sunt.
897 1183 899 1185 .

230 1197 421 1238 Omnium
452 1199 649 1238 librorum
681 1199 727 1236 ut
759 1198 1064 1248 antiquissimus
1096 1198 1156 1237 ita
1189 1199 1366 1249 optimus
1399 1199 1520 1239 codex

138 1259 513 1311 Bambergensis
546 1258 587 1296 M
612 1257 670 1295 IV
700 1259 753 1297 13
782 1252 900 1312 (ΒΥ)
934 1259 1086 1298 saeculi
1116 1259 1152 1298 X
1185 1259 1366 1299 exeuntis
1397 1273 1519 1298 mem-

136 1319 357 1358 branaceus
390 1320 542 1359 formae
575 1320 859 1369 quaternarias
891 1318 1055 1358 maioris
1089 1313 1208 1374 (26,9
1231 1327 1289 1362 ><
1311 1321 1411 1371 23‚4
1437 1315 1519 1374 cm)

138 1380 383 1430 compositus
425 1382 485 1419 est
523 1394 569 1419 ex
610 1380 663 1417 13
698 1380 975 1430 quinionibus,
1014 1380 1094 1418 nisi
1135 1380 1243 1430 quod
1280 1393 1354 1431 pro
1393 1380 1520 1420 altero

137 1442 370 1490 quaternio,
408 1454 481 1491 pro
519 1440 641 1479 tertio
680 1441 810 1478 ternio
850 1442 992 1479 exstat.
1049 1454 1173 1479 unum
1213 1442 1358 1480 folium
1395 1441 1519 1480 inter-

137 1501 315 1550 positum
357 1502 427 1540 est'.
490 1501 680 1540 foliorum
718 1501 847 1551 igitur
884 1513 1074 1541 numerus
1113 1503 1174 1540 est
1214 1502 1312 1541 125.
1369 1501 1519 1554 pagina

137 1573 403 1611 unaquaeque
451 1561 611 1600 exhibet
654 1560 769 1598 binas
811 1561 1018 1600 columnas
1060 1563 1115 1600 23
1158 1562 1394 1613 plerumque
1432 1575 1516 1601 ver-

139 1633 268 1659 suum.
341 1621 463 1660 codex
505 1636 528 1660 a
569 1619 697 1660 tribus
742 1620 919 1660 librariis
961 1624 1149 1662 exaratus
1191 1624 1269 1673 est,
1311 1635 1332 1661 e
1374 1622 1518 1673 quibus

238 1773 271 1816 1)
298 1771 431 1808 Hieme
467 1784 651 1809 annorum
685 1772 850 1819 1892s93
878 1773 1035 1809 Parisiis
1061 1776 1232 1810 versatus
1262 1776 1337 1819 est,
1373 1775 1518 1810 aestate

63 1819 68 1823 ’
140 1823 233 1856 1893
259 1820 299 1854 111
325 1820 535 1856 Britannia.
588 1823 769 1856 autumno
805 1821 973 1857 eiusdem
1011 1823 1102 1858 anni
1136 1823 1177 1857 in
1208 1823 1362 1859 Italiam
1395 1824 1519 1858 trans-

136 1869 367 1952 ffiffissssgffim
384 1872 725 1953 ‘'ffissfflnffl
735 1871 1014 1954 &sufflat
1032 1871 1519 1955 1⁰?sffiassufflitfflsaffi

136 1964 302 2011 benigne
327 1964 554 2010 Herbipolin
579 1965 792 2001 transmissi
824 1967 922 2001 sunt.
974 1979 1072 2012 quae
1097 1967 1310 2014 inceperat,
1342 1967 1517 2003 fortunae

135 2012 342 2058 iniquitate
369 2013 418 2048 ad
443 2013 595 2049 felicem
621 2014 764 2049 exitum
796 2014 1001 2058 perducere
1032 2016 1241 2062 impeditus
1267 2017 1335 2052 est.
1385 2016 1517 2052 morbo

137 2061 239 2096 enim
265 2061 385 2096 atroci
411 2073 634 2108 suppressus
660 2061 800 2098 litteris
827 2064 865 2097 et
886 2063 963 2098 suis
990 2064 1195 2100 immatura
1219 2066 1340 2101 morte
1366 2066 1517 2111 ereptus

137 2110 196 2145 est
222 2109 283 2145 die
305 2113 335 2145 7.
364 2110 503 2145 mensis
530 2110 672 2155 Aprilis
700 2109 790 2146 anni
811 2113 915 2156 1900,
945 2111 1169 2157 priusquam
1197 2112 1518 2149 declamationum

136 2159 263 2193 textus
290 2158 413 2203 ipsam
438 2158 695 2194 recensionem
722 2158 855 2194 adiret.

235 2207 271 2251 2)
299 2205 345 2241 cf.
366 2205 641 2250 Enderlein,
663 2207 779 2243 codex
799 2206 1089 2254 Bambergensis
1103 2209 1188 2245 XIX
1208 2210 1370 2246 maiores
1391 2210 1518 2246 decla-

137 2253 325 2290 mationes
357 2253 397 2288 in
424 2254 531 2290 libris
557 2266 643 2290 mss.
685 2254 920 2296 Quintiliano
952 2256 1165 2303 adscriptas
1202 2258 1399 2298 continens
1431 2270 1518 2295 cum

135 2303 245 2338 textu
267 2302 447 2339 editionis
471 2303 678 2338 Burmanni
700 2304 952 2348 comparatus.
999 2305 1215 2342 Suevofurti
1240 2310 1350 2351 18703
1382 2306 1518 2343 Ham-

135 2362 246 2395 mer,
265 2363 302 2397 p.
325 2354 387 2394 153
415 2350 659 2395 Dessauer,
682 2363 716 2396 p.
735 2355 795 2394 103
824 2350 1093 2398 Leitschuh,
1113 2354 1281 2402 Katalog
1301 2355 1368 2391 der
1386 2354 1518 2391 Hand-

134 2398 322 2436 schriften
349 2399 416 2434 der
442 2398 592 2445 Konigl.
621 2398 841 2435 Bibliothek
868 2411 912 2434 zu
938 2401 1127 2449 Bamberg
1153 2404 1289 2450 (1895),
1314 2416 1351 2450 p.
1373 2407 1430 2440 46.
