1638 2560
77 400 91 409 „
146 346 171 383 2

197 109 295 152 266·
726 107 826 143 onn
850 106 995 143 Po‘rlo
1021 107 1038 142 1

196 225 303 263 sitan
335 224 468 273 fuerit,
500 225 546 262 ut
572 235 706 261 amare
732 222 964 271 desinerem,
997 223 1138 261 contra
1163 235 1227 260 me
1258 222 1470 261 inventum
1496 224 1568 273 est,

195 286 242 323 ut
272 285 424 323 invitus
456 283 638 323 odissem.

287 344 373 383 Hoc
404 346 579 394 primum
604 345 755 393 itaque,
786 343 950 392 iudices,
983 356 1007 382 a
1032 343 1244 381 clementia
1274 342 1438 393 publiea
1460 345 1568 394 peto,

195 418 256 454 ne,
288 404 394 455 quod
419 403 564 443 videtis
595 405 753 443 tristem
778 403 920 442 habitu
946 403 1158 453 dirumque
1183 404 1410 454 conspectu,
1435 403 1567 444 verbis

195 478 396 515 asperum,
428 466 683 503 contentione
714 463 963 514 terribilem,¹
988 476 1119 503 mores
1151 465 1314 514 putetis.
1376 465 1475 503 haec
1506 466 1569 504 est
1605 479 1621 506 5

193 525 265 564 illa
303 526 455 564 sanitas
493 538 599 574 mea,
637 525 702 563 hic
734 525 913 564 omnium
944 525 987 563 in
1024 524 1099 563 hac
1132 525 1308 575 corporis
1340 526 1566 576 mentisque

193 585 348 623 dierum
379 586 636 635 noctiumque
668 586 831 624 feritate
864 585 933 623 ille
964 585 1082 623 modo
1115 585 1266 635 lentus,
1297 585 1385 635 ille,
1418 586 1454 624 si
1484 598 1567 631 cre-

192 646 306 695 ditis,
338 647 508 684 nimium
538 647 726 685 remissus
759 646 917 684 amator
948 645 1153 684 excandui.
1216 646 1473 696 miseremini,
1505 647 1567 685 iu-

192 706 315 755 dices,
354 719 403 745 ne
442 706 554 745 vobis
593 718 747 745 venena
785 707 842 745 sic
882 707 1083 757 imponat,
1127 708 1337 756 tamquam
1373 706 1448 745 hoc
1485 708 1567 746 mei

191 767 360 805 caritate
392 768 616 805 commenta
649 768 712 806 sit.
776 780 889 806 suum
924 767 1121 816 animum,
1160 780 1275 806 suum
1313 768 1474 806 tantum
1507 779 1565 806 se·
1586 781 1620 808 ιο

190 828 284 866 cuta
322 826 530 866 fastidium
563 828 633 866 est.
697 826 780 866 odii
815 828 1021 877 potionem
1053 828 1192 866 coniza
1224 840 1265 867 se
1302 840 1420 866 nemo
1452 827 1568 867 dabit

190 887 355 937 homini,
386 889 464 927 nisi
497 901 615 937 quem
647 887 786 926 oderit.
839 900 987 938 quaeso
1018 889 1157 937 itaque
1190 887 1449 938 obtestorque
1481 901 1565 938 vos,

191 949 433 987 sanctissimi
463 949 553 998 viri,
584 949 631 987 ut
657 948 900 987 calamitatis
932 961 1045 987 meae
1076 949 1237 998 penitus
1263 949 1398 988 velitis
1428 949 1566 988 existi-

189 1021 300 1046 mare
341 1021 577 1047 mensuram.
640 1008 798 1058 perdidi
835 1009 992 1058 infelix,
1027 1009 1134 1058 quod
1172 1009 1412 1060 quandoque
1449 1010 1565 1060 potui

191 1081 325 1107 amare
352 1068 540 1118 desinere,
573 1070 708 1119 patior
738 1070 1018 1109 necessitatem
1042 1070 1102 1108 rei
1128 1083 1251 1120 quam
1281 1069 1460 1109 breviter
1484 1071 1562 1109 uti·
1585 1084 1618 1111 15

192 1141 267 1178 que
311 1129 543 1168 noluissem:
594 1131 846 1181 excogitatur
889 1131 1029 1169 contra
1074 1132 1254 1169 animum
1303 1130 1564 1181 futuramque

188 1189 404 1238 rationem,
448 1202 514 1239 ne,
560 1190 666 1240 quod
709 1191 1015 1241 relinqueretur,
1064 1203 1175 1230 meus
1221 1193 1326 1230 esset
1370 1190 1562 1231 adfectus.

189 1250 337 1287 iterum
369 1263 458 1289 cum
489 1250 697 1289 meretrice
730 1252 974 1301 compositus
1006 1264 1106 1300 sum,
1137 1264 1275 1291 rursus
1307 1252 1350 1290 in
1382 1263 1423 1291 se
1455 1252 1563 1304 cogi-

188 1310 362 1349 tationes
400 1323 526 1360 meas,
564 1324 701 1350 rursus
738 1312 903 1350 retorsit
939 1311 1092 1361 oculos,
1131 1312 1173 1350 et
1208 1312 1412 1352 hominem
1444 1310 1563 1362 quem

190 1369 239 1408 ab
265 1371 516 1409 incommoda
554 1373 722 1410 caritate
749 1372 814 1410 vel
852 1373 1017 1411 satietas
1049 1372 1114 1411 vel
1141 1373 1252 1412 aetas
1284 1373 1349 1412 vel
1374 1373 1562 1412 fortunae
1582 1387 1618 1414 20

189 1442 284 1469 suae
318 1430 397 1469 fuit
434 1431 647 1471 dimissura
684 1432 880 1482 condicio,
914 1432 964 1471 ad
1002 1434 1241 1483 perpetuam
1277 1434 1562 1484 inpatientiam

189 1490 340 1530 viribus
372 1492 520 1530 nimiae
547 1492 794 1532 diversitatis
825 1494 1025 1543 inplicuit.
1077 1494 1152 1533 hoc
1178 1494 1308 1533 solum
1338 1493 1562 1533 insanabile

189 1563 312 1601 genus
346 1553 491 1591 amoris
524 1554 595 1602 est,
627 1555 674 1591 ut
705 1553 834 1592 odisse
867 1555 1034 1605 cogaris.
1086 1553 1234 1593 festina
1263 1553 1315 1593 ad
1340 1554 1561 1605 complora-

187 1610 340 1649 tionem
370 1613 590 1661 praesentis
623 1613 783 1663 doloris,
817 1614 959 1663 anime,
990 1614 1157 1663 festina,
1190 1615 1259 1654 sed
1289 1616 1330 1653 te
1362 1627 1386 1653 a
1417 1615 1560 1666 priori-

187 1669 261 1709 bus
293 1672 410 1710 malis
435 1685 571 1711 recens
603 1673 767 1712 abducit
791 1674 1032 1725 indignitas,
1066 1675 1187 1714 altius
1219 1676 1406 1727 gemitus,
1439 1675 1561 1714 altius
1581 1689 1615 1716 25

188 1732 350 1781 querela
387 1732 604 1783 repetenda
642 1735 712 1772 est.
776 1746 866 1773 cum
903 1737 1124 1774 meretricis
1164 1736 1217 1775 sit
1255 1735 1362 1786 quod
1405 1737 1563 1775 amator

187 1791 266 1840 odi,
299 1792 409 1831 cuius
442 1794 595 1843 putatis
628 1807 710 1834 esse
745 1795 850 1844 quod
882 1808 1035 1846 pauper
1067 1795 1284 1836 adamavi?

285 1898 303 1929 1
331 1894 504 1931 forsitam
530 1902 573 1930 M
652 1901 672 1931 3
699 1896 861 1933 iudices:
889 1898 930 1933 id
949 1905 1042 1934 BV&
1125 1910 1147 1934 a
1167 1899 1386 1935 clementia:
1414 1899 1464 1934 ad
1483 1898 1561 1935 cla-

184 1942 332 1978 mantia
350 1949 387 1978 B
459 1947 480 1979 4
507 1944 655 1990 di{rum
680 1946 715 1991 (e
741 1947 803 1990 er.)
825 1952 868 1981 Μ
938 1951 958 1981 5
986 1948 1268 1983 contentionem
1292 1954 1321 1982 V
1389 1948 1447 1989 est
1471 1947 1559 1983 illa:

186 1990 290 2026 stilla
314 1997 366 2035 Βς
393 1991 461 2027 illa
487 1993 545 2027 est
571 1998 613 2027 M
708 1996 728 2028 6
754 1994 834 2029 hic:
863 1994 916 2030 sic
943 2003 964 2029 ς
1038 2007 1082 2031 ac
1107 2002 1153 2041 Β,
1179 2008 1281 2042 supr.
1303 2003 1327 2030 ὸ
1426 1999 1446 2031 7
1472 1995 1559 2032 feri-

183 2040 306 2074 tatem
331 2046 368 2074 B
475 2040 602 2076 modo:
636 2052 722 2077 vero
750 2051 768 2084 β
877 2043 1002 2078 lentus
1030 2051 1066 2079 5:
1097 2044 1221 2079 laetus
1248 2059 1278 2079 ω
1402 2048 1422 2080 9
1449 2054 1560 2080 vene-

184 2087 256 2123 fica
284 2095 321 2133 ¹33
353 2089 555 2124 venenaria
582 2089 660 2126 Sch.
769 2090 824 2125 sic
850 2091 1048 2137 imponant
1072 2099 1143 2127 BV
1163 2092 1230 2137 (-ic
1255 2092 1324 2127 im·
1350 2093 1392 2128 in
1416 2104 1490 2129 ras.
1510 2094 1559 2139 B)

185 2138 228 2170 11
258 2137 315 2171 est
340 2135 538 2172 fastidium
564 2144 592 2171 V
679 2142 722 2173 13
749 2138 877 2174 volitis
903 2146 929 2174 S
1022 2144 1066 2175 16
1092 2140 1295 2176 voluissem
1321 2150 1340 2184 β
1438 2144 1484 2176 20
1510 2140 1558 2175 ab

183 2195 251 2220 om.
273 2190 310 2219 B
430 2184 488 2221 vel
515 2187 620 2221 aetas
650 2197 718 2222 om.
738 2193 784 2232 B,
815 2189 858 2223 in
883 2199 997 2235 mary.
1019 2196 1041 2223 b
1159 2193 1203 2225 21
1237 2189 1487 2235 inpcientiam
1511 2195 1558 2233 B,

181 2243 274 2268 corr.
303 2240 326 2266 b
448 2237 493 2268 23
530 2234 667 2270 amoris
704 2235 804 2271 0br.:
844 2236 976 2271 mortis
1009 2251 1038 2271 ω
1071 2239 1142 2283 (est
1173 2237 1305 2273 mortis
1338 2240 1398 2283 V);
1435 2236 1559 2273 morbi

185 2280 250 2316 Gr.
333 2281 513 2327 cogitaris
540 2288 576 2317 Β
660 2286 704 2318 24
730 2284 940 2329 praesentis
967 2284 1124 2322 doloris:
1152 2285 1275 2321 fidelis
1301 2292 1330 2320 V
1410 2285 1476 2321 sed
1501 2287 1557 2325 te:

183 2353 305 2389 sedite
329 2360 423 2389 BVcr
517 2365 555 2390 a:
587 2354 637 2390 ad
655 2362 692 2390 B
789 2359 834 2391 25
861 2356 1019 2392 adducit
1037 2358 1097 2405 Bgf
1121 2335 1255 2393 &ducit
1279 2364 1307 2392 V
1393 2357 1558 2404 gemitus

182 2401 298 2437 altius
325 2413 392 2439 om.
415 2408 464 2447 M,
490 2415 591 2449 supr.
611 2417 654 2438 m
753 2408 797 2439 26
825 2404 993 2450 querella
1016 2412 1053 2440 B
