1638 2560
531 123 852 162 DECLAMATIO
878 123 916 160 Π
934 127 1028 160 1-2
1413 124 1470 167 21

182 239 335 291 Sentio,
363 240 531 290 iudices,
561 240 709 291 pudori
738 241 918 290 iuvenis,
948 252 1023 291 pro
1055 252 1135 290 (1110
1166 239 1380 278 111111111111111
1412 241 1474 279 est

91 300 200 353 quod
234 301 440 354 parricida
476 313 559 341 non
596 304 674 352 est,
712 302 1000 353 gravissimum
1033 300 1165 340 videri
1198 301 1307 352 quod
1344 300 1475 340 absol-

90 362 245 404 vendus
276 364 339 403 est
368 364 510 402 contra
540 375 774 412 novercam,
809 363 850 401 et
880 362 1101 413 plurimum
1132 374 1249 401 caeco
1267 361 1331 401 »de
1362 374 1476 401 reve-

90 423 223 464 rentia
254 423 435 475 deperire
466 423 679 473 virtutum,
712 435 805 462 011111
835 423 1063 474 patrocinio
1096 435 1277 462 summae
1306 422 1475 473 pietatis

55 498 73 526 5
91 485 289 535 aufertur,
319 483 515 535 quicquid
545 483 778 524 defenderet
812 484 939 523 alium
969 485 1236 523 innocentem.
1286 484 1361 523 1100
1393 485 1475 534 pri·

89 559 203 585 mum
226 546 369 596 itaque
394 545 567 597 publicis
593 545 817 597 allegamus
844 545 1057 584 affectibus
1084 544 1193 595 quod
1217 557 1292 595 pro
1319 557 1361 584 se
1383 556 1477 584 reus

90 605 329 658 indignatur
370 607 435 645 uti
477 606 657 657 corporis
699 606 952 657 probatione.
1014 605 1126 645 solus
1171 606 1352 645 omnium
1394 618 1477 644 non

90 667 267 707 remittit
291 666 381 718 sibi,
411 668 462 706 ut
484 667 763 707 incredibilior
788 667 842 706 sit
866 668 911 705 111
941 666 1160 718 parricidio
1186 679 1327 706 caecus
1354 679 1478 716 quam

91 727 175 768 fuit
210 741 303 768 cum
338 718 529 768 videret?
567 728 689 768 homo
727 728 908 767 omnium
947 740 1047 778 quos
1085 741 1266 778 unquam
1306 728 1476 767 miseros

38 804 76 831 ιο
92 789 223 829 fecere
252 789 443 839 virtutes,
480 788 836 839 innocentissmus,
867 788 1132 840 parricidium
1162 789 1347 840 negavit,
1383 789 1479 828 ante

93 862 217 902 quam
241 851 358 901 pater
384 849 650 899 occideretur3
683 851 735 900 et,
766 863 817 889 ne
844 849 941 900 quid
966 849 1184 889 hodiernae
1210 847 1478 889 sollicitudini

92 911 295 963 praestari
329 910 500 962 putetis,
537 910 651 961 fecit,
690 910 799 961 quod
837 912 898 950 est
935 923 1138 950 summum
1175 911 1219 949 in
1252 910 1372 949 rebus
1403 910 1479 948 hu-

92 972 225 1012 manis
243 971 371 1022 nefas,
395 984 446 1011 ne
471 971 538 1011 vel
562 971 606 1010 in
632 971 714 1011 alio
740 971 981 1011 crederetur.
1024 970 1222 1024 ignoscite
1247 984 1320 1022 per
1343 971 1478 1021 fidem,

94 1032 204 1084 quod
234 1032 472 1084 indignatur
496 1045 538 1072 se
562 1032 722 1072 iuvenis
746 1033 789 1071 in
820 1033 1013 1072 honorem
1038 1034 1201 1072 tantum
1229 1032 1479 1072 calamitatis

39 1107 75 1135 15
94 1093 263 1134 absolvi.
311 1093 444 1132 filium
476 1094 548 1144 (1111
577 1095 736 1144 patrem
766 1106 815 1132 ex
844 1092 1030 1133 incendio
1062 1106 1137 1132 sua
1168 1093 1363 1132 caecitate
1395 1105 1478 1132 ser-

93 1154 227 1205 vavit,
269 1154 427 1194 facinus
473 1156 535 1194 est
577 1154 653 1194 hoc
696 1156 858 1194 tantum
901 1155 1157 1194 innocentem
1202 1154 1333 1193 videri
1370 1153 1480 1204 quod

92 1215 213 1254 illum
241 1227 323 1255 non
353 1216 534 1266 potuerit
566 1215 755 1255 occidere.

184 1276 293 1315 Nam
319 1275 428 1327 quod
454 1276 506 1315 ad
529 1276 755 1326 mulierem,
783 1275 950 1327 iudices,
981 1277 1160 1327 pertinet
1186 1289 1290 1327 quae
1317 1275 1479 1315 defendi

94 1350 176 1377 non
214 1338 368 1388 potest,
406 1333 544 1390 <ni>si
580 1339 741 1388 patrem
778 1350 918 1376 caecus
956 1337 1122 1387 occidit,
1158 1339 1242 1376 tam
1282 1337 1480 1388 inpuden-

41 1411 78 1438 20
94 1399 179 1437 tem
210 1398 427 1437 delationis
457 1399 739 1437 necessitatem
769 1398 877 1437 malo
903 1410 1027 1448 quam
1052 1398 1087 1436 si
1112 1399 1274 1436 tantum
1298 1399 1479 1449 negaret.

41 1509 43 1511 ι
94 1458 245 1499 viderit
281 1458 353 1509 qui
393 1458 583 1498 fiduciam
619 1460 805 1498 veritatis
849 1461 971 1510 putat
1009 1458 1118 1509 quod
1159 1471 1279 1498 caeco
1321 1459 1480 1498 facinus

97 1519 299 1559 obiectum
330 1520 402 1559 est.
465 1519 713 1571 deprehensa
744 1519 927 1559 mulieris
960 1519 1132 1558 audacia
1164 1522 1225 1559 est
1257 1519 1366 1570 quod
1398 1532 1479 1558 non

96 1582 232 1631 potest
264 1577 346 1620 nisi
372 1580 671 1619 incredibilium
696 1580 998 1631 comparatione
1025 1580 1198 1630 defendi,
1230 1583 1271 1619 et
1296 1581 1480 1631 quisquis

98 1653 262 1680 caecum
286 1641 462 1681 invicem
487 1643 662 1691 accusat,
687 1641 796 1680 solus
823 1643 885 1680 est
907 1654 1011 1680 reus.
1058 1641 1174 1691 aliae,
1199 1641 1362 1691 iudices,
1395 1654 1480 1680 esse

44 1714 79 1742 25
98 1701 325 1741 debuerunt
356 1701 548 1741 adversus
579 1702 683 1741 hanc
715 1702 966 1741 debilitatem
1002 1703 1274 1752 probationes.
1337 1714 1481 1741 caecus

98 1764 141 1802 in
171 1762 391 1813 parricidio
422 1775 503 1802 non
535 1762 654 1802 debet
685 1765 897 1814 suspectus
926 1762 1026 1812 fieri,
1058 1763 1127 1802 sed
1158 1763 1412 1814 deprehendi.

189 1822 347 1869 Quaeso
377 1823 528 1874 itaque,
560 1823 726 1874 iudices,
757 1826 804 1862 ut
833 1824 931 1862 haec
960 1825 1092 1874 prima
1122 1826 1290 1875 propter
1315 1836 1479 1863 causam

98 1884 256 1923 iuvenis
287 1884 440 1935 putetis
473 1897 576 1934 quae
602 1886 743 1924 eontra
768 1885 887 1923 11111111
910 1884 1038 1923 nimia
1066 1887 1172 1924 sunt.
1222 1884 1324 1924 nibil
1349 1886 1480 1936 magis

99 1943 218 1984 debet
255 1957 339 1984 esse
371 1957 445 1995 pro
484 1958 601 1984 caeco
634 1958 757 1996 quam
789 1945 898 1996 quod
935 1945 1126 1984 adversus
1163 1946 1282 1984 illum
1316 1946 1482 1985 fuerunt

44 2018 80 2045 ³0
98 2006 229 2044 multa
260 2005 459 2058 fingenda.
523 2008 564 2044 et
596 2008 756 2045 constat
787 2006 835 2045 de
866 2006 1033 2057 pietate,
1066 2006 1114 2045 de
1146 2007 1378 2046 innocentia
1409 2006 1482 2044 ho-

200 2100 219 2131 1
251 2095 415 2132 iudices:
447 2097 563 2133 iudex
588 2103 645 2142 Μ,
677 2098 720 2133 in
744 2108 861 2145 mary.
888 2108 981 2133 corr.
1007 2112 1049 2132 m
1149 2101 1169 2132 2
1199 2097 1372 2143 paricida
1398 2104 1435 2132 B

1498 240 1522 278 1

1504 1822 1529 1859 ιθ

100 2148 123 2179 4
150 2144 340 2190 deperire:
361 2145 508 2191 eperire
527 2147 608 2192 B(r
627 2145 694 2182 del.
717 2149 751 2182 et
769 2145 794 2180 d
813 2157 914 2192 supr.
928 2147 982 2191 ῠ)·
1002 2146 1126 2192 perire
1147 2153 1225 2181 MP
1282 2146 1482 2181 virtutium
1512 2136 1518 2141 ⁴

100 2199 138 2228 P
243 2193 285 2228 111
316 2194 532 2240 patrocinio
565 2209 595 2229 ω
619 2199 772 2240 praeter
796 2201 834 2229 Β
949 2198 969 2228 5
1004 2194 1190 2230 aufertur:
1225 2194 1382 2230 affertur
1411 2201 1482 2238 ,123

101 2241 286 2277 suffertur
311 2248 362 2286 Μ,
388 2242 449 2278 vel
476 2242 532 2278 af-
558 2254 658 2288 supr.
679 2257 722 2278 m
822 2247 865 2278 11
894 2242 1154 2279 sollicitudine
1180 2250 1217 2278 Ρ
1307 2247 1351 2279 12
1377 2243 1482 2289 prari

102 2295 158 2335 Μ,
183 2291 227 2326 in
251 2302 368 2338 mary.
396 2291 457 2327 vel
482 2293 677 2337 praestare
702 2306 746 2326 m
842 2291 1004 2337 putetis:
1037 2294 1149 2338 putes
1176 2298 1219 2327 Μ
1314 2295 1358 2326 13
1384 2293 1485 2326 inter

100 2348 149 2373 ne
173 2343 208 2374 et
230 2338 292 2374 vel
316 2350 419 2384 supr.
443 2340 587 2386 putetis
613 2354 656 2374 ιη
772 2340 947 2376 credetur
971 2346 1009 2375 B
1119 2345 1163 2375 14
1195 2345 1317 2376 temtus
1341 2341 1483 2386 inteyer

101 2386 238 2423 codicis
263 2393 290 2422 S
314 2389 450 2434 incipit
537 2393 580 2424 15
608 2399 654 2423 ex
678 2388 855 2424 incendio
881 2389 1031 2434 patrem
1059 2395 1094 2423 P
1186 2392 1229 2424 18
1257 2388 1422 2424 iudicem
1448 2394 1488 2422 Ρ

105 2438 150 2470 19
176 2435 252 2471 11131
279 2443 317 2471 ςε
344 2436 378 2471 si
403 2451 433 2471 ω
531 2437 781 2483 1111111ᾱοζ110111
806 2443 845 2472 Β
941 2440 985 2472 23
1013 2439 1067 2473 et:
1095 2438 1197 2483 quod
1223 2443 1259 2472 P
