1638 2560
200 122 306 181 212'
490 137 633 174 mvns
658 135 940 172 ACCVSATVS
965 133 1282 171 Paom'rioms

201 255 350 304 inquit,
384 249 477 291 ‘fuit
507 254 547 291 te
584 248 835 302 prodidisse’.
880 250 980 289 bene
1012 249 1212 289 admones.
1262 250 1369 289 hunc
1398 250 1576 300 primum

202 313 423 353 calumniae
449 315 541 352 tuae
568 312 672 351 obici
697 324 908 350 rumorem.
961 311 1049 361 quis
1076 311 1196 362 enim,
1226 309 1392 360 iudices,
1422 309 1579 349 nesciat

201 375 302 412 hanc
345 374 475 412 famae
520 385 602 412 esse
640 374 845 421 naturam,
889 373 935 409 ut
975 372 1029 409 sit
1068 372 1199 421 primo
1240 371 1359 410 unius
1401 370 1576 410 hominis

202 432 395 473 audacia?
459 433 505 472 de
538 433 651 472 nulla
687 446 730 472 re
768 433 925 471 locutus
958 433 1019 470 est
1050 432 1240 471 continuo
1271 431 1466 483 populus,
1503 443 1576 470 nec

203 495 415 544 quicquam
455 494 552 532 adeo
591 493 723 532 subito
762 493 979 543 statimque
1016 493 1151 531 totum
1189 493 1267 542 est,
1304 493 1351 531 ut
1381 492 1425 531 in
1458 491 1576 531 illum
1613 503 1630 531 5

200 555 352 605 pariter
390 555 567 593 omnium
606 566 734 592 sermo
767 553 1002 592 consentiat.
1065 566 1187 603 quam
1217 564 1299 591 non
1332 553 1462 603 possit
1491 564 1576 595 mo-

202 628 292 654 vere
318 615 535 664 civitatem,
558 627 677 664 quem
702 627 782 653 non
806 614 960 664 replere
985 613 1194 663 populum,
1221 612 1373 664 siquid
1391 612 1576 652 omnibus

201 675 314 714 nobis
346 688 494 725 narres,
528 677 571 713 in
602 675 713 714 nullo
740 688 821 713 non
853 675 968 713 coetu
999 674 1197 724 loquaris,
1229 674 1269 713 et
1300 673 1348 713 de
1379 686 1422 713 re
1454 686 1576 724 quam

202 749 291 775 cum
316 735 486 774 maxime
517 735 656 787 fingas,
689 736 771 774 iam
797 734 906 774 dicas
933 746 1017 774 esse
1042 733 1272 774 rumorem?
1322 735 1475 785 quanta
1499 733 1577 772 tibi

202 795 342 835 deinde
373 795 591 834 mentiendi
623 796 792 834 materia
825 795 872 834 de
903 795 1174 846 periculorum
1203 796 1432 835 nostrorum
1465 806 1576 834 occa·
1597 806 1632 834 10

202 858 310 895 sione
348 855 571 895 succurrit?
633 856 734 894 nihil
774 858 833 895 est
870 858 956 895 tam
994 868 1121 906 capax
1157 855 1462 908 malignitatum
1496 867 1576 894 ser-

202 930 442 967 monumque
482 930 602 966 quam
639 917 800 956 bellum.
865 916 962 967 quid
998 916 1183 967 interest,
1220 916 1326 955 unde
1361 916 1578 967 sumpserit

202 990 338 1016 rumor
375 975 534 1016 ortum?
598 977 703 1027 quod
746 977 884 1028 negari
922 990 1002 1016 non
1041 978 1192 1027 potest,
1231 978 1278 1015 tu
1319 977 1576 1026 contionalis,

204 1050 375 1087 accusas,
406 1040 452 1076 tu
485 1039 633 1076 crimen
666 1037 713 1076 de
745 1038 884 1077 fabula
914 1038 1025 1076 facis.
1076 1037 1119 1075 in
1149 1049 1309 1076 rumore
1341 1038 1453 1077 cuius
1485 1049 1576 1088 pro-

203 1098 394 1148 bationes,
426 1098 536 1137 cuius
564 1100 800 1150 argumenta
825 1111 905 1137 non
936 1097 1071 1148 habes,
1104 1098 1327 1137 calumniae
1359 1109 1484 1150 genus
1516 1098 1577 1136 est
1597 1109 1631 1136 15

204 1159 378 1209 primum
410 1158 577 1198 credere.

296 1214 418 1268 ‘Sed',
455 1219 606 1269 inquit,
640 1215 757 1258 ‘mori
789 1218 929 1268 debeo,
969 1220 1065 1269 quia
1096 1219 1160 1258 lex
1193 1231 1272 1269 qua
1305 1220 1347 1258 te
1380 1218 1577 1267 accusavi,

202 1279 276 1318 hoc
307 1279 550 1330 proditorem
582 1281 669 1330 pati
700 1275 838 1318 iubet.’
901 1280 1085 1330 poteram
1118 1278 1279 1330 quidem
1309 1279 1486 1318 breviter
1514 1290 1575 1317 re-

203 1339 395 1390 spondere
426 1340 556 1391 legem
583 1353 683 1390 quae
716 1339 1049 1379 calumniatorem
1080 1339 1187 1379 idem
1218 1340 1307 1391 pati
1336 1339 1460 1390 iubet,
1492 1340 1576 1378 eius

204 1413 372 1450 poenam
405 1401 575 1451 exigere,
609 1400 717 1450 quod
748 1401 924 1451 fecisset,
956 1413 1036 1439 non
1070 1400 1178 1451 quod
1207 1401 1340 1440 facere
1370 1400 1575 1439 voluisset.
1596 1411 1632 1438 2⁰

204 1459 400 1511 fingamus
431 1462 568 1499 tamen
600 1474 679 1499 non
710 1461 784 1499 hoc
816 1474 1034 1512 pauperem
1067 1462 1250 1512 captasse
1283 1460 1389 1511 quod
1421 1459 1577 1511 accidit,

205 1521 268 1559 cui
300 1520 416 1559 debet
447 1522 626 1572 inputari
654 1522 782 1560 exitus
816 1522 885 1571 qui
917 1522 964 1560 de
991 1522 1216 1561 calumniae
1248 1523 1342 1561 tuae
1370 1520 1487 1560 fluxit
1519 1533 1577 1559 er-

205 1579 320 1618 rore?
382 1581 504 1620 vultis
543 1581 659 1631 scire,
701 1582 869 1631 iudices,
908 1582 1019 1620 aliud
1052 1582 1279 1632 quaesitum
1317 1594 1440 1633 quam
1471 1579 1578 1632 quod

208 1641 272 1679 lex
305 1654 406 1690 quae
436 1643 539 1680 mori
568 1641 735 1680 iubeat?

296 1700 511 1740 Accusavit
541 1715 604 1740 me
637 1715 682 1741 eo
714 1704 892 1753 tempore
925 1716 1003 1753 quo
1035 1716 1115 1742 non
1147 1704 1330 1754 poteram
1364 1702 1577 1742 damnatus
1598 1713 1632 1740 2⁶

208 1761 342 1800 occidi.
407 1762 470 1800 dic
507 1775 628 1801 nunc:
669 1759 764 1801 ‘non
796 1776 868 1815 ego
907 1764 1036 1813 effeci,
1074 1766 1120 1802 ut
1158 1762 1432 1802 occiderentur
1461 1762 1580 1802 liberi

206 1818 296 1870 tui',
330 1823 369 1860 et
395 1822 496 1860 aude
522 1823 698 1862 civitatis
727 1823 829 1861 illud
854 1836 996 1863 vocare
1022 1824 1190 1874 facinus,
1215 1836 1295 1862 non
1321 1825 1458 1862 tamen
1483 1822 1578 1861 ullis

209 1881 352 1920 efficies
391 1882 560 1932 artibus,
598 1885 645 1921 ut
675 1897 755 1922 non
786 1885 920 1934 potius
953 1885 1142 1923 miserear
1178 1883 1424 1935 reipublicae
1455 1895 1579 1932 meae,

207 1955 287 1980 non
318 1943 449 1981 minus
489 1944 527 1981 et
558 1943 629 1981 illa
661 1944 815 1983 facinus
855 1946 914 1984 est
946 1958 1063 1996 passa
1097 1959 1218 1995 quam
1253 1946 1378 1995 pater.
1441 1944 1579 1983 coacta¹

209 2004 269 2041 est
299 2002 443 2041 liberos
475 2004 729 2054 imperatoris
755 2006 950 2044 vincentis
977 2006 1166 2044 occidere.
1216 2005 1385 2055 fallitur,
1417 2004 1580 2054 iudices,
1599 2015 1635 2044 so

307 2145 324 2175 1
353 2152 544 2178 ammones
566 2149 601 2177 P
672 2147 691 2178 2
720 2143 821 2179 obici
843 2151 894 2188 Β;
922 2145 1046 2180 obicio
1072 2145 1208 2190 reliqui
1281 2148 1302 2180 5
1327 2145 1461 2180 notum
1487 2151 1509 2178 ς

208 2189 248 2224 111
274 2200 340 2225 om.
369 2196 396 2224 V
500 2190 566 2226 illo
594 2200 664 2233 βγσ
770 2195 791 2227 8
817 2192 926 2227 nobis
953 2205 1019 2229 om.
1041 2200 1085 2229 M
1190 2204 1321 2229 narras
1346 2198 1427 2228 ΒΜ
1526 2191 1582 2227 lo-

208 2238 335 2282 queris
361 2250 406 2273 eoe
429 2238 597 2284 loquaris
622 2246 660 2274 B
757 2244 799 2275 12
827 2241 936 2286 quid:
964 2241 1015 2287 qd
1041 2248 1077 2276 Β
1174 2245 1217 2277 17
1246 2242 1361 2287 quate
1386 2242 1425 2276 te
1449 2246 1487 2275 Β

210 2313 254 2345 19
280 2285 368 2365 1ἓ3ζ3
394 2317 431 2345 Β
488 2359 495 2365 ι
528 2315 571 2346 23
605 2311 727 2347 aliud:
755 2312 903 2357 aliquid
928 2320 959 2348 J
1054 2318 1099 2349 24
1129 2325 1227 2359 quae
1251 2314 1348 2349 mori
1374 2312 1582 2348 calumniar-

209 2359 329 2393 torem
354 2359 461 2394 iubet
485 2359 617 2394 lubeat
643 2367 685 2395 M
754 2361 900 2397 iubeat:
927 2363 944 2396 t
969 2363 1011 2397 in
1029 2374 1102 2398 ras.
1123 2369 1161 2397 Β
1241 2366 1286 2398 26
1313 2361 1388 2398 feci
1414 2367 1470 2406 M3
1495 2371 1583 2407 pro-

182 2438 186 2443 ·
209 2430 283 2466 feci
310 2439 338 2466 «r
431 2431 501 2467 fini
527 2432 584 2467 tui
611 2441 637 2466 <r
732 2437 776 2468 27
809 2421 884 2470 Ede
909 2440 946 2469 n
1042 2438 1087 2471 28
1113 2434 1213 2470 effici
1239 2441 1276 2470 ι»
