1638 2560
204 95 293 138 426
626 90 886 127 EXCERPTA
912 89 1157 126 PARISINA.

205 212 342 249 autem
383 209 425 248 in
465 208 547 247 filio
589 208 718 247 mater
758 207 886 257 possit
927 205 1208 256 concupiscere
1250 204 1359 256 quod
1389 205 1588 246 fomosus

205 272 283 316 est,
330 270 459 310 oderit
499 270 659 320 oportet
700 267 808 318 quod
853 266 960 306 filius
1006 268 1079 306 est.
1143 265 1195 305 ad
1235 265 1312 306 hoc
1352 265 1467 306 nefas
1507 278 1589 306 non

203 331 334 371 forma
368 330 437 369 sed
463 329 639 368 amentia
672 340 772 379 opus
804 330 873 367 est.
932 340 1099 379 aegrum
1123 327 1276 377 pietate
1304 326 1486 366 animum
1516 339 1590 366 nec

204 391 438 431 deformitas
475 390 663 440 impedit,
704 401 776 427 nec
808 389 937 427 forma
968 389 1104 440 auget.
1162 389 1223 427 est
1259 387 1304 426 in
1339 387 1424 427 filio
1455 387 1588 428 nescio

205 452 312 503 quid,
339 451 445 502 quod
470 452 601 490 forma
627 450 840 489 formosius
867 452 938 488 est.
989 450 1025 488 si
1050 451 1188 488 tamen
1212 448 1387 488 formam
1412 461 1588 498 accusas,
1609 462 1625 488 5

205 513 255 551 ad
286 514 474 551 naturam
505 511 755 551 redeundum
793 512 871 555 est,
912 511 949 549 si
979 508 1119 548 odium
1148 508 1242 558 filii,
1283 509 1336 549 ad
1366 509 1498 559 patris
1527 509 1589 548 in-

202 573 468 612 festationem.
525 572 619 611 inde
650 584 765 610 rarus
798 571 840 609 in
872 570 1054 621 publico,
1094 569 1188 610 inde
1221 571 1333 610 totus
1366 569 1474 622 apud
1503 583 1590 609 ma-

201 636 317 673 trem.
373 633 444 672 sed
468 646 539 683 per
565 633 659 671 deos
685 632 947 681 immortales,
980 631 1030 670 ab
1057 631 1210 670 incesto
1234 630 1424 671 libidines
1449 643 1588 682 coepe-

202 693 324 733 runt?
391 693 480 744 quis
527 706 707 744 unquam
749 705 772 731 a
820 693 986 732 summis
1033 690 1207 743 incipit?
1273 691 1482 731 infinitum
1528 693 1590 732 est

203 755 310 805 quod
340 754 485 793 debeat
516 756 610 793 ante
636 755 777 793 fecisse
812 753 931 793 filius.
990 751 1117 803 quid?
1149 752 1257 803 quod
1286 752 1353 792 hic
1385 753 1590 792 contraria
1610 765 1638 794 m

201 815 491 854 miscerentur?
548 817 589 854 et
622 815 673 854 ad
710 815 911 854 incestum
944 826 1044 865 opus
1083 814 1161 863 est,
1202 814 1249 852 ut
1287 813 1518 863 adametur,
1549 815 1590 852 et

202 876 254 915 ad
284 876 434 925 filium,
465 878 511 914 ut
543 889 623 915 non
656 877 823 914 ametur.
888 888 958 914 cur
988 874 1119 913 filium
1151 873 1365 914 occidisti?
1419 874 1464 914 P.
1493 874 1589 925 quia

201 950 339 976 rumor
370 950 460 975 eum
499 936 727 976 accusabat.
785 937 845 975 M.
873 949 962 975 ecce
1000 948 1064 975 res
1106 936 1171 975 cui
1209 938 1351 975 contra
1386 937 1589 983 naturam,

202 999 340 1036 contra
372 999 577 1048 parentes,
619 999 761 1036 contra
798 996 946 1036 liberos
987 996 1095 1036 credi
1128 995 1283 1036 debeat.
1341 1008 1431 1046 oro,
1461 995 1506 1035 P.
1534 995 1589 1044 0.,

202 1071 283 1108 oro,
315 1059 379 1097 cui
406 1058 565 1097 facilius
592 1058 834 1097 credendum
860 1060 938 1097 est:
971 1057 1020 1097 de
1051 1069 1212 1096 rumore
1237 1056 1503 1107 mendacium,
1536 1069 1588 1095 an
1609 1069 1638 1100 11

201 1118 250 1158 de
281 1121 410 1157 matre
447 1117 673 1158 incestum?
729 1120 773 1157 P.
802 1119 982 1158 omnium
1021 1131 1202 1158 sermone
1241 1117 1457 1158 damnatus
1489 1120 1588 1156 erat.

201 1180 261 1218 M.
288 1180 529 1219 facillimum
561 1180 658 1228 suit,
700 1182 748 1219 ut
779 1180 1015 1230 loqueretur
1045 1179 1240 1230 populus,
1273 1178 1322 1218 de
1355 1191 1435 1230 quo
1465 1178 1589 1218 mira-

200 1240 322 1279 batur
351 1243 509 1291 patrem
541 1240 748 1291 suspicari.
805 1241 896 1291 quis
923 1242 1061 1279 autem
1091 1239 1253 1279 fabulae
1278 1239 1404 1278 fuerit
1436 1240 1638 1286 11110130134

200 1300 270 1339 ille
310 1301 458 1351 piobat
498 1302 568 1351 qui
590 1301 790 1340 credidit.
848 1314 936 1351 cur,
977 1302 1163 1351 inquam,
1203 1300 1334 1339 filium
1378 1299 1590 1339 occidisti?
1635 1335 1638 1342 .

200 1362 244 1400 P.
272 1361 368 1412 quia
399 1363 553 1401 rumori
578 1362 740 1401 credidi
798 1363 859 1401 M.
887 1375 968 1412 quo
996 1363 1247 1414 aigumento,
1278 1360 1448 1412 perdite,
1481 1359 1588 1400 credi
1609 1355 1638 1406 eds

201 1421 371 1461 debeat?
429 1423 481 1462 da
505 1424 629 1462 matri
661 1425 701 1462 et
725 1422 810 1462 filio
836 1423 939 1472 hanc
967 1422 1267 1472 conscientiam,
1298 1421 1349 1461 ab
1375 1417 1638 1474 utro[que]

201 1484 365 1522 venient
396 1483 561 1534 pr‘eces?
618 1483 784 1523 audebit
808 1484 883 1523 hoc
909 1497 1052 1536 rogare
1077 1483 1198 1533 filius,
1231 1484 1304 1522 aut
1334 1482 1515 1534 sperabit
1546 1495 1588 1522 se

199 1543 510 1593 impetraturam
554 1543 712 1583 mater?
781 1545 832 1583 da
869 1547 1078 1596 rogatum,
1123 1544 1174 1583 da
1219 1555 1451 1583 concessum
1491 1555 1587 1582 esse.

201 1616 337 1643 coram
368 1606 483 1654 patre
523 1605 783 1644 abstinebunt
852 1606 982 1645 omnis
1020 1604 1281 1644 familiaritas
1317 1604 1591 1656 sustringetur
1631 1590 1638 1663 Ξ

200 1665 243 1702 111
275 1664 447 1715 publico.
504 1667 641 1704 utrum
674 1666 787 1716 velis,
820 1667 934 1718 elige.
991 1666 1194 1705 incestum
1222 1664 1395 1717 diligens
1427 1676 1588 1716 suspec-
1608 1664 1638 1718 ἡ

200 1721 407 1777 tum[que]
440 1738 521 1765 non
554 1727 643 1775 erit,
676 1727 885 1779 negligens
918 1727 1250 1777 deprehendetur.
1306 1726 1351 1764 P.
1379 1738 1460 1765 non
1486 1724 1588 1764 dixi:
1627 1720 1638 1767 3

202 1784 338 1835 debui,
380 1786 449 1825 sed
489 1787 651 1825 credidi.
715 1789 775 1826 M.
803 1787 871 1827 sed
913 1801 985 1827 nec
1023 1787 1240 1827 credidisti.
1298 1787 1360 1826 vis
1399 1785 1500 1837 quid
1540 1785 1588 1825 de
1628 1779 1630 1783 ⁸

200 1859 361 1885 rumore
386 1847 471 1897 ipse
500 1849 681 1897 senseris,
708 1848 884 1887 breviter
910 1847 1105 1899 probem?
1161 1848 1214 1887 da
1241 1847 1394 1887 bonum
1418 1849 1589 1898 patrem,
1624 1880 1628 1887 ,,

202 1906 401 1945 dicturam
433 1921 495 1947 me
521 1910 654 1958 putet:
687 1922 768 1947 non
795 1909 940 1948 credet.
999 1922 1090 1948 non.
1148 1909 1286 1954 immo,
1320 1908 1472 1947 nesciet
1503 1919 1588 1947 esse

200 1979 411 2006 rumorem.
469 1982 593 2019 prope
627 1971 687 2009 est
722 1971 876 2009 incesto
914 1970 1076 2019 timere,
1108 1983 1158 2009 ne
1189 1968 1273 2008 fiat.
1332 1968 1384 2008 da
1421 1968 1587 2017 malum,
1617 1972 1622 2011 J

200 2029 413 2067 tormentis
452 2030 725 2078 quaerendum
763 2043 847 2069 esse
885 2031 1055 2081 putasti.
1113 2043 1185 2070 cur
1215 2029 1346 2068 filium
1377 2027 1588 2069 occidisti?

200 2087 244 2126 P.
272 2101 351 2128 non
383 2091 567 2139 poteram
592 2092 656 2130 tot
682 2090 930 2130 dela-toribus
957 2091 1076 2130 aliter
1101 2090 1354 2142 respondere.
1411 2089 1590 2129 breviter

298 2258 318 2287 2
347 2252 397 2288 ad
422 2252 526 2289 hoc
530 2256 626 2289 —est
647 2259 732 2300 post
758 2256 874 2301 auget
899 2256 1071 2292 etz-hibent
1098 2261 1203 2290 RVB
1266 2255 1269 2258 ’
1301 2258 1322 2298 6
1348 2253 1589 2289 referendum

202 2307 308 2336 RVB
427 2305 445 2336 7
473 2301 562 2337 inde
589 2314 656 2338 om.
685 2309 746 2338 VB
869 2306 913 2338 10
941 2305 1046 2338 ante:
1075 2305 1204 2338 autem
1232 2308 1337 2338 RVB
1459 2306 1502 2338 11
1531 2302 1589 2337 eat

200 2360 269 2385 om.
292 2356 328 2384 P
408 2354 450 2385 12
478 2350 679 2408 adametur
702 2358 805 2387 nl'B
892 2355 934 2386 13
963 2354 1095 2387 contra
1116 2363 1183 2388 om.
1210 2357 1272 2386 VB
1358 2354 1403 2386 14
1430 2350 1586 2386 debeat:

200 2397 290 2443 finis
314 2397 451 2435 codwis
476 2406 512 2434 ι’
1485 2427 1487 2429 .
1554 2400 1572 2428 ’ἐ
1603 2400 1606 2402 ’
