1638 2560
517 99 835 137 DECLAMATIO
861 99 949 136 XIV
973 104 1078 136 6—8.
1396 100 1482 142 271

109 215 220 268 quod
252 216 479 268 petebatur,
516 216 675 267 reliqua
704 228 864 267 quoque
896 215 1050 255 viribus
1081 216 1239 255 vicinae
1275 214 1383 255 tabis
1420 228 1486 254 ex-

107 278 257 328 pirant.
319 277 519 328 quaedam
554 277 738 316 fortassis
769 276 1038 316 medicamina
1074 277 1244 327 possunt
1274 275 1386 315 aliud
1416 288 1487 314 vo-

109 339 195 377 cari
223 350 347 388 quam
377 350 587 377 venenum.
638 337 734 376 dare
765 337 874 388 quod
905 350 988 376 non
1017 337 1126 386 licet,
1156 349 1238 375 non
1269 338 1331 376 est
1361 336 1487 386 aliud,

52 434 54 437 .
109 411 233 449 quam
264 397 511 438 veneficium.

71 473 89 500 5
166 502 169 503 ⁷
192 458 423 508 Quantum,
453 458 647 508 nefanda,
679 458 727 497 de
757 459 899 509 poenis
929 458 1117 497 humanis
1155 458 1382 510 excogitare
1415 470 1487 508 po-

106 517 254 559 tuisti?
313 520 568 559 innocentius
598 519 846 558 mehercules
877 519 1029 566 fuerat,
1067 521 1115 557 ut
1146 520 1302 557 amaret
1339 518 1487 568 aliquis

106 580 272 620 invitus.
333 581 542 631 potionem
573 580 812 632 excogitasti
844 592 925 630 qua
962 579 1070 618 bella
1101 580 1371 628 committere,
1407 590 1489 628 qua

106 641 314 680 se'totum
350 641 573 679 humanum
610 653 735 692 genus
772 641 909 691 posset
942 640 1083 679 odisse.
1144 641 1281 690 potest
1319 639 1487 688 efficere,

107 702 156 740 ut
184 713 266 740 non
298 703 435 740 ament
464 701 613 740 liberos
644 703 843 752 parentes,
874 703 922 739 ut
951 701 1296 751 propinquitates,
1327 701 1376 738 ut
1405 700 1486 738 fia-

53 776 89 803 ῐο
106 762 291 811 tel-nitas,
321 763 370 800 ut
400 762 584 802 amicitia
614 775 656 801 se
687 761 866 801 collidat.
917 761 1000 800 odii
1030 762 1238 811 potionem
1272 773 1389 799 nemo
1422 773 1486 799 ac-

106 823 209 873 cipit
238 822 318 862 nisi
349 824 490 861 contra
521 823 725 861 hominem
756 835 876 873 quem
906 835 988 860 non
1020 821 1139 861 debet
1169 821 1309 861 odisse.

197 883 389 933 Temptat
424 883 499 921 hoc
536 883 624 922 loco
663 883 950 922 nocentissima
983 882 1227 921 feminarum
1259 882 1307 921 de
1339 882 1486 921 scelere

106 955 179 983 suo
200 958 203 960 ·
224 943 357 983 facere
399 942 647 982 beneficium.
712 939 1008 992 ‘merem-icem’,
1045 944 1199 993 inquit,
1232 939 1484 982 ‘amaveras'

106 1003 248 1043 differo
278 1004 497 1054 paulisper,
529 1003 693 1053 iudices,
726 1004 892 1043 affectus
923 1004 1043 1043 huius
1069 1004 1377 1042 excusationem.
1429 1003 1488 1041 dii

52 1078 88 1105 ιε
106 1063 304 1115 demque,
335 1066 534 1114 quantum
570 1066 613 1103 in
650 1065 726 1104 hoc
757 1065 1026 1104 contumeliae
1058 1066 1119 1104 est
1151 1064 1259 1114 quod
1296 1063 1375 1103 sibi
1404 1077 1487 1103 me-

105 1125 232 1164 retrix
262 1124 425 1164 videtur
455 1125 665 1164 adamata!
727 1126 774 1163 tu
804 1125 883 1164 tibi
914 1126 1152 1175 cuiusquam
1184 1124 1365 1164 adfectus
1398 1136 1487 1163 cen-

105 1186 214 1226 soria
257 1187 460 1238 gravitate
507 1184 762 1237 praestabis?
824 1188 871 1224 tu
911 1185 989 1224 tibi
1030 1187 1244 1225 aestimare
1282 1186 1487 1235 permittis

106 1259 230 1296 quam
260 1247 493 1296 frequenter
524 1247 655 1297 aliqui
686 1247 860 1296 lupanar
889 1244 1042 1285 iniret?
1104 1248 1150 1284 tu
1182 1247 1248 1285 cui
1278 1259 1360 1285 non
1389 1246 1487 1284 licet

106 1306 315 1346 excludere
341 1307 582 1356 debilitates,
614 1306 800 1346 fastidire
825 1307 972 1356 sordes,
1002 1308 1184 1357 exposita
1209 1306 1485 1355 ebrietatibus,

52 1382 89 1408 πο
107 1367 271 1407 addicta
318 1367 569 1419 petulantiae
618 1370 676 1416 et,
726 1380 909 1418 quaeque
958 1368 1181 1407 novissima
1223 1367 1362 1406 vilitas
1414 1369 1486 1416 est,

104 1428 290 1467 nocfibus
325 1429 556 1479 populoque
593 1440 796 1477 concessa,
834 1441 965 1467 mores
1003 1421 1227 1467 iOventutis
1269 1426 1485 1467 emendas?

106 1489 295 1539 aequiore
327 1490 462 1528 animo
493 1489 611 1538 feras,
643 1491 690 1527 ut
719 1490 910 1527 meretrix
940 1488 1042 1527 velit
1073 1488 1266 1528 adamari.

196 1545 343 1598 ‘Eras’‚
374 1550 521 1600 inquit,
548 1547 605 1588 ‘et
634 1546 815 1600 pauper.'
868 1550 973 1598 volo,
1003 1549 1168 1598 iudices,
1193 1550 1250 1588 sic
1276 1548 1386 1600 apud
1410 1562 1482 1588 vos
1509 1549 1533 1586 8

104 1610 311 1660 paulisper
348 1623 484 1662 agere,
524 1612 736 1660 tamquam
772 1611 816 1648 in
853 1610 929 1649 hoc
965 1623 1029 1648 me
1068 1610 1230 1649 adfectu
1267 1610 1486 1660 propinqui

50 1682 86 1709 25
105 1671 304 1721 amicique
329 1671 538 1722 castigent.
588 1683 669 1709 non
702 1683 775 1722 ego
801 1671 972 1710 alicuius
997 1671 1248 1709 matrimonii
1274 1673 1486 1721 corruptor

203 1777 221 1808 1
249 1784 415 1818 quoque:
442 1784 528 1809 vero
554 1780 582 1807 V
650 1773 777 1809 vicina
802 1775 841 1809 et
866 1773 915 1809 ab
941 1774 1001 1809 his
1028 1774 1074 1820 (is
1100 1780 1147 1818 B,
1172 1785 1265 1810 corr.
1290 1775 1327 1819 υ)
1347 1779 1417 1808 BV

106 1825 126 1856 2
159 1820 331 1857 fortassis
358 1828 438 1857 Mur:
471 1822 580 1857 fortis
606 1828 686 1867 Βῆ
719 1821 818 1857 forte
844 1831 886 1864 βγ
1007 1825 1029 1857 3
1061 1832 1194 1867 quam:
1224 1822 1328 1867 quod
1353 1828 1390 1856 P

103 1880 305 1906 venenum:
332 1870 555 1906 veneficium
580 1876 607 1905 s
703 1875 727 1906 4
753 1881 885 1916 quam:
912 1871 1014 1916 quod
1042 1877 1078 1905 P
1171 1870 1380 1906 veneficum
1406 1876 1488 1905 Bu

105 1922 127 1954 6
152 1918 373 1954 innocentia
398 1925 443 1964 Β,
471 1930 487 1954 s
511 1930 613 1965 supr.
635 1926 658 1954 ο
743 1919 897 1967 fuerasst
920 1925 972 1963 B3
998 1930 1066 1955 om.
1093 1925 1123 1954 τ’
1216 1923 1235 1954 7
1263 1930 1355 1963 qua:
1387 1919 1429 1964 (ῖς
1450 1925 1486 1953 Β

105 1969 140 2014 (“
167 1967 255 2003 add.
276 1970 331 2014 b);
358 1966 437 2010 Que
464 1974 492 2002 V
572 1967 768 2003 comittere
793 1974 846 2013 B3
873 1968 1129 2004 committeret
1154 1973 1196 2002 Μ
1290 1970 1313 2002 8
1338 1969 1482 2013 potest:

104 2017 214 2062 potes
240 2024 260 2058 β
334 2019 354 2050 9
382 2018 420 2051 et
438 2015 658 2052 fraternitas
685 2025 704 2058 β
779 2019 824 2051 10
850 2026 890 2052 se
915 2027 983 2052 om.
1004 2022 1075 2051 BV
1157 2019 1202 2052 15
1228 2016 1268 2050 in
1294 2027 1361 2051 om.
1389 2022 1417 2050 ι’

105 2063 155 2100 ho
180 2070 225 2107 B,
252 2075 272 2099 c
297 2075 398 2110 supr.
420 2071 444 2098 ὸ
525 2066 583 2100 est
607 2076 675 2101 om.
698 2070 740 2099 M
822 2068 866 2100 16
893 2065 1134 2110 cuiusquam:
1162 2066 1358 2108 tamquam
1385 2070 1411 2098 S

91 2112 270 2149 ‘caesoria
296 2119 345 2156 1²3
385 2124 541 2148 cessoua
567 2119 610 2148 Μ
637 2115 743 2159 (corr.
764 2114 820 2158 m)
958 2116 1001 2148 17
1033 2112 1265 2159 praestabis:
1303 2111 1483 2158 pensabis

105 2161 248 2205 Luca-93
286 2161 498 2207 pensitabis
524 2162 618 2206 Bu.;
656 2161 849 2207 pensitare
874 2161 931 2196 vis
957 2162 1062 2197 Dese.
1152 2165 1197 2196 18
1223 2172 1354 2206 quam:
1382 2161 1483 2206 quod

107 2215 144 2244 P
262 2208 402 2255 aliquis
429 2216 498 2244 ,Πσ
615 2209 795 2256 lupanar:
827 2209 964 2255 loquar
983 2215 1010 2244 S
1135 2213 1178 2244 19
1205 2209 1327 2244 sordis
1353 2215 1390 2244 B

106 2260 153 2293 20
179 2256 327 2293 utilitas
353 2264 409 2302 11,
435 2257 495 2293 vel
520 2257 648 2293 vilitas
672 2270 775 2305 supr.
795 2273 838 2293 n·
936 2261 980 2293 21
1008 2268 1082 2303 que
1107 2269 1175 2294 om.
1199 2264 1227 2292 V
1319 2256 1483 2292 inventis

106 2311 158 2350 Β,
186 2307 230 2341 tu
253 2318 357 2352 supr.
378 2313 402 2341 b
513 2310 558 2341 22
586 2306 706 2342 amari
733 2313 775 2342 Μ
877 2310 922 2342 23
950 2308 1098 2341 amator
1123 2308 1163 2342 et
1192 2316 1338 2352 pauper
1363 2313 1391 2340 <5

107 2357 154 2436 ἐι
180 2355 381 2436 {aff-nquam
397 2377 438 2381 —
456 2354 645 2401 castigent
671 2355 758 2391 l.25
784 2366 851 2390 om.
874 2361 900 2389 S
1025 2365 1111 2390 mea
1137 2353 1289 2390 defectu
1316 2360 1397 2397 1:113
1423 2364 1480 2387 mo

134 2412 154 2437 e
207 2413 228 2438 e
246 2404 331 2438 ectu
356 2410 388 2437 J
