1638 2560
223 107 310 150 386
602 103 861 141 EXCERPTA
886 102 1220 140 MONACENSIA.

225 223 403 262 siderans
435 221 707 260 innocentiam
740 232 865 268 suam,
901 219 1008 258 inter
1038 219 1137 258 haec
1168 219 1385 258 lacrimans
1410 218 1603 274 ingemui.

224 283 402 322 lacrimis
441 294 533 333 ergo
575 282 674 319 meis
720 281 760 319 et
797 280 950 332 gemitu
996 280 1115 330 pater
1154 278 1372 330 perductus
1418 279 1603 329 intravit,

225 330 583 411 interrogantique,
610 354 700 380 cum
725 342 898 380 nesciret
923 340 1021 408 quid
1046 342 1160 390 esset,
1193 341 1235 379 et
1258 339 1408 392 fingere
1431 351 1604 391 possem,

226 405 310 443 sine
341 416 454 442 mora
490 401 696 452 respondi,
738 403 777 440 et
813 414 877 439 me
911 402 1016 440 mori
1047 400 1169 450 velle,
1207 402 1249 440 et
1279 412 1478 440 venenum
1518 413 1603 440 esse

226 464 333 516 quod
364 463 577 502 terebatur.
641 463 756 501 stetit
787 461 1025 512 intrepidus,
1050 483 1110 488 —
1134 461 1270 511 inquit
1295 455 1358 516 (Ρ.
1385 462 1485 507 307,
1515 454 1602 515 12).

226 527 271 563 111
303 524 403 562 1111111
434 523 558 563 obicis
598 523 705 573 quod
741 525 899 572 patrem
932 521 1110 561 occidere
1148 522 1295 561 vellem
1333 523 1375 561 et
1403 523 1448 560 in
1484 521 1604 561 huius

226 585 504 635 probationem
544 583 708 623 adducis
747 582 899 632 dicens,
937 582 1045 634 quod
1075 583 1152 622 hoc
1190 595 1331 622 verum
1369 583 1440 632 sit,
1477 583 1604 633 patet,

228 647 323 695 quia
362 645 546 684 abdicare
584 644 704 683 volui.
768 644 837 683 sed
877 645 920 682 in
957 643 1033 682 hoc
1070 643 1272 694 primibus
1309 642 1512 683 iudicibus
1543 644 1605 681 in-

226 705 378 744 vidiam
397 705 497 744 facis
524 718 696 754 quorum
722 705 921 744 sententia
942 704 991 743 ab
1019 704 1273 743 accusatione
1298 705 1373 743 tua
1398 703 1605 744 absolutus

226 767 296 806 fui.
359 767 399 805 et
430 766 729 816 iniquissimum
762 766 838 815 est,
871 766 918 804 ut
938 786 993 791 ——
1014 765 1245 804 tractantur
1286 758 1348 818 (Ρ.
1381 766 1482 811 307,
1513 760 1604 819 20).
1627 779 1638 805 1

228 827 295 866 36(1
327 827 503 865 tractata
535 828 646 874 sunt,
679 827 719 864 et
750 825 853 864 liber
885 827 1068 876 apparui.
1131 825 1289 865 felicior
1307 847 1366 852 —
1385 826 1607 865 restituunt

230 883 291 941 (Ρ.
327 889 426 933 307,
458 881 555 940 23),
593 886 689 925 11661
737 887 920 936 quamvis
958 886 1200 937 proclames:
1239 898 1357 936 saepe
1401 885 1528 925 detuli
1548 907 1607 912 —-—

230 948 419 987 obieceris
464 942 522 1001 (Ρ.
556 948 656 993 308,
688 942 777 1000 21).
850 946 970 986 fidem
1010 960 1091 986 non
1139 947 1251 997 capit
1278 968 1337 974 —
1362 946 1608 998 parricidam

230 1004 292 1062 (Ρ.
321 1010 420 1053 309,
449 1002 535 1061 13).
564 1030 567 1032 ,
594 1007 662 1046 sed
701 1007 799 1046 dicis
837 1007 1048 1058 parricidii
1086 1009 1370 1060 argumentum
1408 1009 1470 1046 est
1501 1007 1608 1058 quod

228 1069 408 1107 habuisti
433 1081 639 1107 venenum.
679 1068 748 1108 sed
773 1081 979 1119 nunquam
1004 1068 1204 1108 iudicabis
1223 1068 1423 1108 latronem
1448 1080 1608 1108 omnem
1628 1082 1638 1108 1

232 1130 300 1179 qui
321 1129 500 1180 gladium
518 1128 650 1167 habet.
695 1129 899 1180 peregrini
912 1130 1052 1179 utique
1066 1129 1233 1169 solliciti
1245 1128 1428 1181 gladium
1446 1127 1608 1178 habent,

231 1192 271 1228 et
297 1189 442 1241 gladiis
469 1185 697 1241 som[p]nos
716 1190 918 1229 munimus
941 1190 1141 1229 timentes.
1192 1189 1298 1228 unde
1317 1189 1425 1257 leges
1450 1185 1607 1241 hae<c>

231 1263 311 1288 non
342 1249 573 1300 prohibent,
610 1250 678 1288 sed
710 1250 854 1289 horum
892 1250 1071 1290 abusum.
1136 1251 1192 1289 sic
1230 1262 1304 1302 ego
1336 1249 1378 1288 in
1409 1249 1608 1301 prosperi-

230 1312 315 1349 tate
347 1323 436 1348 mea
468 1323 665 1349 venenum
692 1323 942 1361 paraveram,
976 1311 1026 1350 ad
1060 1311 1168 1378 quod
1192 1323 1351 1362 possem
1383 1310 1610 1362 confugere,

233 1371 266 1410 si
298 1370 398 1409 mihi
435 1372 712 1421 superveniret
750 1384 864 1411 casus
895 1373 1090 1422 incertus,
1128 1372 1163 1411 si
1195 1371 1327 1422 dolor,
1360 1372 1395 1409 si
1425 1371 1638 1423 languor‚s

234 1432 267 1470 si
298 1432 516 1482 improvisa
548 1431 746 1470 debilitas.
809 1433 1014 1471 miramini
1047 1432 1154 1482 quod
1178 1432 1254 1472 hoc
1284 1431 1460 1482 fecerim,
1490 1431 1610 1471 homo

235 1493 303 1541 qui
334 1493 396 1530 tot
422 1492 673 1531 calamitates
706 1494 747 1531 et
775 1493 996 1533 delationes
1029 1494 1214 1533 sustinui.
1272 1492 1341 1532 sed
1373 1492 1498 1532 dices:
1529 1505 1610 1531 non

235 1554 295 1590 est
337 1552 540 1602 credibile,
585 1554 631 1591 ut
670 1554 773 1592 mori
808 1554 983 1593 volueris
1016 1554 1226 1593 absolutus
1266 1553 1335 1604 qui
1379 1566 1470 1593 reus
1507 1553 1612 1592 mori

235 1613 413 1651 noluisti.
465 1613 533 1651 sed
562 1613 656 1662 vixi,
689 1613 783 1651 dum
810 1627 1024 1665 sperarem,
1055 1616 1102 1653 ut
1133 1614 1323 1653 lacrimae
1349 1626 1461 1653 meae
1492 1614 1611 1652 mise-

234 1673 397 1722 riaeque
417 1674 653 1724 mitigarent
670 1674 992 1726 indignationem
1011 1677 1135 1714 tuam.
1174 1674 1259 1713 vixi
1272 1675 1408 1724 etiam,
1427 1686 1476 1713 ne
1497 1686 1609 1713 accu-
1630 1686 1638 1712 s

236 1734 384 1772 sationi
415 1733 571 1771 viderer
603 1734 751 1784 cedere,
784 1737 824 1773 et
854 1748 903 1774 ne
936 1748 1056 1787 super
1088 1735 1260 1774 cadaver
1290 1747 1425 1774 meum
1455 1732 1611 1785 procla-

235 1806 365 1832 mares
398 1795 438 1832 et
468 1793 635 1834 diceres:
667 1796 811 1834 merito
842 1795 973 1846 timui,
1004 1797 1149 1835 merito
1180 1795 1363 1846 praedixi
1393 1807 1611 1842 venenum:

238 1855 307 1904 qui
339 1854 500 1892 vivendi
532 1867 612 1892 non
637 1854 812 1894 habebat
837 1857 1056 1895 audaciam.
1121 1870 1261 1895 verum
1286 1858 1423 1895 tamen
1453 1855 1532 1895 tibi
1563 1855 1611 1894 de

236 1915 493 1964 impatientia
527 1928 617 1954 mea
652 1916 861 1954 fatendum
894 1919 963 1956 est.
1028 1917 1167 1956 eadem
1195 1918 1329 1956 mente
1354 1916 1466 1956 volui
1497 1917 1612 1966 mori,

238 1987 329 2013 cum
361 1974 584 2024 abdicares,
624 1988 704 2025 qua
734 1989 815 2015 non
844 1976 946 2028 bibi,
988 1991 1079 2017 cum
1110 1977 1277 2017 iuberes.
1341 1976 1409 2016 sed
1442 1977 1638 2027 quaer-ia:

239 2035 273 2074 si
304 2035 406 2073 mori
438 2035 621 2084 voluisti,
659 2048 729 2074 cur
765 2038 1018 2087 potissimum
1053 2051 1206 2077 veneno
1242 2041 1307 2077 etc.
1341 2032 1399 2092 (Ρ.
1426 2039 1527 2083 314,
1555 2031 1612 2091 7).

321 2108 365 2144 Ρ.
394 2097 492 2141 314,
518 2096 576 2134 25
608 2096 739 2135 11111103
781 2097 831 2135 ab
873 2098 986 2136 aditu
1019 2099 1116 2148 loci,
1153 2100 1196 2137 in
1229 2111 1307 2148 quo
1341 2111 1462 2148 eram,
1493 2110 1608 2148 prae-

238 2168 345 2207 pono
377 2155 570 2194 custodes.

323 2228 367 2264 Ρ.
395 2216 495 2261 315,
530 2218 585 2255 12
623 2217 839 2266 aliquando
883 2220 1022 2257 tenens
1065 2220 1108 2257 in
1153 2220 1256 2259 collo
1299 2219 1490 2270 laqueum
1533 2231 1614 2257 non

239 2278 420 2315 mortuus
452 2278 523 2316 est.

323 2349 367 2385 Ρ.
396 2337 495 2382 315,
518 2338 574 2375 18
595 2367 601 2374 .
624 2367 631 2375 .
654 2339 879 2387 .pereuntis
901 2339 1056 2377 affectu.
1108 2341 1305 2379 secretum
1325 2339 1466 2378 domus
1487 2338 1614 2391 elege-

241 2410 347 2446 ram,
392 2398 488 2447 quia
532 2398 774 2436 naturaliter
814 2411 919 2438 mors
964 2400 1059 2439 talis
1106 2400 1299 2451 pudorem
1339 2400 1472 2439 habet.
1545 2400 1615 2450 qui
