1638 2560
537 97 856 135 DECLAMATIO
882 98 979 134 VIII.
1357 99 1447 142 403

70 213 291 254 iurabant.·
326 214 388 253 M.
418 213 508 265 ipsa
545 213 823 264 desperatione
860 213 1054 253 debuerat
1085 215 1256 254 crevisse
1287 214 1445 254 caritas.

69 274 115 312 P.
141 274 329 314 orbitatis
358 275 617 325 impatientia
648 274 836 314 confusus
866 275 938 313 fui.
995 275 1056 313 M.
1088 277 1130 314 te
1161 274 1294 326 ipsum
1323 275 1447 314 in'oer—

69 335 240 375 fecisses.
302 335 347 373 P.
380 335 433 374 ad
472 335 592 374 huius
629 335 757 374 vitam
792 347 858 374 me
895 336 1064 374 servavi.
1127 336 1188 374 M.
1220 335 1358 374 forsan
1395 335 1448 375 ad

68 395 180 436 illius
210 396 392 435 mortem.
450 395 576 435 satius
617 395 758 435 orbum
797 409 919 446 quam
956 395 1201 446 parricidam
1243 409 1338 435 esse.
1400 397 1446 434 P.
1506 386 1513 395 ¹

32 471 49 498 5
67 469 149 495 non
186 458 248 496 est
282 455 546 506 parricidium
587 456 666 495 nisi
698 469 745 495 ex
784 456 942 495 affectu.
998 457 1058 495 M.
1092 458 1199 496 certe
1232 458 1374 506 etiam,
1412 458 1448 496 si

14 513 20 526 ²
67 517 292 568 periturum
334 517 541 568 elegisses,
585 516 821 556 sanandum.
890 517 933 555 P.
966 518 1010 555 in
1047 517 1220 557 mortuis
1261 517 1448 557 vivorum

0 625 3 627 ,
68 578 221 617 sanitas
247 577 476 628 quaerenda
501 579 572 616 est.
629 578 690 616 M.
717 578 906 617 sanitatis
931 578 1037 617 ratio
1063 577 1225 627 decidit,
1257 579 1292 617 si
1321 578 1449 617 medi-

68 638 159 678 cina
181 638 423 677 tantundem
449 639 658 677 consumit.
709 638 754 677 P.
780 651 862 677 non
894 638 1009 691 elegi,
1035 638 1106 678 sed
1136 640 1228 677 uter
1254 638 1447 678 interesse

67 698 224 750 negavi.
281 700 342 738 M.
367 699 444 738 hoe
473 699 629 749 probat.
681 699 750 750 sic,
782 699 856 749 si03
888 699 923 738 si
954 698 1102 738 evadat
1133 701 1236 749 uter,
1268 701 1309 739 et
1340 701 1446 738 uter-

10 774 48 801 ιο
67 772 155 810 que.
211 759 256 798 P.
290 759 360 798 diu
399 759 549 808 fateor,
589 759 631 797 P.
660 758 715 809 G„
753 759 991 810 deliberavi,
1031 772 1111 798 non
1153 760 1294 800 statim
1335 761 1447 800 cessi.

13 826 19 831 ·
66 820 126 859 M.
159 819 255 858 dum
292 819 508 870 deliberas,
549 819 645 859 dum
684 822 900 870 retractas,
940 820 983 859 in
1024 822 1197 871 utroque
1237 821 1448 871 parricidii

66 892 218 932 peccas.
269 881 313 919 P.
342 880 439 931 quid
464 878 667 920 facerem?
698 880 818 919 dixit:
844 881 1006 920 sanabo.
1058 882 1118 920 M.
1143 881 1318 920 dixerat:
1345 883 1447 921 occi-

66 940 170 980 dam.
227 941 272 979 P.
298 954 429 980 nonne
454 954 657 994 magnum,
684 953 826 981 sanare
851 940 1010 980 filium?
1059 943 1120 981 M.
1147 955 1278 981 nonne
1304 942 1447 992 maius,

66 1001 244 1041 occidere
276 1002 421 1051 alium,
461 1002 682 1040 maximum
722 1001 916 1054 aegrum?
971 1003 1015 1041 P.
1048 1003 1163 1042 salva
1204 1006 1266 1042 est
1303 1003 1448 1054 pietas,

11 1077 46 1104 15
65 1061 150 1111 ubi,
181 1062 374 1113 quicquid
403 1061 468 1113 fit,
507 1075 581 1113 pro
613 1064 701 1102 vita
731 1062 788 1101 fit.
846 1064 906 1101 M.
938 1063 1115 1102 maxima
1154 1066 1214 1103 est
1244 1064 1447 1114 impietas,

13 1173 18 1176 ὓ
66 1122 245 1163 occidere
284 1122 414 1162 filium
455 1136 528 1175 pro
568 1123 730 1162 homine
775 1137 895 1174 quem
939 1137 1018 1162 non
1059 1126 1179 1175 putas
1221 1137 1446 1164 evasurum.

11 1178 18 1182 ⁴
64 1183 108 1222 P.
142 1183 207 1222 cui
238 1183 458 1223 credendus
500 1186 560 1223 est
598 1196 717 1236 aeger
754 1185 834 1223 nisi
871 1184 1064 1224 medicis?
1122 1186 1181 1223 M.
1216 1185 1330 1235 atqui
1367 1187 1449 1236 ipsi

65 1243 343 1295 desperabant.
394 1244 438 1282 P.
460 1245 639 1295 speravit
659 1257 772 1284 unus.
825 1244 986 1283 credidi.
1039 1246 1098 1284 M.
1120 1245 1265 1296 quibus
1286 1245 1447 1285 verbis?

64 1304 108 1343 P.
135 1317 299 1344 causam
322 1306 477 1357 ignoro.
530 1318 576 1344 ex
595 1306 776 1356 inspecto
799 1305 1020 1344 remedium
1046 1307 1138 1345 scio.
1191 1307 1250 1345 M.
1278 1319 1301 1345 o
1327 1306 1445 1345 falla-

10 1380 46 1406 so
65 1365 290 1405 cissimum!
347 1365 448 1404 dicit
479 1378 519 1405 se
546 1366 653 1415 quod
679 1367 818 1415 nescit,
850 1367 961 1405 scire.
1018 1367 1062 1405 P.
1096 1369 1218 1416 eaput
1246 1367 1445 1418 deposuit.

14 1468 19 1473 ,
64 1426 125 1464 Μ.
146 1438 263 1464 nemo
288 1438 369 1464 non
394 1427 507 1465 tutus
534 1427 739 1477 promittit
766 1426 874 1476 quod
900 1429 1106 1476 expertum
1134 1428 1187 1466 iri
1212 1440 1292 1466 non
1315 1428 1444 1467 debet.

15 1484 18 1488 ’
63 1486 108 1525 Ρ.
134 1486 242 1525 idem
267 1489 328 1526 est
351 1486 534 1538 languor.
591 1487 651 1525 M.
680 1488 752 1537 qui
777 1486 904 1526 nescit
931 1487 1038 1537 quod
1063 1500 1202 1539 genus,
1233 1490 1362 1528 nescit
1393 1502 1445 1528 an

63 1546 181 1586 idem.
238 1547 282 1585 P.
322 1547 529 1586 simillimi.
595 1548 656 1585 M.
692 1550 828 1586 tamen
871 1547 1044 1587 discreti.
1110 1549 1154 1586 P.
1192 1549 1312 1588 simul
1353 1550 1443 1588 orti.

64 1608 124 1646 M.
157 1607 331 1646 multum
372 1607 473 1647 caeli
513 1608 779 1658 interlapsum
820 1610 890 1647 est.
949 1608 992 1646 P.
1025 1608 1146 1648 simul
1187 1609 1442 1662 languerunt.

9 1682 44 1709 ιδ
63 1669 124 1707 Μ.
151 1668 273 1707 simul
299 1668 524 1707 evaderent.
582 1668 652 1707 sed
676 1681 747 1707 cur
776 1667 952 1708 occidis?
1007 1670 1201 1708 Medi-cus.
1259 1672 1306 1709 ut
1337 1673 1444 1710 sani-

62 1729 162 1767 tatis
201 1741 362 1768 causam
392 1729 607 1768 inveniam.
664 1730 724 1768 M.
751 1729 795 1767 id
826 1731 904 1779 est,
942 1732 988 1768 ut
1025 1730 1230 1770 inveniam
1261 1743 1332 1770 cur
1362 1745 1444 1770 non

11 1785 13 1788 ’
63 1787 239 1828 debeam.
296 1802 366 1828 cur
405 1787 565 1840 aperis?
619 1790 728 1829 Med.
784 1791 832 1828 ut
867 1791 1082 1840 inquiram.
1141 1792 1201 1830 M.
1235 1793 1270 1830 si
1301 1793 1443 1832 statim

63 1850 251 1899 moritur,
297 1862 376 1888 non
424 1850 616 1900 acquiris,
663 1851 697 1889 si
741 1850 880 1901 durat,
927 1853 1062 1890 sanari
1109 1853 1279 1902 poterat.
1353 1855 1442 1903 quis

63 1912 217 1959 autem,
247 1909 291 1948 P.
320 1909 374 1959 0.,
405 1910 633 1961 inquirendi
664 1909 835 1950 modus?
890 1912 932 1949 in
964 1912 1163 1951 viscerum
1199 1915 1441 1953 tractatione

8 1984 45 2012 ω
63 1970 310 2009 levissimum
351 1972 412 2009 est
452 1970 560 2021 quod
603 1974 784 2010 mortuus
826 1973 896 2011 est.
969 1973 1077 2012 Med.
1121 1975 1285 2024 pactum
1326 1975 1439 2014 solvi.

62 2043 186 2069 unum
206 2032 358 2070 sanavi.
410 2032 469 2070 M.
491 2033 616 2082 patet,
642 2033 740 2082 quia
759 2045 861 2071 unus
882 2033 1034 2072 occisus
1060 2034 1124 2073 sit.
1177 2034 1283 2084 quod
1303 2037 1441 2074 autem

63 2091 166 2130 alius
199 2103 270 2141 per
308 2104 399 2130 eum
440 2094 603 2131 sanatus
635 2092 775 2142 fuerit,
816 2106 1023 2144 nunquam
1062 2097 1245 2134 constare
1278 2098 1439 2146 poterit.

34 2290 37 2293 .
160 2259 183 2290 4
209 2255 328 2290 satius
354 2256 436 2290 erat
462 2261 567 2291 RVB
685 2259 707 2291 5
734 2255 959 2292 exaffectum
990 2263 1052 2293 VB
1174 2263 1215 2294 11
1245 2258 1436 2294 detractas

69 2309 131 2338 VB
228 2306 272 2339 1'4
299 2303 462 2339 alterum
486 2309 547 2339 VB
641 2304 865 2340 maximum:
893 2305 1015 2341 maius
1042 2313 1079 2342 R
1180 2310 1222 2342 19
1249 2306 1437 2342 salacissi-

63 2362 167 2386 mum
198 2351 365 2387 omnium
396 2351 613 2387 mortalium
640 2358 677 2388 R
799 2356 844 2388 25
878 2354 1091 2391 evaderent.
1150 2355 1247 2390 alter
1278 2355 1438 2390 fratrum

64 2399 303 2435 occidendus.
356 2400 421 2436 sed
445 2402 488 2435 tu
514 2412 580 2436 cur
605 2411 665 2436 me
691 2401 833 2437 occidis
859 2408 896 2438 R
995 2406 1038 2438 31
1067 2404 1168 2449 quod
1201 2409 1263 2439 VR

1150 2464 1220 2498 26*
