<?xml version="1.0" encoding="UTF-8"?>
<!DOCTYPE html PUBLIC "-//W3C//DTD XHTML 1.0 Transitional//EN"
    "http://www.w3.org/TR/xhtml1/DTD/xhtml1-transitional.dtd">
<html xmlns="http://www.w3.org/1999/xhtml" xml:lang="en" lang="en">
 <head>
  <title>
</title>
<meta http-equiv="Content-Type" content="text/html;charset=utf-8" />
  <meta name='ocr-system' content='tesseract 3.04.00' />
  <meta name='ocr-capabilities' content='ocr_page ocr_carea ocr_par ocr_line ocrx_word'/>
</head>
<body>
  <div class='ocr_page' id='page_1' title='image "./quintilianiquaef00lehnuoft_0419.png"; bbox 0 0 1638 2560; ppageno 0'>
   <div class='ocr_carea' id='block_1_1' title="bbox 435 113 1451 157">
    <p class='ocr_par' dir='ltr' id='par_1_1' title="bbox 435 113 1451 157">
     <span class='ocr_line' id='line_1_1' title="bbox 435 113 1451 157; baseline 0 -7"><span class='ocrx_word' id='word_1_1' title='bbox 435 113 852 151; x_wconf 76' lang='lat' dir='ltr'>DECLAMATIONES</span> <span class='ocrx_word' id='word_1_2' title='bbox 876 113 1093 150; x_wconf 78' lang='lat' dir='ltr'><strong>xm-XV,</strong></span> <span class='ocrx_word' id='word_1_3' title='bbox 1362 114 1451 157; x_wconf 86' lang='lat'><strong>383</strong></span> 
     </span>
    </p>
   </div>
   <div class='ocr_carea' id='block_1_2' title="bbox 35 229 1454 587">
    <p class='ocr_par' dir='ltr' id='par_1_2' title="bbox 71 229 1454 463">
     <span class='ocr_line' id='line_1_2' title="bbox 73 229 1451 281; baseline -0.001 -11"><span class='ocrx_word' id='word_1_4' title='bbox 73 229 119 270; x_wconf 87' lang='grc'><strong>111</strong></span> <span class='ocrx_word' id='word_1_5' title='bbox 136 231 310 270; x_wconf 86' lang='lat' dir='ltr'><strong>nominis</strong></span> <span class='ocrx_word' id='word_1_6' title='bbox 327 230 450 270; x_wconf 88' lang='lat' dir='ltr'><strong>unius</strong></span> <span class='ocrx_word' id='word_1_7' title='bbox 474 231 702 281; x_wconf 80' lang='lat' dir='ltr'><strong>potentiam</strong></span> <span class='ocrx_word' id='word_1_8' title='bbox 721 242 857 269; x_wconf 86' lang='lat' dir='ltr'><strong>omnes</strong></span> <span class='ocrx_word' id='word_1_9' title='bbox 875 229 1054 280; x_wconf 89' lang='lat' dir='ltr'><strong>reliquos</strong></span> <span class='ocrx_word' id='word_1_10' title='bbox 1074 230 1249 281; x_wconf 72' lang='lat' dir='ltr'><strong>stu‘ngat</strong></span> <span class='ocrx_word' id='word_1_11' title='bbox 1274 229 1451 270; x_wconf 85' lang='lat' dir='ltr'><strong>affectus.</strong></span> 
     </span>
     <span class='ocr_line' id='line_1_3' title="bbox 71 290 1454 342; baseline 0 -12"><span class='ocrx_word' id='word_1_12' title='bbox 71 291 252 342; x_wconf 86' lang='lat' dir='ltr'><strong>primum</strong></span> <span class='ocrx_word' id='word_1_13' title='bbox 271 290 379 342; x_wconf 87' lang='lat' dir='ltr'><strong>quod</strong></span> <span class='ocrx_word' id='word_1_14' title='bbox 396 290 555 330; x_wconf 75' lang='lat' dir='ltr'><strong>inducit</strong></span> <span class='ocrx_word' id='word_1_15' title='bbox 571 291 691 330; x_wconf 87' lang='lat' dir='ltr'><strong>unius</strong></span> <span class='ocrx_word' id='word_1_16' title='bbox 717 290 856 330; x_wconf 83' lang='lat' dir='ltr'><strong>odium</strong></span> <span class='ocrx_word' id='word_1_17' title='bbox 881 292 922 329; x_wconf 90' lang='lat' dir='ltr'><strong>et</strong></span> <span class='ocrx_word' id='word_1_18' title='bbox 941 290 1115 329; x_wconf 86' lang='lat' dir='ltr'><strong>aliorum</strong></span> <span class='ocrx_word' id='word_1_19' title='bbox 1139 290 1320 329; x_wconf 84' lang='lat' dir='ltr'><strong>omnium</strong></span> <span class='ocrx_word' id='word_1_20' title='bbox 1341 290 1454 330; x_wconf 81' lang='lat' dir='ltr'><strong>tollit</strong></span> 
     </span>
     <span class='ocr_line' id='line_1_4' title="bbox 74 351 1453 402; baseline -0.001 -11"><span class='ocrx_word' id='word_1_21' title='bbox 74 364 264 401; x_wconf 84' lang='lat' dir='ltr'><strong>amorem,</strong></span> <span class='ocrx_word' id='word_1_22' title='bbox 294 353 336 391; x_wconf 88' lang='lat' dir='ltr'><strong>et</strong></span> <span class='ocrx_word' id='word_1_23' title='bbox 365 352 515 391; x_wconf 83' lang='lat' dir='ltr'><strong>mirum</strong></span> <span class='ocrx_word' id='word_1_24' title='bbox 544 352 589 390; x_wconf 89' lang='lat' dir='ltr'><strong>in</strong></span> <span class='ocrx_word' id='word_1_25' title='bbox 618 351 783 390; x_wconf 92' lang='lat' dir='ltr'><strong>modum</strong></span> <span class='ocrx_word' id='word_1_26' title='bbox 813 352 900 402; x_wconf 92' lang='lat' dir='ltr'><strong>ipse</strong></span> <span class='ocrx_word' id='word_1_27' title='bbox 930 351 1118 390; x_wconf 86' lang='lat' dir='ltr'><strong>inimicus</strong></span> <span class='ocrx_word' id='word_1_28' title='bbox 1154 362 1308 390; x_wconf 88' lang='lat' dir='ltr'><strong>amasse</strong></span> <span class='ocrx_word' id='word_1_29' title='bbox 1339 351 1453 402; x_wconf 81' lang='lat' dir='ltr'><strong>vo103</strong></span> 
     </span>
     <span class='ocr_line' id='line_1_5' title="bbox 73 411 1451 463; baseline -0.001 -11"><span class='ocrx_word' id='word_1_30' title='bbox 73 412 142 452; x_wconf 85' lang='lat' dir='ltr'><strong>odi</strong></span> <span class='ocrx_word' id='word_1_31' title='bbox 170 411 370 463; x_wconf 76' lang='lat' dir='ltr'><strong>siquidem</strong></span> <span class='ocrx_word' id='word_1_32' title='bbox 392 424 466 451; x_wconf 87' lang='lat' dir='ltr'><strong>nec</strong></span> <span class='ocrx_word' id='word_1_33' title='bbox 490 424 671 462; x_wconf 91' lang='lat' dir='ltr'><strong>unquam</strong></span> <span class='ocrx_word' id='word_1_34' title='bbox 700 413 811 451; x_wconf 88' lang='lat' dir='ltr'><strong>visus</strong></span> <span class='ocrx_word' id='word_1_35' title='bbox 839 424 928 450; x_wconf 91' lang='lat' dir='ltr'><strong>sum</strong></span> <span class='ocrx_word' id='word_1_36' title='bbox 952 411 1082 463; x_wconf 88' lang='lat' dir='ltr'><strong>magis</strong></span> <span class='ocrx_word' id='word_1_37' title='bbox 1109 424 1275 451; x_wconf 88' lang='lat' dir='ltr'><strong>amasse.</strong></span> <span class='ocrx_word' id='word_1_38' title='bbox 1337 411 1451 462; x_wconf 85' lang='lat' dir='ltr'><strong>potio</strong></span> 
     </span>
    </p>

    <p class='ocr_par' dir='ltr' id='par_1_3' title="bbox 35 472 1451 587">
     <span class='ocr_line' id='line_1_6' title="bbox 35 472 1451 524; baseline -0.001 -11"><span class='ocrx_word' id='word_1_39' title='bbox 35 486 53 514; x_wconf 73' lang='grc' dir='ltr'>ε</span> <span class='ocrx_word' id='word_1_40' title='bbox 72 472 215 512; x_wconf 80' lang='lat' dir='ltr'><strong>infelix</strong></span> <span class='ocrx_word' id='word_1_41' title='bbox 245 485 349 524; x_wconf 88' lang='lat' dir='ltr'><strong>quae</strong></span> <span class='ocrx_word' id='word_1_42' title='bbox 378 486 444 512; x_wconf 89' lang='lat' dir='ltr'><strong>me</strong></span> <span class='ocrx_word' id='word_1_43' title='bbox 481 472 708 512; x_wconf 85' lang='lat' dir='ltr'><strong>condicioni</strong></span> <span class='ocrx_word' id='word_1_44' title='bbox 743 472 959 511; x_wconf 85' lang='lat' dir='ltr'><strong>infeliciori</strong></span> <span class='ocrx_word' id='word_1_45' title='bbox 996 472 1177 512; x_wconf 89' lang='lat' dir='ltr'><strong>subiecit.</strong></span> <span class='ocrx_word' id='word_1_46' title='bbox 1242 485 1347 522; x_wconf 90' lang='lat' dir='ltr'><strong>quae</strong></span> <span class='ocrx_word' id='word_1_47' title='bbox 1375 486 1451 524; x_wconf 74' lang='lat' dir='ltr'><strong>pu-v</strong></span> 
     </span>
     <span class='ocr_line' id='line_1_7' title="bbox 71 527 928 587; baseline -0.001 -14"><span class='ocrx_word' id='word_1_48' title='bbox 71 533 172 573; x_wconf 80' lang='lat' dir='ltr'><strong>tatis</strong></span> <span class='ocrx_word' id='word_1_49' title='bbox 203 545 288 574; x_wconf 86' lang='lat' dir='ltr'><strong>esse</strong></span> <span class='ocrx_word' id='word_1_50' title='bbox 317 534 521 573; x_wconf 88' lang='lat' dir='ltr'><strong>tormenta</strong></span> <span class='ocrx_word' id='word_1_51' title='bbox 552 536 617 573; x_wconf 79' lang='lat' dir='ltr'><strong>etc.</strong></span> <span class='ocrx_word' id='word_1_52' title='bbox 651 528 715 587; x_wconf 76' lang='lat' dir='ltr'><strong>(p.</strong></span> <span class='ocrx_word' id='word_1_53' title='bbox 741 535 801 573; x_wconf 77' lang='grc'><strong>27</strong></span> <span class='ocrx_word' id='word_1_54' title='bbox 805 535 843 579; x_wconf 85' lang='grc'><strong>6,</strong></span> <span class='ocrx_word' id='word_1_55' title='bbox 867 527 928 587; x_wconf 77' lang='lat'><strong>2).</strong></span> 
     </span>
    </p>
   </div>
   <div class='ocr_carea' id='block_1_3' title="bbox 460 690 1059 737">
    <p class='ocr_par' dir='ltr' id='par_1_4' title="bbox 460 690 1059 737">
     <span class='ocr_line' id='line_1_8' title="bbox 460 690 1059 737; baseline -0.002 -8"><span class='ocrx_word' id='word_1_56' title='bbox 460 691 549 730; x_wconf 89' lang='lat' dir='ltr'><strong>XV.</strong></span> <span class='ocrx_word' id='word_1_57' title='bbox 580 690 747 737; x_wconf 77' lang='lat' dir='ltr'><strong>vaAM</strong></span> <span class='ocrx_word' id='word_1_58' title='bbox 779 702 860 729; x_wconf 83' lang='lat' dir='ltr'><strong>PRO</strong></span> <span class='ocrx_word' id='word_1_59' title='bbox 892 702 1059 729; x_wconf 73' lang='lat' dir='ltr'><strong>FEmA.</strong></span> 
     </span>
    </p>
   </div>
   <div class='ocr_carea' id='block_1_4' title="bbox 7 775 1452 2462">
    <p class='ocr_par' dir='ltr' id='par_1_5' title="bbox 7 775 1452 2462">
     <span class='ocr_line' id='line_1_9' title="bbox 159 775 1451 826; baseline 0 -11"><span class='ocrx_word' id='word_1_60' title='bbox 159 775 254 815; x_wconf 85' lang='lat' dir='ltr'><strong>Non</strong></span> <span class='ocrx_word' id='word_1_61' title='bbox 279 775 441 815; x_wconf 85' lang='lat' dir='ltr'><strong>videtur</strong></span> <span class='ocrx_word' id='word_1_62' title='bbox 463 776 645 826; x_wconf 90' lang='lat' dir='ltr'><strong>perfecta</strong></span> <span class='ocrx_word' id='word_1_63' title='bbox 668 775 845 826; x_wconf 85' lang='lat' dir='ltr'><strong>potionis</strong></span> <span class='ocrx_word' id='word_1_64' title='bbox 864 775 1072 826; x_wconf 81' lang='lat' dir='ltr'>persuasio</span> <span class='ocrx_word' id='word_1_65' title='bbox 1098 787 1201 826; x_wconf 88' lang='lat' dir='ltr'><strong>quae</strong></span> <span class='ocrx_word' id='word_1_66' title='bbox 1226 775 1451 825; x_wconf 85' lang='lat' dir='ltr'><strong>perfectum</strong></span> 
     </span>
     <span class='ocr_line' id='line_1_10' title="bbox 70 835 1451 889; baseline -0.001 -13"><span class='ocrx_word' id='word_1_67' title='bbox 70 836 210 876; x_wconf 89' lang='lat' dir='ltr'><strong>odium</strong></span> <span class='ocrx_word' id='word_1_68' title='bbox 240 836 380 876; x_wconf 90' lang='lat' dir='ltr'><strong>debuit</strong></span> <span class='ocrx_word' id='word_1_69' title='bbox 411 849 612 889; x_wconf 89' lang='lat' dir='ltr'><strong>generare.</strong></span> <span class='ocrx_word' id='word_1_70' title='bbox 674 848 756 876; x_wconf 89' lang='grc'>11011</span> <span class='ocrx_word' id='word_1_71' title='bbox 787 837 848 876; x_wconf 90' lang='lat' dir='ltr'><strong>est</strong></span> <span class='ocrx_word' id='word_1_72' title='bbox 881 837 1018 875; x_wconf 86' lang='lat' dir='ltr'><strong>autem</strong></span> <span class='ocrx_word' id='word_1_73' title='bbox 1050 835 1186 874; x_wconf 91' lang='lat' dir='ltr'><strong>odium</strong></span> <span class='ocrx_word' id='word_1_74' title='bbox 1223 836 1294 875; x_wconf 89' lang='lat' dir='ltr'><strong>sed</strong></span> <span class='ocrx_word' id='word_1_75' title='bbox 1325 848 1451 886; x_wconf 86' lang='lat' dir='ltr'><strong>amor,</strong></span> 
     </span>
     <span class='ocr_line' id='line_1_11' title="bbox 15 896 1452 948; baseline -0.001 -11"><span class='ocrx_word' id='word_1_76' title='bbox 15 911 53 938; x_wconf 82' lang='lat'><strong>1⁰</strong></span> <span class='ocrx_word' id='word_1_77' title='bbox 72 909 164 936; x_wconf 86' lang='lat' dir='ltr'><strong>cum</strong></span> <span class='ocrx_word' id='word_1_78' title='bbox 195 910 341 948; x_wconf 92' lang='lat' dir='ltr'><strong>queror</strong></span> <span class='ocrx_word' id='word_1_79' title='bbox 365 897 414 936; x_wconf 89' lang='lat' dir='ltr'><strong>de</strong></span> <span class='ocrx_word' id='word_1_80' title='bbox 441 909 576 936; x_wconf 89' lang='lat' dir='ltr'><strong>amore</strong></span> <span class='ocrx_word' id='word_1_81' title='bbox 599 896 770 947; x_wconf 82' lang='lat' dir='ltr'><strong>perdito.</strong></span> <span class='ocrx_word' id='word_1_82' title='bbox 834 898 957 942; x_wconf 86' lang='lat' dir='ltr'><strong>amat,</strong></span> <span class='ocrx_word' id='word_1_83' title='bbox 989 909 1013 936; x_wconf 92' lang='lat' dir='ltr'><strong>o</strong></span> <span class='ocrx_word' id='word_1_84' title='bbox 1038 897 1204 946; x_wconf 88' lang='lat' dir='ltr'><strong>iudices,</strong></span> <span class='ocrx_word' id='word_1_85' title='bbox 1236 897 1349 935; x_wconf 86' lang='lat' dir='ltr'><strong>amat</strong></span> <span class='ocrx_word' id='word_1_86' title='bbox 1380 898 1452 947; x_wconf 82' lang='lat' dir='ltr'><strong>qui</strong></span> 
     </span>
     <span class='ocr_line' id='line_1_12' title="bbox 71 957 1449 1008; baseline 0.001 -12"><span class='ocrx_word' id='word_1_87' title='bbox 71 958 255 1008; x_wconf 84' lang='lat' dir='ltr'><strong>queritur</strong></span> <span class='ocrx_word' id='word_1_88' title='bbox 298 957 404 1008; x_wconf 87' lang='lat' dir='ltr'><strong>quod</strong></span> <span class='ocrx_word' id='word_1_89' title='bbox 448 970 529 997; x_wconf 90' lang='lat' dir='ltr'><strong>non</strong></span> <span class='ocrx_word' id='word_1_90' title='bbox 580 959 747 997; x_wconf 85' lang='lat' dir='ltr'><strong>ametur.</strong></span> <span class='ocrx_word' id='word_1_91' title='bbox 822 957 982 1008; x_wconf 91' lang='lat' dir='ltr'><strong>quando</strong></span> <span class='ocrx_word' id='word_1_92' title='bbox 1027 957 1175 997; x_wconf 88' lang='lat' dir='ltr'><strong>venisti</strong></span> <span class='ocrx_word' id='word_1_93' title='bbox 1217 957 1381 1007; x_wconf 85' lang='lat' dir='ltr'><strong>melius,</strong></span> <span class='ocrx_word' id='word_1_94' title='bbox 1425 970 1449 997; x_wconf 95' lang='lat' dir='ltr'><strong>o</strong></span> 
     </span>
     <span class='ocr_line' id='line_1_13' title="bbox 68 1018 1448 1070; baseline 0.001 -14"><span class='ocrx_word' id='word_1_95' title='bbox 68 1018 239 1068; x_wconf 79' lang='lat' dir='ltr'><strong>iuvenis,</strong></span> <span class='ocrx_word' id='word_1_96' title='bbox 270 1018 314 1057; x_wconf 92' lang='lat' dir='ltr'><strong>in</strong></span> <span class='ocrx_word' id='word_1_97' title='bbox 338 1019 482 1057; x_wconf 85' lang='lat' dir='ltr'><strong>forum.</strong></span> <span class='ocrx_word' id='word_1_98' title='bbox 545 1031 651 1057; x_wconf 91' lang='lat' dir='ltr'><strong>nunc</strong></span> <span class='ocrx_word' id='word_1_99' title='bbox 676 1018 784 1057; x_wconf 89' lang='lat' dir='ltr'><strong>enim</strong></span> <span class='ocrx_word' id='word_1_100' title='bbox 808 1018 917 1070; x_wconf 88' lang='lat' dir='ltr'><strong>leges</strong></span> <span class='ocrx_word' id='word_1_101' title='bbox 949 1019 989 1057; x_wconf 91' lang='lat' dir='ltr'><strong>et</strong></span> <span class='ocrx_word' id='word_1_102' title='bbox 1020 1018 1110 1057; x_wconf 88' lang='lat' dir='ltr'><strong>iura</strong></span> <span class='ocrx_word' id='word_1_103' title='bbox 1135 1018 1324 1068; x_wconf 88' lang='lat' dir='ltr'><strong>loqueriS‚</strong></span> <span class='ocrx_word' id='word_1_104' title='bbox 1356 1031 1448 1057; x_wconf 88' lang='lat' dir='ltr'><strong>con-</strong></span> 
     </span>
     <span class='ocr_line' id='line_1_14' title="bbox 69 1078 1448 1130; baseline 0 -12"><span class='ocrx_word' id='word_1_105' title='bbox 69 1079 244 1130; x_wconf 81' lang='lat' dir='ltr'><strong>viciaris,</strong></span> <span class='ocrx_word' id='word_1_106' title='bbox 268 1079 476 1119; x_wconf 80' lang='lat' dir='ltr'>maledicis</span> <span class='ocrx_word' id='word_1_107' title='bbox 500 1078 780 1118; x_wconf 70' lang='lat' dir='ltr'><strong>meretricibus</strong></span> <span class='ocrx_word' id='word_1_108' title='bbox 807 1091 906 1129; x_wconf 91' lang='lat' dir='ltr'><strong>quas</strong></span> <span class='ocrx_word' id='word_1_109' title='bbox 926 1078 1130 1130; x_wconf 88' lang='lat' dir='ltr'><strong>quondam</strong></span> <span class='ocrx_word' id='word_1_110' title='bbox 1154 1078 1323 1118; x_wconf 85' lang='lat' dir='ltr'><strong>laudare</strong></span> <span class='ocrx_word' id='word_1_111' title='bbox 1348 1079 1448 1118; x_wconf 90' lang='lat' dir='ltr'><strong>sole-</strong></span> 
     </span>
     <span class='ocr_line' id='line_1_15' title="bbox 67 1138 1448 1190; baseline -0.001 -11"><span class='ocrx_word' id='word_1_112' title='bbox 67 1138 160 1190; x_wconf 85' lang='lat' dir='ltr'><strong>bas,</strong></span> <span class='ocrx_word' id='word_1_113' title='bbox 197 1141 239 1179; x_wconf 88' lang='lat' dir='ltr'><strong>et</strong></span> <span class='ocrx_word' id='word_1_114' title='bbox 275 1139 351 1179; x_wconf 88' lang='lat' dir='ltr'><strong>hoc</strong></span> <span class='ocrx_word' id='word_1_115' title='bbox 388 1140 540 1179; x_wconf 87' lang='lat' dir='ltr'><strong>virtute</strong></span> <span class='ocrx_word' id='word_1_116' title='bbox 575 1139 754 1190; x_wconf 78' lang='lat' dir='ltr'><strong>potionis</strong></span> <span class='ocrx_word' id='word_1_117' title='bbox 792 1141 991 1190; x_wconf 79' lang='lat' dir='ltr'><strong>acceptae.</strong></span> <span class='ocrx_word' id='word_1_118' title='bbox 1053 1140 1159 1178; x_wconf 87' lang='lat' dir='ltr'><strong>hunc</strong></span> <span class='ocrx_word' id='word_1_119' title='bbox 1189 1140 1236 1178; x_wconf 91' lang='lat' dir='ltr'><strong>tu</strong></span> <span class='ocrx_word' id='word_1_120' title='bbox 1269 1139 1448 1179; x_wconf 88' lang='lat' dir='ltr'><strong>animum</strong></span> 
     </span>
     <span class='ocr_line' id='line_1_16' title="bbox 13 1199 1449 1251; baseline -0.001 -11"><span class='ocrx_word' id='word_1_121' title='bbox 13 1214 49 1241; x_wconf 80' lang='lat'><strong>15</strong></span> <span class='ocrx_word' id='word_1_122' title='bbox 66 1200 187 1240; x_wconf 91' lang='lat' dir='ltr'><strong>modo</strong></span> <span class='ocrx_word' id='word_1_123' title='bbox 218 1201 326 1240; x_wconf 87' lang='lat' dir='ltr'><strong>inter</strong></span> <span class='ocrx_word' id='word_1_124' title='bbox 355 1200 544 1240; x_wconf 81' lang='lat' dir='ltr'><strong>libidines</strong></span> <span class='ocrx_word' id='word_1_125' title='bbox 582 1213 629 1239; x_wconf 88' lang='lat' dir='ltr'><strong>ac</strong></span> <span class='ocrx_word' id='word_1_126' title='bbox 660 1202 793 1240; x_wconf 87' lang='lat' dir='ltr'><strong>scorta</strong></span> <span class='ocrx_word' id='word_1_127' title='bbox 832 1199 1043 1251; x_wconf 85' lang='lat' dir='ltr'><strong>perdebas,</strong></span> <span class='ocrx_word' id='word_1_128' title='bbox 1084 1201 1212 1239; x_wconf 89' lang='lat' dir='ltr'><strong>macie</strong></span> <span class='ocrx_word' id='word_1_129' title='bbox 1243 1199 1449 1250; x_wconf 81' lang='lat' dir='ltr'><strong>notabilis,</strong></span> 
     </span>
     <span class='ocr_line' id='line_1_17' title="bbox 67 1260 1446 1312; baseline 0 -12"><span class='ocrx_word' id='word_1_130' title='bbox 67 1260 223 1312; x_wconf 83' lang='lat' dir='ltr'><strong>pallore</strong></span> <span class='ocrx_word' id='word_1_131' title='bbox 261 1261 451 1300; x_wconf 88' lang='lat' dir='ltr'><strong>deformis</strong></span> <span class='ocrx_word' id='word_1_132' title='bbox 489 1262 530 1300; x_wconf 91' lang='lat' dir='ltr'><strong>et</strong></span> <span class='ocrx_word' id='word_1_133' title='bbox 561 1261 649 1300; x_wconf 87' lang='lat' dir='ltr'><strong>sola</strong></span> <span class='ocrx_word' id='word_1_134' title='bbox 685 1261 965 1311; x_wconf 75' lang='lat' dir='ltr'><strong>impatientiae</strong></span> <span class='ocrx_word' id='word_1_135' title='bbox 1003 1262 1098 1299; x_wconf 90' lang='lat' dir='ltr'><strong>tuae</strong></span> <span class='ocrx_word' id='word_1_136' title='bbox 1135 1260 1277 1300; x_wconf 88' lang='lat' dir='ltr'><strong>fabula</strong></span> <span class='ocrx_word' id='word_1_137' title='bbox 1313 1263 1446 1300; x_wconf 88' lang='lat' dir='ltr'><strong>notus.</strong></span> 
     </span>
     <span class='ocr_line' id='line_1_18' title="bbox 66 1321 1449 1373; baseline 0 -13"><span class='ocrx_word' id='word_1_138' title='bbox 66 1321 264 1373; x_wconf 89' lang='lat' dir='ltr'><strong>perieras,</strong></span> <span class='ocrx_word' id='word_1_139' title='bbox 306 1321 465 1371; x_wconf 78' lang='lat' dir='ltr'><strong>infelix,</strong></span> <span class='ocrx_word' id='word_1_140' title='bbox 509 1321 589 1360; x_wconf 88' lang='lat' dir='ltr'><strong>nisi</strong></span> <span class='ocrx_word' id='word_1_141' title='bbox 631 1321 801 1361; x_wconf 86' lang='lat' dir='ltr'><strong>bibisses</strong></span> <span class='ocrx_word' id='word_1_142' title='bbox 845 1334 1053 1361; x_wconf 83' lang='lat' dir='ltr'><strong>venenum.</strong></span> <span class='ocrx_word' id='word_1_143' title='bbox 1128 1334 1234 1360; x_wconf 88' lang='lat' dir='ltr'><strong>nunc</strong></span> <span class='ocrx_word' id='word_1_144' title='bbox 1278 1321 1449 1360; x_wconf 72' lang='lat' dir='ltr'><strong>erectior</strong></span> 
     </span>
     <span class='ocr_line' id='line_1_19' title="bbox 64 1381 1447 1434; baseline 0 -14"><span class='ocrx_word' id='word_1_145' title='bbox 64 1382 215 1422; x_wconf 88' lang='lat' dir='ltr'><strong>resedit</strong></span> <span class='ocrx_word' id='word_1_146' title='bbox 238 1382 283 1421; x_wconf 93' lang='lat' dir='ltr'><strong>in</strong></span> <span class='ocrx_word' id='word_1_147' title='bbox 314 1394 452 1421; x_wconf 86' lang='lat' dir='ltr'><strong>sensus</strong></span> <span class='ocrx_word' id='word_1_148' title='bbox 486 1382 622 1434; x_wconf 85' lang='lat' dir='ltr'><strong>vigor,</strong></span> <span class='ocrx_word' id='word_1_149' title='bbox 653 1382 696 1420; x_wconf 91' lang='lat' dir='ltr'><strong>in</strong></span> <span class='ocrx_word' id='word_1_150' title='bbox 731 1381 912 1421; x_wconf 90' lang='lat' dir='ltr'><strong>membra</strong></span> <span class='ocrx_word' id='word_1_151' title='bbox 949 1383 1114 1434; x_wconf 88' lang='lat' dir='ltr'><strong>sanguis</strong></span> <span class='ocrx_word' id='word_1_152' title='bbox 1145 1381 1299 1420; x_wconf 82' lang='lat' dir='ltr'><strong>viribus</strong></span> <span class='ocrx_word' id='word_1_153' title='bbox 1332 1382 1447 1421; x_wconf 84' lang='lat' dir='ltr'><strong>velut</strong></span> 
     </span>
     <span class='ocr_line' id='line_1_20' title="bbox 66 1442 1447 1493; baseline 0 -11"><span class='ocrx_word' id='word_1_154' title='bbox 66 1455 197 1483; x_wconf 79' lang='lat' dir='ltr'><strong>novae</strong></span> <span class='ocrx_word' id='word_1_155' title='bbox 227 1443 452 1482; x_wconf 87' lang='lat' dir='ltr'><strong>iuventutis</strong></span> <span class='ocrx_word' id='word_1_156' title='bbox 478 1443 674 1482; x_wconf 80' lang='lat' dir='ltr'><strong>exultans.</strong></span> <span class='ocrx_word' id='word_1_157' title='bbox 735 1442 883 1482; x_wconf 86' lang='lat' dir='ltr'><strong>bibisse</strong></span> <span class='ocrx_word' id='word_1_158' title='bbox 914 1444 955 1481; x_wconf 90' lang='lat' dir='ltr'><strong>te</strong></span> <span class='ocrx_word' id='word_1_159' title='bbox 983 1442 1323 1481; x_wconf 83' lang='lat' dir='ltr'><strong>medicamentum</strong></span> <span class='ocrx_word' id='word_1_160' title='bbox 1354 1455 1447 1493; x_wconf 90' lang='lat' dir='ltr'><strong>pro-</strong></span> 
     </span>
     <span class='ocr_line' id='line_1_21' title="bbox 11 1502 1446 1554; baseline 0 -11"><span class='ocrx_word' id='word_1_161' title='bbox 11 1517 49 1543; x_wconf 79' lang='lat'><strong>20</strong></span> <span class='ocrx_word' id='word_1_162' title='bbox 65 1502 163 1543; x_wconf 86' lang='lat' dir='ltr'><strong>bare</strong></span> <span class='ocrx_word' id='word_1_163' title='bbox 194 1516 276 1542; x_wconf 91' lang='lat' dir='ltr'><strong>non</strong></span> <span class='ocrx_word' id='word_1_164' title='bbox 299 1515 449 1554; x_wconf 90' lang='lat' dir='ltr'><strong>posses,</strong></span> <span class='ocrx_word' id='word_1_165' title='bbox 480 1504 562 1542; x_wconf 82' lang='lat' dir='ltr'><strong>nisi</strong></span> <span class='ocrx_word' id='word_1_166' title='bbox 585 1503 775 1542; x_wconf 81' lang='lat' dir='ltr'><strong>meretrix</strong></span> <span class='ocrx_word' id='word_1_167' title='bbox 799 1503 1006 1542; x_wconf 86' lang='lat' dir='ltr'><strong>fateretur.</strong></span> <span class='ocrx_word' id='word_1_168' title='bbox 1069 1515 1142 1542; x_wconf 89' lang='lat' dir='ltr'><strong>nec</strong></span> <span class='ocrx_word' id='word_1_169' title='bbox 1167 1515 1258 1542; x_wconf 90' lang='lat' dir='ltr'><strong>reus</strong></span> <span class='ocrx_word' id='word_1_170' title='bbox 1290 1504 1351 1542; x_wconf 91' lang='lat' dir='ltr'><strong>est</strong></span> <span class='ocrx_word' id='word_1_171' title='bbox 1376 1503 1446 1543; x_wconf 89' lang='lat' dir='ltr'><strong>sed</strong></span> 
     </span>
     <span class='ocr_line' id='line_1_22' title="bbox 65 1563 1447 1616; baseline 0 -14"><span class='ocrx_word' id='word_1_172' title='bbox 65 1563 197 1616; x_wconf 83' lang='lat' dir='ltr'><strong>magis</strong></span> <span class='ocrx_word' id='word_1_173' title='bbox 228 1564 453 1616; x_wconf 86' lang='lat' dir='ltr'><strong>gratiarum</strong></span> <span class='ocrx_word' id='word_1_174' title='bbox 491 1564 649 1603; x_wconf 89' lang='lat' dir='ltr'><strong>actione</strong></span> <span class='ocrx_word' id='word_1_175' title='bbox 687 1563 831 1615; x_wconf 83' lang='lat' dir='ltr'><strong>dignus</strong></span> <span class='ocrx_word' id='word_1_176' title='bbox 870 1564 941 1614; x_wconf 90' lang='lat' dir='ltr'><strong>qui</strong></span> <span class='ocrx_word' id='word_1_177' title='bbox 976 1563 1179 1603; x_wconf 79' lang='lat' dir='ltr'><strong>benefacit</strong></span> <span class='ocrx_word' id='word_1_178' title='bbox 1211 1565 1251 1603; x_wconf 91' lang='lat' dir='ltr'><strong>et</strong></span> <span class='ocrx_word' id='word_1_179' title='bbox 1281 1563 1447 1614; x_wconf 91' lang='lat' dir='ltr'><strong>prodest</strong></span> 
     </span>
     <span class='ocr_line' id='line_1_23' title="bbox 64 1624 1446 1664; baseline 0 -1"><span class='ocrx_word' id='word_1_180' title='bbox 64 1625 207 1664; x_wconf 87' lang='lat' dir='ltr'><strong>invito.</strong></span> <span class='ocrx_word' id='word_1_181' title='bbox 280 1624 351 1664; x_wconf 89' lang='lat' dir='ltr'><strong>sed</strong></span> <span class='ocrx_word' id='word_1_182' title='bbox 387 1624 506 1663; x_wconf 88' lang='lat' dir='ltr'><strong>dicis:</strong></span> <span class='ocrx_word' id='word_1_183' title='bbox 545 1625 796 1663; x_wconf 89' lang='lat' dir='ltr'><strong>meretricem</strong></span> <span class='ocrx_word' id='word_1_184' title='bbox 837 1637 990 1663; x_wconf 89' lang='lat' dir='ltr'><strong>accuso.</strong></span> <span class='ocrx_word' id='word_1_185' title='bbox 1059 1624 1129 1663; x_wconf 90' lang='lat' dir='ltr'><strong>sed</strong></span> <span class='ocrx_word' id='word_1_186' title='bbox 1168 1624 1320 1663; x_wconf 84' lang='lat' dir='ltr'><strong>iudices</strong></span> <span class='ocrx_word' id='word_1_187' title='bbox 1363 1637 1446 1664; x_wconf 88' lang='lat' dir='ltr'><strong>non</strong></span> 
     </span>
     <span class='ocr_line' id='line_1_24' title="bbox 66 1684 1444 1734; baseline 0 -10"><span class='ocrx_word' id='word_1_188' title='bbox 66 1685 213 1724; x_wconf 89' lang='lat' dir='ltr'><strong>debent</strong></span> <span class='ocrx_word' id='word_1_189' title='bbox 242 1684 471 1724; x_wconf 82' lang='lat' dir='ltr'><strong>nominibus</strong></span> <span class='ocrx_word' id='word_1_190' title='bbox 510 1686 722 1725; x_wconf 77' lang='lat' dir='ltr'><strong>aesin‘mare</strong></span> <span class='ocrx_word' id='word_1_191' title='bbox 758 1697 847 1724; x_wconf 90' lang='lat' dir='ltr'><strong>reos</strong></span> <span class='ocrx_word' id='word_1_192' title='bbox 888 1684 958 1724; x_wconf 89' lang='lat' dir='ltr'><strong>sed</strong></span> <span class='ocrx_word' id='word_1_193' title='bbox 987 1684 1177 1725; x_wconf 84' lang='lat' dir='ltr'><strong>moribus,</strong></span> <span class='ocrx_word' id='word_1_194' title='bbox 1240 1685 1383 1734; x_wconf 86' lang='lat' dir='ltr'><strong>vultis,</strong></span> <span class='ocrx_word' id='word_1_195' title='bbox 1421 1698 1444 1724; x_wconf 95' lang='lat' dir='ltr'><strong>o</strong></span> 
     </span>
     <span class='ocr_line' id='line_1_25' title="bbox 65 1745 1445 1797; baseline 0.001 -14"><span class='ocrx_word' id='word_1_196' title='bbox 65 1745 229 1795; x_wconf 88' lang='lat' dir='ltr'><strong>iudices,</strong></span> <span class='ocrx_word' id='word_1_197' title='bbox 259 1745 536 1797; x_wconf 83' lang='lat' dir='ltr'><strong>integritatem</strong></span> <span class='ocrx_word' id='word_1_198' title='bbox 560 1746 719 1796; x_wconf 86' lang='lat' dir='ltr'><strong>puellae</strong></span> <span class='ocrx_word' id='word_1_199' title='bbox 745 1745 921 1785; x_wconf 85' lang='lat' dir='ltr'><strong>breviter</strong></span> <span class='ocrx_word' id='word_1_200' title='bbox 950 1745 1127 1796; x_wconf 88' lang='lat' dir='ltr'><strong>probem.</strong></span> <span class='ocrx_word' id='word_1_201' title='bbox 1190 1745 1294 1785; x_wconf 82' lang='lat' dir='ltr'><strong>hanc</strong></span> <span class='ocrx_word' id='word_1_202' title='bbox 1323 1758 1445 1796; x_wconf 88' lang='lat' dir='ltr'><strong>quam</strong></span> 
     </span>
     <span class='ocr_line' id='line_1_26' title="bbox 10 1805 1445 1857; baseline 0.001 -13"><span class='ocrx_word' id='word_1_203' title='bbox 10 1818 47 1845; x_wconf 77' lang='lat'><strong>25</strong></span> <span class='ocrx_word' id='word_1_204' title='bbox 66 1818 174 1844; x_wconf 90' lang='lat' dir='ltr'><strong>nunc</strong></span> <span class='ocrx_word' id='word_1_205' title='bbox 204 1818 362 1857; x_wconf 82' lang='lat' dir='ltr'><strong>pauper</strong></span> <span class='ocrx_word' id='word_1_206' title='bbox 402 1805 643 1855; x_wconf 87' lang='lat' dir='ltr'><strong>detestatur,</strong></span> <span class='ocrx_word' id='word_1_207' title='bbox 684 1808 864 1855; x_wconf 86' lang='lat' dir='ltr'><strong>accusat,</strong></span> <span class='ocrx_word' id='word_1_208' title='bbox 906 1819 1043 1846; x_wconf 85' lang='lat' dir='ltr'><strong>amare</strong></span> <span class='ocrx_word' id='word_1_209' title='bbox 1081 1806 1234 1845; x_wconf 89' lang='lat' dir='ltr'><strong>mallet.</strong></span> <span class='ocrx_word' id='word_1_210' title='bbox 1298 1806 1445 1856; x_wconf 83' lang='lat' dir='ltr'><strong>omnia,</strong></span> 
     </span>
     <span class='ocr_line' id='line_1_27' title="bbox 63 1866 1444 1918; baseline 0.001 -13"><span class='ocrx_word' id='word_1_211' title='bbox 63 1866 234 1916; x_wconf 87' lang='lat' dir='ltr'><strong>iudices,</strong></span> <span class='ocrx_word' id='word_1_212' title='bbox 266 1867 449 1906; x_wconf 89' lang='lat' dir='ltr'><strong>facinora</strong></span> <span class='ocrx_word' id='word_1_213' title='bbox 480 1879 621 1906; x_wconf 82' lang='lat' dir='ltr'><strong>causas</strong></span> <span class='ocrx_word' id='word_1_214' title='bbox 652 1867 718 1905; x_wconf 85' lang='lat' dir='ltr'><strong>vel</strong></span> <span class='ocrx_word' id='word_1_215' title='bbox 750 1867 798 1906; x_wconf 92' lang='lat' dir='ltr'><strong>de</strong></span> <span class='ocrx_word' id='word_1_216' title='bbox 830 1866 1052 1918; x_wconf 89' lang='lat' dir='ltr'><strong>cupiditate</strong></span> <span class='ocrx_word' id='word_1_217' title='bbox 1083 1866 1148 1906; x_wconf 85' lang='lat' dir='ltr'><strong>vel</strong></span> <span class='ocrx_word' id='word_1_218' title='bbox 1180 1867 1228 1906; x_wconf 89' lang='lat' dir='ltr'><strong>de</strong></span> <span class='ocrx_word' id='word_1_219' title='bbox 1260 1867 1444 1907; x_wconf 89' lang='lat' dir='ltr'><strong>simulta-</strong></span> 
     </span>
     <span class='ocr_line' id='line_1_28' title="bbox 63 1926 1443 1978; baseline 0 -12"><span class='ocrx_word' id='word_1_220' title='bbox 63 1927 174 1966; x_wconf 85' lang='lat' dir='ltr'><strong>tibus</strong></span> <span class='ocrx_word' id='word_1_221' title='bbox 205 1927 383 1966; x_wconf 79' lang='lat' dir='ltr'><strong>trahunt.</strong></span> <span class='ocrx_word' id='word_1_222' title='bbox 446 1927 544 1977; x_wconf 89' lang='lat' dir='ltr'><strong>quid</strong></span> <span class='ocrx_word' id='word_1_223' title='bbox 581 1927 719 1966; x_wconf 83' lang='lat' dir='ltr'><strong>odium</strong></span> <span class='ocrx_word' id='word_1_224' title='bbox 750 1927 798 1966; x_wconf 90' lang='lat' dir='ltr'><strong>de</strong></span> <span class='ocrx_word' id='word_1_225' title='bbox 837 1929 1017 1967; x_wconf 82' lang='lat' dir='ltr'><strong>amatore</strong></span> <span class='ocrx_word' id='word_1_226' title='bbox 1053 1926 1283 1966; x_wconf 79' lang='lat' dir='ltr'><strong>meretrici?</strong></span> <span class='ocrx_word' id='word_1_227' title='bbox 1340 1940 1443 1978; x_wconf 85' lang='lat' dir='ltr'><strong>quae</strong></span> 
     </span>
     <span class='ocr_line' id='line_1_29' title="bbox 62 1986 1444 2039; baseline 0 -12"><span class='ocrx_word' id='word_1_228' title='bbox 62 1987 214 2038; x_wconf 87' lang='lat' dir='ltr'><strong>praeda</strong></span> <span class='ocrx_word' id='word_1_229' title='bbox 239 1986 287 2026; x_wconf 89' lang='lat' dir='ltr'><strong>de</strong></span> <span class='ocrx_word' id='word_1_230' title='bbox 313 1986 518 2038; x_wconf 78' lang='lat' dir='ltr'><strong>paupere?</strong></span> <span class='ocrx_word' id='word_1_231' title='bbox 579 1987 716 2027; x_wconf 89' lang='lat' dir='ltr'><strong>odium</strong></span> <span class='ocrx_word' id='word_1_232' title='bbox 739 1989 876 2038; x_wconf 84' lang='lat' dir='ltr'><strong>inquit</strong></span> <span class='ocrx_word' id='word_1_233' title='bbox 905 1989 1051 2039; x_wconf 88' lang='lat' dir='ltr'><strong>accepi.</strong></span> <span class='ocrx_word' id='word_1_234' title='bbox 1113 1988 1184 2027; x_wconf 90' lang='lat' dir='ltr'><strong>sed</strong></span> <span class='ocrx_word' id='word_1_235' title='bbox 1215 1988 1303 2027; x_wconf 87' lang='lat' dir='ltr'><strong>dico</strong></span> <span class='ocrx_word' id='word_1_236' title='bbox 1337 1988 1444 2038; x_wconf 91' lang='lat' dir='ltr'><strong>quod</strong></span> 
     </span>
     <span class='ocr_line' id='line_1_30' title="bbox 62 2048 1442 2099; baseline 0 -12"><span class='ocrx_word' id='word_1_237' title='bbox 62 2048 139 2088; x_wconf 89' lang='lat' dir='ltr'><strong>hoc</strong></span> <span class='ocrx_word' id='word_1_238' title='bbox 171 2050 232 2088; x_wconf 88' lang='lat' dir='ltr'><strong>est</strong></span> <span class='ocrx_word' id='word_1_239' title='bbox 263 2048 401 2087; x_wconf 88' lang='lat' dir='ltr'><strong>odium</strong></span> <span class='ocrx_word' id='word_1_240' title='bbox 433 2048 609 2087; x_wconf 88' lang='lat' dir='ltr'><strong>salutare</strong></span> <span class='ocrx_word' id='word_1_241' title='bbox 646 2049 898 2088; x_wconf 85' lang='lat' dir='ltr'><strong>meretricem</strong></span> <span class='ocrx_word' id='word_1_242' title='bbox 930 2049 1051 2088; x_wconf 90' lang='lat' dir='ltr'><strong>odire.</strong></span> <span class='ocrx_word' id='word_1_243' title='bbox 1115 2048 1264 2099; x_wconf 83' lang='lat' dir='ltr'><strong>odium,</strong></span> <span class='ocrx_word' id='word_1_244' title='bbox 1296 2049 1442 2099; x_wconf 83' lang='lat' dir='ltr'><strong>inquit,</strong></span> 
     </span>
     <span class='ocr_line' id='line_1_31' title="bbox 9 2108 1445 2160; baseline -0.001 -11"><span class='ocrx_word' id='word_1_245' title='bbox 9 2121 46 2149; x_wconf 76' lang='lat'><strong>30</strong></span> <span class='ocrx_word' id='word_1_246' title='bbox 67 2109 203 2159; x_wconf 82' lang='lat' dir='ltr'><strong>accepi</strong></span> <span class='ocrx_word' id='word_1_247' title='bbox 236 2111 376 2148; x_wconf 84' lang='lat' dir='ltr'><strong>contra</strong></span> <span class='ocrx_word' id='word_1_248' title='bbox 406 2121 572 2148; x_wconf 87' lang='lat' dir='ltr'><strong>uxorem</strong></span> <span class='ocrx_word' id='word_1_249' title='bbox 604 2110 645 2148; x_wconf 92' lang='lat' dir='ltr'><strong>et</strong></span> <span class='ocrx_word' id='word_1_250' title='bbox 675 2108 779 2149; x_wconf 90' lang='lat' dir='ltr'><strong>filios</strong></span> <span class='ocrx_word' id='word_1_251' title='bbox 810 2121 932 2160; x_wconf 87' lang='lat' dir='ltr'><strong>meos,</strong></span> <span class='ocrx_word' id='word_1_252' title='bbox 963 2111 1012 2148; x_wconf 92' lang='lat' dir='ltr'><strong>ut</strong></span> <span class='ocrx_word' id='word_1_253' title='bbox 1042 2122 1066 2148; x_wconf 91' lang='lat' dir='ltr'><strong>a</strong></span> <span class='ocrx_word' id='word_1_254' title='bbox 1098 2111 1220 2149; x_wconf 87' lang='lat' dir='ltr'><strong>sacris</strong></span> <span class='ocrx_word' id='word_1_255' title='bbox 1254 2122 1445 2149; x_wconf 84' lang='lat' dir='ltr'><strong>avocarer</strong></span> 
     </span>
     <span class='ocr_line' id='line_1_32' title="bbox 64 2169 1442 2220; baseline 0.001 -12"><span class='ocrx_word' id='word_1_256' title='bbox 64 2169 284 2209; x_wconf 57' lang='lat' dir='ltr'><strong>affectibus.</strong></span> <span class='ocrx_word' id='word_1_257' title='bbox 341 2169 410 2208; x_wconf 91' lang='lat' dir='ltr'><strong>sed</strong></span> <span class='ocrx_word' id='word_1_258' title='bbox 435 2169 524 2208; x_wconf 88' lang='lat' dir='ltr'><strong>dico</strong></span> <span class='ocrx_word' id='word_1_259' title='bbox 550 2169 659 2220; x_wconf 87' lang='lat' dir='ltr'><strong>quod</strong></span> <span class='ocrx_word' id='word_1_260' title='bbox 682 2170 785 2208; x_wconf 90' lang='lat' dir='ltr'><strong>illud</strong></span> <span class='ocrx_word' id='word_1_261' title='bbox 817 2170 955 2209; x_wconf 90' lang='lat' dir='ltr'><strong>odium</strong></span> <span class='ocrx_word' id='word_1_262' title='bbox 978 2171 1023 2209; x_wconf 87' lang='grc'><strong>111</strong></span> <span class='ocrx_word' id='word_1_263' title='bbox 1050 2171 1260 2209; x_wconf 87' lang='lat' dir='ltr'><strong>meretrice</strong></span> <span class='ocrx_word' id='word_1_264' title='bbox 1286 2170 1442 2209; x_wconf 88' lang='lat' dir='ltr'><strong>facinus</strong></span> 
     </span>
     <span class='ocr_line' id='line_1_33' title="bbox 64 2230 1444 2280; baseline 0.001 -11"><span class='ocrx_word' id='word_1_265' title='bbox 64 2231 125 2269; x_wconf 87' lang='lat' dir='ltr'><strong>est</strong></span> <span class='ocrx_word' id='word_1_266' title='bbox 157 2242 236 2280; x_wconf 92' lang='lat' dir='ltr'><strong>quo</strong></span> <span class='ocrx_word' id='word_1_267' title='bbox 261 2230 392 2268; x_wconf 90' lang='lat' dir='ltr'><strong>utitur</strong></span> <span class='ocrx_word' id='word_1_268' title='bbox 422 2231 464 2268; x_wconf 91' lang='grc'><strong>111</strong></span> <span class='ocrx_word' id='word_1_269' title='bbox 490 2230 555 2269; x_wconf 88' lang='lat' dir='ltr'><strong>sui</strong></span> <span class='ocrx_word' id='word_1_270' title='bbox 579 2230 801 2270; x_wconf 84' lang='lat' dir='ltr'><strong>caritatem.</strong></span> <span class='ocrx_word' id='word_1_271' title='bbox 857 2232 919 2269; x_wconf 87' lang='lat' dir='ltr'><strong>ita</strong></span> <span class='ocrx_word' id='word_1_272' title='bbox 943 2231 1009 2270; x_wconf 81' lang='lat' dir='ltr'><strong>vel</strong></span> <span class='ocrx_word' id='word_1_273' title='bbox 1033 2231 1109 2270; x_wconf 92' lang='lat' dir='ltr'><strong>hoc</strong></span> <span class='ocrx_word' id='word_1_274' title='bbox 1138 2231 1267 2270; x_wconf 92' lang='lat' dir='ltr'><strong>solum</strong></span> <span class='ocrx_word' id='word_1_275' title='bbox 1293 2230 1444 2270; x_wconf 83' lang='lat' dir='ltr'><strong>sufficit</strong></span> 
     </span>
     <span class='ocr_line' id='line_1_34' title="bbox 63 2290 1442 2342; baseline 0.001 -13"><span class='ocrx_word' id='word_1_276' title='bbox 63 2291 312 2329; x_wconf 84' lang='lat' dir='ltr'><strong>excusationi</strong></span> <span class='ocrx_word' id='word_1_277' title='bbox 344 2290 451 2341; x_wconf 88' lang='lat' dir='ltr'><strong>quod</strong></span> <span class='ocrx_word' id='word_1_278' title='bbox 483 2291 557 2329; x_wconf 82' lang='lat' dir='ltr'><strong>issa</strong></span> <span class='ocrx_word' id='word_1_279' title='bbox 588 2292 730 2330; x_wconf 73' lang='lat' dir='ltr'><strong>contra</strong></span> <span class='ocrx_word' id='word_1_280' title='bbox 755 2303 796 2330; x_wconf 91' lang='lat' dir='ltr'><strong>se</strong></span> <span class='ocrx_word' id='word_1_281' title='bbox 822 2292 983 2330; x_wconf 87' lang='lat' dir='ltr'><strong>tantum</strong></span> <span class='ocrx_word' id='word_1_282' title='bbox 1012 2291 1131 2330; x_wconf 87' lang='lat' dir='ltr'><strong>dedit.</strong></span> <span class='ocrx_word' id='word_1_283' title='bbox 1189 2291 1322 2330; x_wconf 89' lang='lat' dir='ltr'><strong>laetus</strong></span> <span class='ocrx_word' id='word_1_284' title='bbox 1348 2303 1442 2342; x_wconf 87' lang='lat' dir='ltr'><strong>ergo</strong></span> 
     </span>
     <span class='ocr_line' id='line_1_35' title="bbox 63 2349 1442 2403; baseline 0.001 -15"><span class='ocrx_word' id='word_1_285' title='bbox 63 2349 139 2400; x_wconf 82' lang='lat' dir='ltr'><strong>dic,</strong></span> <span class='ocrx_word' id='word_1_286' title='bbox 165 2350 332 2400; x_wconf 85' lang='lat' dir='ltr'><strong>iuvenis,</strong></span> <span class='ocrx_word' id='word_1_287' title='bbox 360 2351 640 2403; x_wconf 86' lang='lat' dir='ltr'><strong>congratulare</strong></span> <span class='ocrx_word' id='word_1_288' title='bbox 664 2352 777 2401; x_wconf 84' lang='lat' dir='ltr'><strong>mihi,</strong></span> <span class='ocrx_word' id='word_1_289' title='bbox 802 2351 888 2390; x_wconf 90' lang='lat' dir='ltr'><strong>bibi</strong></span> <span class='ocrx_word' id='word_1_290' title='bbox 912 2351 1250 2391; x_wconf 81' lang='lat' dir='ltr'><strong>medicamentum</strong></span> <span class='ocrx_word' id='word_1_291' title='bbox 1270 2351 1442 2399; x_wconf 87' lang='lat' dir='ltr'><strong>crudele,</strong></span> 
     </span>
     <span class='ocr_line' id='line_1_36' title="bbox 7 2411 1441 2462; baseline 0 -12"><span class='ocrx_word' id='word_1_292' title='bbox 7 2422 44 2451; x_wconf 70' lang='lat'><strong>³5</strong></span> <span class='ocrx_word' id='word_1_293' title='bbox 64 2422 240 2461; x_wconf 85' lang='lat' dir='ltr'><strong>saevum,</strong></span> <span class='ocrx_word' id='word_1_294' title='bbox 272 2411 373 2451; x_wconf 90' lang='lat' dir='ltr'><strong>desii</strong></span> <span class='ocrx_word' id='word_1_295' title='bbox 403 2424 558 2462; x_wconf 85' lang='lat' dir='ltr'><strong>pauper</strong></span> <span class='ocrx_word' id='word_1_296' title='bbox 583 2424 719 2452; x_wconf 86' lang='lat' dir='ltr'><strong>amare</strong></span> <span class='ocrx_word' id='word_1_297' title='bbox 747 2413 1009 2452; x_wconf 86' lang='lat' dir='ltr'><strong>meretricem.</strong></span> <span class='ocrx_word' id='word_1_298' title='bbox 1072 2413 1239 2451; x_wconf 84' lang='lat' dir='ltr'><strong>iamiam</strong></span> <span class='ocrx_word' id='word_1_299' title='bbox 1270 2424 1349 2450; x_wconf 88' lang='lat' dir='ltr'><strong>non</strong></span> <span class='ocrx_word' id='word_1_300' title='bbox 1381 2412 1441 2449; x_wconf 90' lang='lat' dir='ltr'><strong>in-</strong></span> 
     </span>
    </p>
   </div>
  </div>
 </body>
</html>
