1638 2560
494 125 814 163 DEOLAMATIO
839 125 892 162 VI
909 131 1016 163 4—6.
1362 129 1448 172 115

68 239 180 280 dicat
221 240 390 292 aliquis,
433 240 532 280 adeo
575 241 686 281 domi
727 241 830 280 nihil
868 241 1120 292 reliqueras?
1182 243 1280 283 adeo
1320 243 1444 296 longa
1469 245 1494 282 5

68 303 204 341 aetate
238 301 297 342 sic
325 301 502 351 vixeras,
538 303 586 341 ut
615 315 665 341 ne
702 303 878 353 pretium
910 303 1074 353 quidem
1110 305 1172 343 tui
1210 303 1447 355 paraveris?

67 363 104 402 si
132 361 211 402 1103
238 363 300 402 ita
330 364 452 413 esset,
482 364 612 402 testor
642 363 755 413 deos,
787 363 835 401 de
866 363 1142 416 redemptione
1174 365 1333 405 litteras
1364 378 1446 404 non

66 422 275 463 misissem.
324 423 406 462 fuit
428 422 535 462 unde
559 423 705 462 redimi
728 437 900 475 possem,
930 424 1094 475 iudices,
1124 426 1217 476 fuit,
1249 426 1319 466 sed
1342 426 1447 465 illud
1518 471 1525 476 ,

31 497 48 523 5
66 484 200 523 totum
227 482 337 523 filius
367 485 492 523 matu-i
521 484 699 535 reliquit.

155 543 336 597 Navigat
370 557 465 597 ergo
501 558 573 595 per
603 545 787 589 horridos
823 545 969 585 fluctus
1007 548 1048 585 et
1079 548 1283 598 gementia
1319 547 1445 587 litora

66 606 109 644 et
131 607 366 655 spumantes
398 605 583 656 scopulos
616 607 657 644 et
689 618 925 656 quacunque
956 608 1080 646 miser
1109 607 1261 647 relatus
1294 610 1355 648 est
1385 608 1445 646 in·

67 665 320 716 auspicatum
344 667 515 706 metiens
540 666 632 717 iter,
650 679 814 717 prorsus
840 668 1018 707 ominose
1043 669 1223 708 retentus
1245 670 1445 719 perversis

66 725 190 765 etiam
212 726 320 766 vofis
346 727 417 776 qui
449 729 610 777 optaret
642 727 805 780 alligari
829 740 854 766 a
879 729 1025 778 piratis
1052 741 1152 779 quos
1183 729 1314 769 vitare
1347 742 1445 780 quo-

10 798 47 827 10
66 799 143 837 que
178 788 374 827 miserum
411 790 483 826 est.
547 789 706 838 quaerit
743 787 842 827 haec
874 789 1010 828 omnia
1046 790 1197 840 impius
1235 790 1305 828 ille
1336 790 1444 830 filius

64 848 232 898 propter
260 848 450 898 parentes
482 847 590 899 quod
621 861 702 887 non
733 849 1005 899 praestitisset
1035 850 1163 889 frater
1193 851 1443 900 1·“1·3111,11011

66 920 168 947 uxor
196 907 304 958 viro,
337 929 394 935 —
428 908 525 959 quid
563 908 784 948 differimus
821 908 960 948 ultra?
994 932 1045 937 -
1079 924 1161 949 11011
1191 913 1310 962 pater
1346 911 1442 951 filio.

66 968 126 1007 dii
150 969 414 1021 immortales,
446 969 561 1019 caeli,
585 971 722 1020 maris,
753 971 973 1009 inferorum
998 971 1216 1022 praesides,
1248 973 1319 1011 uni
1343 973 1446 1011 mihi

65 1028 196 1068 adhuc
227 1041 365 1069 omnes
396 1030 501 1069 male
534 1032 706 1081 experti,
737 1043 809 1070 vos
846 1033 984 1070 tamen
1015 1033 1122 1071 solos
1159 1032 1288 1072 habeo
1319 1034 1444 1073 testes

8 1102 44 1130 1⁶
65 1102 188 1140 quam
230 1091 384 1129 invitus
427 1090 658 1142 redemptus
702 1092 789 1131 sim.
851 1092 1045 1131 miserum
1091 1106 1172 1144 me,
1216 1095 1325 1144 perit
1372 1095 1443 1144 qui

63 1149 227 1190 sciebat.
276 1163 371 1190 nam
402 1152 450 1190 ut
478 1152 655 1202 primum
685 1154 871 1203 pervenit
901 1153 1058 1192 iuvenis
1091 1153 1142 1192 ad
1172 1155 1340 1204 piratas,
1372 1154 1441 1193 ad-

62 1210 193 1251 ferens
235 1211 523 1264 redemptionis
567 1225 679 1251 meae
718 1225 759 1252 se
796 1214 990 1263 prefium,
1033 1226 1055 1252 e
1091 1214 1211 1253 ferali
1252 1215 1441 1254 navicula

62 1270 205 1311 avidus
244 1273 404 1322 exiluit,
447 1274 621 1313 vicarias
659 1273 869 1313 oblaturus
906 1287 1068 1324 manus,
1113 1276 1261 1314 stravit
1303 1289 1344 1315 se
1389 1276 1441 1315 ad

63 1344 195 1384 genua
225 1332 478 1385 singulorum
509 1335 560 1384 et,
592 1337 639 1372 ut
671 1334 871 1384 cupiditas
903 1335 1054 1374 fecerat
1083 1335 1295 1386 blandum,
1328 1337 1440 1375 obse-

6 1403 43 1431 20
61 1394 192 1432 cravit
235 1393 421 1434 omnibus
463 1394 667 1445 precibus,
710 1394 933 1434 miserabili
972 1395 1139 1446 planctu
1181 1398 1221 1435 et
1260 1397 1439 1436 lacrimis

59 1466 188 1504 paene
212 1456 416 1494 maternis.
468 1468 586 1494 nemo
611 1468 807 1505 umquam
832 1457 902 1505 sic,
926 1457 973 1495 ut
998 1457 1233 1506 solveretur,
1264 1459 1437 1509 rogavit.

60 1526 134 1553 nec
170 1526 266 1553 sane
309 1514 474 1554 difficile
517 1516 598 1554 fuit
640 1516 858 1566 impetrare
898 1529 922 1555 a
958 1518 1104 1567 piratis
1146 1517 1437 1568 captivitatem.

59 1575 191 1614 maior
219 1575 285 1614 illi
320 1588 458 1628 pugna
489 1589 645 1615 mecum
675 1576 765 1615 fuit.
828 1590 908 1616 non
940 1576 1109 1629 dignum
1145 1578 1249 1617 illud
1280 1581 1436 1629 specta·
1461 1580 1487 1616 6

60 1634 197 1674 culum
239 1635 464 1676 latronibus
509 1639 614 1686 erat,
658 1649 748 1676 cum
790 1640 909 1688 pater
949 1637 1137 1689 filiusque
1177 1638 1226 1678 de
1264 1640 1437 1679 vinculis

3 1706 40 1734 25
60 1695 358 1746 contenderent,
383 1700 425 1735 et
448 1696 525 1735 sibi
552 1698 720 1747 quisque
746 1710 944 1737 carcerem
969 1699 1203 1739 vindicaret.
1254 1713 1329 1751 ego
1354 1702 1437 1739 iam

60 1769 135 1796 usu
167 1756 430 1796 defendebam
454 1770 588 1796 meum
620 1760 661 1797 et
692 1758 734 1796 in
764 1758 827 1798 1113
853 1760 969 1799 3111113
994 1761 1075 1798 13111
1101 1762 1306 1800 111311113111
1331 1774 1436 1800 mor-

59 1818 143 1855 tem
174 1817 413 1857 asserebam.
464 1819 508 1857 at
543 1818 613 1857 ille
646 1821 803 1859 contra:
841 1815 931 1871 ‘ego
963 1822 1004 1859 te
1035 1821 1078 1858 in
1104 1821 1336 1860 calamitate
1369 1821 1436 1861 de-

59 1876 219 1916 seram?
249 1890 323 1930 ego
353 1878 567 1931 alligatum
590 1879 848 1930 relinquam?
898 1883 938 1919 et
964 1881 1162 1931 quomodo
1188 1881 1239 1920 ad
1264 1884 1436 1921 matrem

58 1937 214 1988 redibo,
252 1951 355 1989 quae
387 1939 533 1978 misera
572 1939 769 1979 desiderio
806 1942 869 1979 tui
901 1941 984 1980 dies
1020 1944 1239 1992 noctesque
1275 1943 1435 1982 fletibus

2 2003 40 2038 ⁸⁰
58 1997 220 2051 iungit?
265 2011 368 2049 quae
405 2001 541 2039 vivere
579 2002 664 2039 sine
707 2003 748 2040 te
786 2014 865 2040 non
910 1998 1088 2052 potest?
1150 2015 1231 2041 non
1275 2003 1435 2042 dicebat

155 2141 176 2173 2
201 2149 272 2174 nec
298 2147 326 2173 «r
420 2142 441 2173 3
468 2139 558 2174 deos
585 2151 652 2175 om
672 2146 719 2185 Β,
749 2141 835 2176 add.
860 2142 904 2177 in
928 2153 1044 2188 mary.
1072 2149 1095 2176 b
1194 2146 1215 2177 6
1241 2141 1433 2178 horridos:

4 2206 6 2208 v
57 2184 161 2222 horr-
187 2187 229 2222 in
253 2198 326 2223 ras.
348 2193 385 2222 P
477 2187 610 2224 littora
633 2194 672 2223 Β
767 2192 787 2224 7
815 2191 1035 2235 spumantes
1061 2191 1179 2235 03310
1205 2190 1380 2236 scopulos
1412 2198 1439 2225 ἱ

58 2237 80 2269 8
106 2234 292 2270 ominose:
319 2235 473 2271 omnino
494 2246 533 2271 33
552 2242 625 2280 Ββ·
652 2237 804 2273 0111111110
825 2239 883 2273 331
903 2244 946 2272 Μ
968 2238 1041 2284 (vel
1061 2239 1231 2274 ominose
1255 2251 1356 2285 supr.
1377 2241 1432 2283 m)

58 2285 80 2318 9
106 2282 261 2319 visitare
286 2289 329 2319 Μ
401 2287 445 2319 12
472 2283 700 2320 differrimus
725 2292 765 2331 1·
792 2286 1009 2322 defferimus
1030 2293 1066 2322 Ρ
1139 2291 1182 2322 13
1208 2287 1431 2322 inferorum:

0 2329 1 2335 ’
57 2330 279 2367 miserorum
306 2341 326 2374 β
401 2337 446 2367 14
472 2332 573 2368 301113
605 2340 633 2368 1
711 2338 755 2369 15
782 2346 864 2369 sum
888 2341 921 2369 J
999 2335 1117 2381 periit
1141 2344 1190 2378 βσ
1262 2339 1304 2370 17
1333 2347 1352 2370 3
1379 2336 1432 2370 fe·

57 2378 146 2414 rali:
174 2378 318 2415 31131311
350 2387 389 2426 '3
416 2380 580 2417 efferalis
608 2388 650 2416 J!
740 2386 784 2418 18
810 2382 935 2418 exiliis
960 2390 992 2418 J
1082 2387 1126 2418 25
1153 2384 1372 2418 vendicaret
1397 2390 1434 2418 Β

59 2430 102 2462 27
130 2427 350 2464 adferebam
376 2437 403 2464 tr
492 2430 663 2466 deseram
690 2442 757 2466 om.
778 2437 823 2475 Β,
848 2442 949 2477 supr.
971 2438 994 2465 ο
1093 2435 1138 2467 30
1164 2434 1202 2467 13
1228 2444 1329 2477 supr.
1349 2438 1386 2466 Β

1168 2493 1214 2527 8*
