1638 2560
173 113 263 156 394
597 108 857 145 EXCERPTA
881 107 1079 144 PARISIN
1080 108 1124 144 A.

171 229 256 267 eius
276 227 448 266 salvatio
476 225 527 264 ad
552 224 775 275 parricidas
802 223 1023 263 defluxerit.
1086 223 1132 263 P.
1159 223 1255 263 dum
1280 224 1385 263 mori
1405 225 1548 274 mavis,

169 288 414 340 probitatem
458 286 609 335 salvas,
654 285 748 323 dum
793 286 954 324 senatus
999 284 1109 335 quod
1153 297 1270 324 suum
1314 286 1391 335 est,
1435 285 1548 335 facit,

170 348 431 400 opprobrium
464 359 544 385 non
569 346 750 384 incurrit.
822 346 865 384 V.
892 346 1031 384 utrum
1056 358 1106 384 ne
1138 346 1272 385 vivere
1305 344 1450 385 debeat
1475 346 1548 396 qui

168 409 279 448 nasci
311 421 391 447 non
428 405 596 446 debuit?
656 407 700 445 P.
733 408 871 444 utrum
903 419 951 444 ne
984 406 1090 445 mori
1121 405 1284 456 debeat,
1324 419 1397 457 per
1428 419 1547 458 quem

168 470 296 509 virtus
338 466 470 508 vivit?
549 468 593 507 V.
628 466 827 517 quomodo
868 479 959 505 mea
1005 467 1092 506 vita
1133 466 1315 506 ducenda
1355 467 1425 517 sit,
1466 479 1548 507 non

167 530 293 570 video.
365 527 543 567 membra
584 540 673 566 mea
715 529 900 578 suspecta
940 527 1087 578 habeo3
1133 540 1197 567 me
1236 528 1371 579 ipsum
1411 527 1546 567 timeo.

167 604 248 630 1am
279 589 379 628 mihi
411 589 498 628 vita
528 601 635 627 mors
669 589 739 628 est.
802 588 845 626 P.
880 588 948 638 sic,
980 589 1037 627 sic
1069 588 1194 628 etiam
1224 587 1444 628 vivendum
1474 590 1547 637 est,

167 654 214 690 ut
244 663 317 702 pro
354 649 559 700 republica
597 648 803 688 moriendo
842 650 968 688 vivas.
1040 649 1082 688 V.
1117 661 1139 688 0
1173 650 1370 699 quantum
1407 649 1547 699 scelus,

166 714 214 750 ut
245 712 360 762 pater
392 711 514 749 etiam
546 711 730 760 suspecto
756 711 842 748 tam
869 711 1011 761 gratus
1042 709 1126 748 filio
1159 709 1210 749 ab
1236 722 1282 748 eo
1316 722 1435 760 quem
1465 721 1546 749 ser-

166 774 249 822 vat,
279 771 519 822 perimatur!
575 771 620 809 P.
653 783 676 809 0
710 771 862 820 quanto
887 771 1032 820 maius,
1063 771 1111 809 ut
1137 770 1295 810 iuvenis
1326 771 1390 810 tot
1419 769 1545 821 patri-

165 833 239 872 bus
271 834 427 882 totique
468 830 691 881 reipublica
732 831 986 883 gratissimus
1026 832 1070 870 in
1108 832 1326 882 conspectu
1366 831 1546 870 omnium

165 893 378 932 moriatur!
444 892 487 931 V.
514 891 648 931 videte
676 891 991 931 incommodum:
1024 892 1058 930 si
1088 893 1249 943 patrem
1277 891 1469 941 occidero,
1500 893 1547 931 ut

166 955 294 992 fatum
319 953 485 1002 indicat,
518 952 654 991 dolore
679 954 812 992 motus
843 952 944 991 mihi
968 965 1134 991 manum
1161 954 1379 1003 imponam.
1434 952 1546 992 Peri-

165 1015 226 1053 bit
262 1015 388 1066 igitur
424 1016 602 1063 uterque.
666 1014 795 1053 levius
834 1026 948 1065 ergo,
989 1013 1032 1052 P.
1061 1012 1116 1063 0.,
1157 1015 1205 1053 ut
1235 1014 1342 1053 solus
1383 1013 1544 1053 moriar.

165 1076 208 1113 P.
243 1076 296 1114 sit
327 1087 420 1113 sane
452 1074 796 1113 incommodorum
821 1074 1077 1125 examinatio,
1110 1075 1145 1114 si
1174 1075 1371 1114 morietur
1400 1074 1471 1113 1116
1503 1076 1544 1113 et

167 1133 268 1187 ego.'
310 1135 406 1184 quid
430 1133 586 1173 mater?
614 1134 709 1184 quid
736 1134 919 1174 sodales?
952 1135 1051 1186 quid
1075 1135 1185 1185 quod
1209 1135 1280 1174 ille
1305 1134 1436 1184 fortis,
1468 1147 1543 1187 ego

166 1194 335 1235 debilis?
366 1195 435 1234 ille
467 1196 642 1246 iuvenis,
676 1209 748 1248 ego
781 1194 926 1235 senex‘?
967 1195 1037 1235 ille
1069 1196 1249 1246 futurus,
1282 1208 1356 1247 ego
1386 1197 1544 1246 praete-

164 1255 294 1296 ritus?
356 1256 446 1306 quis
477 1257 612 1307 potius
643 1257 838 1295 morietur
869 1270 991 1307 quam
1024 1256 1094 1307 qui
1125 1257 1208 1296 fere
1240 1258 1423 1295 mortuus
1455 1254 1544 1296 est?

166 1317 254 1367 quis
286 1318 462 1356 sanctius
494 1317 606 1355 vivet
647 1330 768 1367 quam
800 1330 871 1367 per
911 1331 1031 1367 quem
1071 1330 1209 1357 omnes
1240 1315 1411 1356 vivunt?
1453 1317 1543 1368 quis

164 1377 319 1416 maiora
350 1380 455 1428 aget,
487 1378 566 1416 nisi
598 1379 669 1428 qui
701 1379 877 1417 maxima
909 1377 1020 1430 egit?
1060 1378 1111 1417 ad
1143 1391 1191 1418 ea
1221 1379 1350 1430 igitur
1381 1390 1541 1418 servan-

165 1438 238 1476 dus
272 1440 342 1477 est.
413 1438 456 1477 V.
491 1437 607 1487 atqui
637 1439 847 1478 maioritas
878 1438 954 1478 hoc
992 1439 1139 1478 scelere
1173 1438 1460 1490 implicabitur.
1519 1451 1542 1477 a

163 1500 384 1550 praesagiis
415 1499 519 1537 nihil
545 1499 692 1550 exigas,
723 1499 802 1538 nisi
828 1501 876 1538 ut
901 1499 950 1539 de
981 1499 1110 1540 tribus
1138 1500 1216 1539 duo
1241 1499 1542 1550 praecesserint.

163 1560 328 1598 tertium
353 1559 506 1598 factum
537 1562 647 1609 puta.
711 1560 755 1598 P.
782 1561 905 1599 immo
931 1562 974 1599 in
1006 1560 1137 1600 dubiis
1168 1560 1299 1599 multa
1325 1560 1543 1611 deprehen-

165 1619 312 1669 dimus,
352 1620 471 1670 plura
510 1620 847 1670 reprehendimus.
912 1621 960 1660 de
1002 1621 1150 1660 futuris
1190 1621 1349 1660 nullum
1389 1622 1542 1660 certum

165 1682 236 1730 est,
261 1680 386 1719 donec
409 1679 575 1719 accidat.
635 1681 677 1720 V.
698 1681 1008 1722 mathematicus
1035 1695 1155 1732 quem
1179 1680 1354 1721 fefellit?
1387 1681 1541 1720 caelum

165 1740 323 1790 quando
356 1741 517 1790 erravit,
551 1754 631 1779 non
665 1741 866 1792 explevit?
927 1743 971 1780 P.
1004 1743 1327 1792 mathematicus,
1358 1741 1392 1781 si
1422 1742 1542 1781 homo

164 1802 243 1850 est,
284 1801 423 1839 fallere
463 1802 607 1851 potest.
671 1802 825 1840 caelum
865 1816 946 1842 non
988 1805 1114 1853 errat,
1156 1803 1226 1842 sed
1265 1815 1345 1842 non
1386 1815 1542 1854 semper

164 1861 484 1912 deprehenditur.
548 1862 632 1900 vidi
671 1875 744 1914 ego
785 1863 923 1903 stellas
961 1863 1177 1903 rutilantes
1217 1863 1369 1913 subita,
1407 1862 1540 1902 nescio

165 1934 245 1971 qua
270 1922 424 1960 invidia
456 1922 670 1962 offuscatas
701 1923 931 1963 videntibus
957 1924 1158 1974 subtrahi3
1185 1924 1253 1963 sed
1276 1925 1317 1963 et
1342 1923 1541 1975 quaedam

161 1983 205 2020 in
236 1983 352 2020 tanto
385 1983 486 2020 aeris
520 1983 652 2033 spatio
682 1983 947 2023 intercurrere
973 1987 1154 2035 possunt,
1187 1985 1386 2035 quaedam
1418 1985 1541 2024 etiam

161 2044 204 2081 in
241 2043 340 2093 ipsis
381 2043 609 2083 hominibus
654 2044 764 2083 nasci
803 2058 903 2094 quae
945 2047 1079 2084 visum
1116 2045 1294 2084 turbant.
1357 2058 1430 2096 pro
1466 2045 1540 2084 deo

162 2104 298 2142 autem
329 2105 375 2141 ut
405 2104 679 2154 respondeam,
712 2117 823 2143 sume
855 2107 990 2144 utrum
1023 2106 1101 2145 vis:
1140 2119 1281 2145 verum
1310 2118 1362 2145 an
1392 2105 1541 2144 falsum

261 2223 279 2254 1
300 2218 437 2254 mavis:
458 2219 514 2254 vis
534 2230 632 2255 man.
653 2222 678 2255 2
703 2225 732 2253 V
801 2223 821 2254 3
841 2221 970 2255 utrum
985 2242 1028 2246 —
1043 2221 1137 2256 vivit
1156 2225 1243 2257 ante
1259 2220 1398 2258 videtis
1411 2233 1452 2267 p.
1465 2223 1539 2257 393

162 2267 252 2303 z.27
271 2272 413 2313 transp.
440 2273 501 2302 VB
573 2271 594 2302 5
616 2267 778 2303 dicenda
798 2274 870 2304 PB
945 2272 965 2303 9
988 2271 1113 2305 servat
1131 2281 1199 2306 om.
1221 2276 1258 2305 P
1331 2274 1374 2305 13
1394 2269 1540 2305 factum

165 2321 227 2350 VB
346 2315 493 2350 iudicat
523 2322 620 2350 VPB
742 2319 784 2351 15
816 2316 1001 2352 moriatur
1026 2324 1063 2353 B
1195 2322 1239 2354 19
1271 2317 1391 2353 satius
1422 2323 1539 2363 VBB;

160 2363 297 2399 iustius
322 2365 378 2400 vel
402 2364 530 2410 potius
557 2365 704 2410 Haupt,
732 2376 855 2409 opusc.
876 2366 951 2400 III
971 2368 1045 2401 420
1193 2370 1237 2401 26
1265 2366 1358 2402 deus
1385 2366 1538 2412 quando

162 2424 235 2448 non
258 2412 355 2459 expl.
379 2419 483 2448 RVB
549 2416 593 2448 27
622 2414 704 2448 erat
731 2419 760 2447 V
829 2416 874 2448 30
900 2414 1090 2449 incurrere
1113 2421 1165 2459 ης
1192 2414 1455 2451 111601161111616
1481 2421 1542 2450 VB

1568 787 1602 814 10

1564 1090 1598 1117 15

1563 1394 1598 1419 20

1562 1696 1595 1723 25

1560 1999 1595 2025 30
