1638 2560
197 104 285 146 262
591 130 593 132 ,
689 101 811 137 APEs
836 101 1077 137 PAVPERIs

197 218 413 267 convaluit,
445 218 688 268 relinquitur
719 217 821 255 liber
852 216 1085 267 parentibus
1117 216 1239 255 locus.
1290 217 1332 255 et
1355 229 1405 255 ne
1431 217 1572 256 coacta.

196 280 239 317 in
272 279 486 330 angustum
523 277 742 317 multitudo
774 290 880 316 nova
917 277 1038 316 turba
1068 276 1243 326 laboret,
1281 278 1400 327 quasi
1428 276 1571 316 habita

197 338 457 378 verecundiae
500 339 657 377 ratione
701 338 808 377 cedit
849 338 1022 388 populus
1065 338 1209 386 minor,
1253 349 1570 389 suspensumque

196 400 387 449 proximis
412 400 535 438 ramis
562 412 726 438 examen
751 398 947 437 humanas
973 410 1115 437 manus
1142 399 1337 447 expectat.
1382 399 1569 450 acceptas

197 472 285 498 cum
323 458 400 498 fide
438 459 535 498 colit
573 459 693 498 sedes.
758 460 798 498 et
835 471 925 497 cum
961 458 1125 510 ingenia
1162 459 1318 508 nostra,
1354 471 1459 509 quae
1494 471 1568 499 nos
1606 472 1622 499 ⁵

196 520 347 559 scilicet
379 519 584 559 ambitiosi
614 521 741 559 nostri
774 519 1052 558 aestimatores
1089 520 1274 570 proxima
1304 519 1454 558 divinis
1485 531 1568 559 cre·

195 580 343 629 dimus,
382 579 434 619 ad
464 579 724 630 perficiendas
757 579 989 630 disciplinas
1027 580 1155 619 multo
1193 579 1332 619 labore
1363 579 1569 630 desudent,

194 640 306 679 nulla
339 653 433 690 apes
464 641 544 680 nisi
575 641 720 679 artifex
752 640 940 680 nascitur.
1005 640 1103 691 quid
1135 639 1271 679 credas
1303 640 1414 680 aliud
1446 653 1569 692 quam

195 701 354 739 divinae
378 702 536 751 partem
556 701 701 740 mentis
727 701 789 740 his
810 701 955 740 animis
980 699 1138 740 inesse?
1182 701 1280 751 quid
1304 701 1569 752 praecipuum

125 760 171 796 17
194 760 371 800 referas?
432 774 511 800 non
544 763 590 800 ut
622 763 754 800 cetera
792 762 986 801 animalia
1023 775 1097 812 per
1126 763 1268 812 pastus
1299 774 1406 814 vaga
1439 763 1567 801 incer·
1587 776 1622 804 ιο

193 823 280 859 tum
313 822 439 871 quieti
477 823 643 872 capiunt
674 822 804 861 cubile
841 823 971 862 noctis
1009 821 1178 861 arbitrio
1216 835 1373 874 semper
1408 822 1566 862 habita-

193 883 297 932 tura,
329 881 396 922 sed
421 883 531 921 tutas
559 883 669 921 sedes
696 883 920 932 continent,
952 882 1070 922 urbes
1095 884 1225 933 tectis,
1250 882 1371 923 turba
1395 883 1567 934 populos

192 943 414 981 imitantur.
479 956 557 982 non
596 945 642 981 ut
679 943 787 982 ferae
826 943 1025 993 volucres,
1067 957 1147 983 non
1184 944 1407 994 praesentis
1446 943 1567 983 modo

194 1002 271 1040 cibi
302 1015 514 1052 memores,
546 1004 587 1041 in
621 1004 725 1042 diem
757 1006 919 1052 vivunt,
954 1004 1170 1043 duraturus
1201 1004 1327 1043 hiemi
1356 1005 1568 1055 reponitur

192 1061 334 1112 victus,
365 1065 406 1102 et
436 1064 600 1114 repletis
632 1077 724 1103 vere
756 1064 866 1104 cellis
897 1066 1010 1104 tutus
1042 1077 1170 1104 annus
1197 1067 1268 1104 est.
1326 1065 1451 1104 etiam
1476 1078 1567 1104 eum
1587 1079 1621 1107 15

194 1122 244 1161 ad
281 1123 477 1163 humanos
514 1137 609 1164 usus
648 1138 769 1175 opera
807 1125 1003 1165 subducta
1041 1127 1152 1175 sunt,
1193 1138 1381 1176 reparare
1419 1126 1566 1166 amissa

194 1184 449 1233 contendunt,
483 1186 522 1223 et
548 1185 662 1223 labor
687 1185 832 1225 damno
859 1186 1100 1235 incenditur,
1135 1187 1174 1225 et
1198 1199 1406 1236 nunquam
1432 1185 1568 1226 deficit

194 1245 349 1282 animus
376 1247 469 1284 ante
495 1259 616 1296 quam
642 1246 763 1285 locus.
815 1245 940 1297 quid?
973 1247 1081 1297 quod
1110 1248 1219 1286 inter
1243 1246 1436 1286 animalia
1463 1259 1566 1297 quae

191 1316 271 1342 non
302 1304 425 1343 verba
457 1306 717 1358 coniungunt,
749 1320 829 1346 non
855 1307 977 1346 verba
1008 1308 1178 1346 rationis
1211 1308 1383 1346 invicem
1407 1309 1566 1359 regunt,

191 1366 329 1403 tantus
362 1367 492 1415 operis
525 1380 736 1406 consensus
769 1369 846 1416 est,
878 1369 995 1406 tanta
1027 1367 1291 1407 difficillimae
1321 1369 1383 1407 rei
1413 1367 1564 1407 laboris
1583 1382 1620 1409 ιο

192 1424 431 1464 concordia?
493 1439 573 1465 non
604 1428 779 1467 humano
812 1428 912 1467 vitio
944 1429 986 1467 in
1017 1430 1221 1479 proximos
1255 1441 1437 1479 quaeque
1468 1441 1564 1468 usus

191 1484 346 1524 lucrum
371 1485 492 1535 ducit,
525 1488 567 1525 in
599 1489 805 1538 publicum
832 1488 994 1538 vivitur,
1028 1491 1068 1528 et
1093 1502 1322 1529 communes
1350 1501 1445 1540 opes
1473 1502 1565 1528 con-

192 1547 384 1596 geruntur
413 1548 456 1585 in
488 1548 674 1597 medium,
706 1549 818 1588 nefas
851 1551 911 1588 est
942 1549 1119 1588 delibare
1146 1551 1272 1601 gustu
1303 1551 1416 1600 prius
1441 1547 1564 1600 quam

190 1605 310 1654 plena
341 1606 482 1645 horrea
509 1620 666 1647 securos
693 1610 917 1659 spondeant
944 1623 1110 1649 menses.
1163 1611 1252 1661 quis
1278 1612 1416 1650 tantus
1442 1622 1564 1661 porro

192 1665 311 1704 ardor
336 1667 466 1716 operis
493 1681 645 1718 quaeve
671 1669 896 1708 officiorum
928 1672 1109 1721 partitio,
1141 1673 1188 1710 ut
1213 1671 1317 1710 aliae
1343 1672 1565 1722 congerant
1583 1684 1618 1712 ιε

191 1738 323 1775 onera,
357 1727 460 1766 aliae
493 1728 704 1779 accipiant,
736 1731 840 1769 aliae
871 1730 1030 1770 linant‘?
1064 1745 1167 1782 quae
1200 1732 1393 1771 severitas
1424 1732 1468 1770 in
1499 1745 1563 1771 ca-

191 1786 377 1837 stiganda
420 1788 594 1827 inertia?
661 1791 791 1829 multa
835 1791 944 1830 dictu
989 1793 1158 1841 visuque
1202 1792 1406 1831 miranda-z
1449 1805 1564 1843 prae-

288 1966 307 1996 2
335 1974 429 1998 nove
454 1964 564 1998 turbe
592 1974 609 2006 β
693 1970 712 2000 5
739 1977 814 2000 non
841 1966 988 2002 scilicet
1012 1973 1089 2011 Βσς
1116 1979 1183 2003 nos
1211 1979 1277 2004 om.
1301 1974 1342 2003 M
1432 1972 1451 2002 7
1478 1978 1564 2014 per-

190 2010 386 2056 cipiendas
413 2020 447 2056 βς
480 2013 744 2057 perpiciendas
770 2021 802 2048 J
922 2018 942 2049 8
970 2016 1052 2060 apis
1085 2023 1169 2059 111ιρ
1289 2016 1382 2051 nisi:
1409 2016 1491 2052 sine
1515 2022 1562 2058 B,

190 2069 280 2094 corr.
302 2066 342 2102 123
368 2071 447 2104 non
470 2066 513 2094 Μ
619 2064 639 2096 9
665 2063 901 2107 praecipium
926 2069 963 2097 B
1073 2067 1116 2099 10
1143 2065 1330 2100 incertum
1354 2076 1400 2100 ex
1425 2075 1503 2100 -am
1527 2071 1566 2100 B

192 2109 232 2141 11
267 2106 507 2143 habitaturas
540 2110 578 2144 et
608 2110 700 2144 totis
731 2117 812 2154 B1‘3
845 2111 1067 2147 habitatura
1093 2113 1159 2148 sed
1185 2113 1277 2148 totis
1303 2113 1479 2148 noctibus
1505 2118 1562 2156 Μς

188 2154 368 2190 habitura
394 2157 459 2191 sed
485 2158 588 2192 tutas
615 2167 662 2200 βσ
746 2162 788 2193 12
816 2159 925 2194 turbe
950 2166 1030 2203 151‘3
1057 2162 1144 2196 tura
1170 2168 1206 2196 Ρ
1291 2165 1334 2197 13
1360 2161 1440 2197 fere
1464 2175 1490 2196 α

191 2206 234 2238 16
262 2204 328 2239 ad:
355 2215 422 2240 om.
443 2211 495 2248 B;
522 2205 562 2240 in
583 2212 623 2240 M
697 2218 855 2242 umanos
881 2214 918 2242 B
1004 2212 1045 2243 17
1074 2209 1214 2245 defecit
1235 2216 1271 2244 P
1355 2213 1398 2245 19
1424 2211 1563 2256 regunt

192 2251 292 2287 Obr.:
319 2254 456 2299 regant
481 2254 586 2289 Dess.
608 2266 647 2299 p.
670 2258 735 2299 933
762 2259 905 2301 negant
931 2271 960 2290 ω
1035 2261 1078 2292 21
1106 2257 1314 2302 proximos:
1339 2258 1483 2304 primos
1503 2264 1561 2302 M3

187 2300 361 2346 proprios
389 2309 410 2335 ς
497 2305 540 2337 23
568 2313 636 2337 nec
663 2302 720 2338 fas
748 2312 795 2345 βα
877 2308 922 2338 24
950 2305 1015 2350 qui
1035 2306 1156 2350 tant'd»
1176 2307 1281 2352 (corr.
1297 2307 1334 2352 ὁ)
1359 2317 1471 2352 porro
1497 2317 1561 2341 sus

188 2348 300 2384 arbor
325 2349 451 2395 (ardor
477 2350 514 2395 1,)
539 2356 576 2385 Β
672 2351 738 2396 qui
764 2358 790 2385 ι’
883 2363 993 2398 porro
1019 2355 1147 2389 tantus
1181 2361 1252 2397 Γβσ·
1353 2358 1398 2390 25
1425 2365 1564 2401 conge-

186 2398 271 2432 rent
296 2403 365 2432 BV
458 2402 503 2434 26
533 2398 675 2434 honera
702 2406 727 2434 ι’
820 2399 959 2436 liniant
985 2408 1011 2435 V
1512 2430 1518 2433 .
