1638 2560
193 114 279 158 100
631 109 796 147 AEGER
819 107 1116 143 REDEMPTVS

190 228 309 268 fratri
345 228 503 279 praeter
540 225 715 266 eiusdem
752 225 923 265 nominis
961 236 1036 274 par
1069 235 1114 262 ac
1146 222 1275 261 simile
1311 220 1557 261 consortium

191 289 412 329 reverentia
450 299 607 338 quoque
651 286 854 337 languoris
900 282 1127 333 accesserit,
1169 282 1406 334 indignatur
1449 281 1558 333 apud

193 349 373 388 adfectus
403 347 530 398 patris
561 360 641 386 non
667 359 754 385 eam
785 345 1055 397 praevaluisse
1087 344 1256 395 partem,
1286 343 1330 382 in
1356 355 1438 393 qua
1469 344 1559 381 tan-

192 412 279 448 tum
309 408 414 447 filius
441 409 538 447 erat.
587 420 668 446 non
699 406 870 456 invenio,
902 405 1064 454 iudices,
1097 403 1433 454 quemadmodum
1463 403 1559 442 effu-

194 482 285 521 gere
316 470 515 519 potuerim
541 467 717 506 criminis
749 468 867 505 huius
897 465 1104 514 invidiam,
1137 465 1172 504 si
1196 464 1314 503 huncv
1333 464 1472 514 potius
1499 475 1560 502 re·
1598 477 1615 505 5

194 529 393 579 cepissem.
464 528 572 579 patri
622 529 686 566 cui
735 529 949 577 utrumque
999 526 1134 576 pirata
1176 524 1342 564 reddere
1385 523 1562 574 nolebat,

196 589 446 628 redimendus
477 589 556 627 fuit
588 590 658 627 aut
690 601 807 639 aeger
840 589 909 626 aut
939 587 1091 625 neuter.

313 647 442 694 Quid?
485 648 592 699 quod
630 649 780 698 inquit:
821 645 960 686 ‘etiam
997 646 1247 685 luxuriosum
1285 641 1560 696 praetulisti?

193 722 323 761 parce,
354 710 520 758 iuvenis,
548 709 785 758 maledictis,
816 721 935 759 parce
963 707 1163 746 conviciis.
1214 706 1439 756 reliquistis
1465 706 1564 744 haec

195 771 373 819 nomina3
406 769 513 808 domi
545 772 661 808 erunt
691 770 771 808 ista
802 769 920 819 vitia,
954 768 1063 807 domi
1094 768 1214 806 erunt
1244 767 1347 806 istae
1378 767 1564 816 virtutes,
1583 780 1618 806 ιο

195 830 262 869 sed
294 843 385 869 cum
422 830 578 869 fueritis
610 831 770 869 reversi.
831 829 995 868 interim
1032 828 1134 866 nihil
1167 827 1279 866 aliud
1313 827 1408 869 estis
1442 839 1565 878 quam

195 892 351 940 fratres,
384 903 503 940 quam
534 890 651 929 liberi
681 890 771 940 mei,
803 889 882 929 duo
909 890 1071 940 captivi,
1104 888 1221 927 ambo
1253 888 1402 938 miseri,
1434 889 1475 927 et
1506 887 1565 926 di-

195 953 362 990 versitas
401 953 534 990 vestra
572 951 620 990 de
659 951 953 990 calamitatium
991 950 1182 989 societate
1221 949 1458 998 consumpta
1493 949 1565 987 est.

196 1011 306 1050 vides
334 1024 453 1061 quam
483 1012 594 1050 nefas
629 1012 681 1049 sit
707 1012 878 1050 alterum
904 1024 951 1048 ex
976 1009 1089 1049 vobis
1115 1009 1216 1048 mihi
1241 1021 1326 1048 esse
1350 1007 1566 1049 viliorem?

196 1072 418 1122 piratarum
449 1084 528 1110 non
559 1073 726 1110 interest
756 1073 846 1110 uter
877 1071 1060 1122 eligatur.
1119 1070 1182 1109 dic
1212 1082 1337 1109 nunc:
1369 1065 1565 1108 ‘luxurio-
1587 1082 1620 1109 15

198 1144 285 1170 sum
321 1128 550 1170 redemisti?
613 1133 910 1182 comparatione
942 1133 1093 1180 vestra,
1130 1131 1306 1180 iuvenis,
1337 1126 1430 1183 <si>
1461 1130 1566 1169 circa

197 1193 482 1242 patrimonium
512 1193 729 1232 honoresve
762 1192 1077 1240 contenderetur,
1114 1193 1154 1230 et
1186 1204 1259 1242 ego
1289 1190 1565 1242 proclamabo:

197 1252 368 1291 vicisses.
414 1252 482 1291 sed
507 1254 671 1291 ventum
697 1254 757 1292 est
782 1253 891 1302 illuc⁷
911 1252 981 1291 ubi
1006 1265 1086 1290 non
1112 1251 1305 1303 probitas,
1331 1264 1412 1291 non
1437 1263 1567 1290 mores

198 1312 477 1362 aestimantur,
528 1315 568 1352 et
611 1313 659 1352 de
708 1313 941 1363 corporibus
993 1313 1078 1351 sola
1127 1312 1282 1351 taxatio
1327 1313 1397 1351 est.
1461 1311 1567 1351 unde

197 1373 332 1412 tristes
363 1373 554 1412 toleraret
587 1386 712 1423 casus,
744 1374 867 1412 ferret
899 1372 1032 1412 sordes
1058 1373 1321 1422 vinculorum,
1352 1373 1568 1423 piraticam
1588 1385 1623 1412 20

197 1433 344 1472 famem
380 1434 535 1473 iuvenis
574 1447 691 1483 quem
727 1436 913 1484 torquere
952 1433 1108 1473 solebat
1145 1435 1284 1472 nostra
1322 1431 1570 1484 frugalitas?

198 1493 302 1531 unde
323 1495 362 1532 et
380 1494 422 1531 in
447 1494 519 1532 illa
538 1495 753 1533 solitudine
774 1496 941 1533 carceris
962 1494 1124 1533 duraret
1145 1494 1300 1532 animus
1320 1493 1570 1533 convictibus

201 1566 355 1603 semper
392 1554 724 1604 comitatibusque
761 1553 966 1594 laetatus?
1028 1556 1194 1605 expecta
1224 1555 1271 1593 tu
1302 1567 1422 1605 quem
1457 1554 1570 1593 decet

201 1613 368 1652 honesta
406 1615 620 1664 patientia,
658 1615 873 1654 laudabilis
909 1615 1023 1654 labor
1055 1616 1126 1665 qui
1155 1614 1233 1654 tibi
1265 1614 1570 1654 difficultatium

201 1673 333 1712 reddis
371 1673 455 1723 ipse
487 1675 695 1713 rationem.
745 1677 791 1714 tu
823 1675 1013 1725 differris,
1050 1676 1282 1715 luxuriosus
1313 1675 1568 1726 relinquitur.
1590 1686 1625 1715 25

202 1733 299 1783 quid
343 1732 429 1772 ais‘?
502 1735 678 1784 praetuli
722 1736 853 1785 illum,
904 1736 951 1774 de
997 1749 1074 1786 quo
1122 1737 1199 1775 soli
1241 1735 1319 1774 tibi
1363 1735 1570 1786 querebar,

299 1889 319 1919 2
347 1885 584 1930 indignatur:
612 1885 652 1920 in
677 1887 718 1921 in
743 1898 816 1922 ras.
843 1890 885 1922 ut
909 1887 1054 1923 videtur
1079 1894 1116 1922 Β
1207 1891 1228 1922 3
1255 1888 1420 1933 partem:
1446 1888 1504 1922 rte
1530 1887 1573 1922 in

204 1943 276 1968 ras.
296 1939 334 1968 B
407 1937 426 1968 6
453 1933 578 1979 pirata
602 1935 802 1980 utrumque
828 1945 846 1978 β
923 1939 942 1970 7
967 1937 1143 1971 neutrum
1169 1942 1205 1971 P
1277 1939 1297 1971 9
1324 1935 1513 1981 reliquisti
1533 1941 1576 1970 Μ

207 1984 251 2016 10
283 1981 385 2017 domi
411 1982 535 2017 erunt:
570 1982 801 2018 dormierunt
826 1985 880 2019 bis
906 1990 942 2018 Β
1063 1988 1106 2018 13
1135 1984 1397 2020 calamitatum
1427 1990 1481 2019 Vo*

207 2032 251 2064 15
282 2031 368 2065 uter
393 2030 459 2065 del.
487 2034 520 2065 et
543 2031 669 2064 utrum
694 2042 793 2076 supr.
815 2038 865 2075 1²3
898 2033 940 2066 ut
966 2037 992 2066 s
1090 2032 1151 2067 dic
1175 2043 1277 2068 nunc
1301 2038 1381 2068 VM:
1415 2032 1574 2079 dignum

204 2089 305 2113 nunc
329 2084 401 2122 Ββς
434 2077 590 2124 dignum
621 2078 670 2113 hc
702 2079 939 2124 dereliquisti
965 2088 991 2114 <s
1111 2085 1154 2116 16
1188 2081 1219 2116 si
1251 2081 1337 2116 add.
1359 2081 1478 2118 Klotz

207 2129 250 2160 17
276 2125 497 2161 honoresve:
525 2125 683 2161 honores
709 2127 767 2162 vel
792 2134 843 2171 B3
870 2127 1079 2164 honoresue
1100 2136 1175 2174 Ρσς
1201 2140 1244 2164 ve
1270 2141 1322 2165 an
1346 2140 1394 2165 ne
1419 2129 1574 2165 dubium

206 2179 233 2208 S
325 2174 612 2209 contenderetur
638 2176 759 2211 Desa:
788 2176 1008 2212 concederet
1033 2183 1084 2221 Β;
1118 2178 1362 2213 contenderet
1391 2183 1505 2220 VM&

207 2226 252 2257 22
279 2223 332 2258 et:
358 2223 402 2257 ut
432 2227 531 2266 VP63
558 2234 623 2258 om.
646 2229 695 2257 ss
769 2224 922 2259 duraret
950 2225 1050 2261 Obr.:
1082 2226 1192 2261 duret
1218 2241 1246 2260 ω
1322 2225 1572 2262 convictibus:

207 2270 227 2306 ὃ
245 2270 408 2306 victibus
433 2277 472 2315 Γς
500 2271 734 2306 conmotibus
755 2279 805 2315 1³3
833 2273 1021 2330 conuetib3
1047 2279 1074 2308 S
1171 2278 1216 2309 23
1243 2275 1401 2320 expecta
1425 2275 1485 2309 tu:
1511 2284 1575 2309 ex-

206 2339 356 2400 pectavi
381 2361 426 2398 Β,
452 2354 511 2390 vel
530 2355 572 2389 tu
597 2367 696 2401 supr.
719 2363 742 2389 ὸ
834 2360 879 2392 24
905 2333 1133 2393 difficdtatifi
1153 2365 1204 2402 Β;
1232 2358 1502 2395 difficultatum
1527 2364 1579 2393 Vct

207 2406 252 2438 25
286 2402 470 2439 differeris
496 2409 593 2438 ΒΓ]
686 2403 926 2450 relinquitur:
957 2406 1155 2442 redimitur
1181 2413 1269 2450 Μβᾶ
1364 2410 1408 2443 26
1441 2406 1579 2444 solos.
