1638 2560
177 125 234 168 66
593 117 837 156 TRIBVNVS
862 114 1119 153 MARIANVS

175 238 374 288 impendit.
419 248 497 276 ecce
514 238 606 285 post
628 235 857 274 sententiam
882 233 1014 281 aqitur
1037 232 1082 270 in
1106 230 1321 275 tribumom,
1345 227 1540 267 ordmem-

178 311 250 350 que
285 298 541 339 iudiciarium
576 296 712 335 militis
748 294 958 333 inhumani
992 290 1310 341 praeposteravit
1346 289 1540 337 inmietas.

177 361 270 400 haec
301 359 354 399 ad
383 357 630 397 mendacium
659 354 796 394 militis
833 351 1079 403 arquendum
1108 351 1196 390 sola
1225 350 1403 400 profecto
1434 347 1544 388 debet
1584 354 1587 356 ’

179 431 301 460 causa
329 419 520 468 sufficere.
581 428 661 455 non
692 417 794 455 enim
826 426 913 454 eum
943 414 988 452 in
1019 423 1143 452 causa
1166 413 1324 460 poterat
1352 419 1543 458 superare

180 492 291 530 quem
316 482 404 519 ante
427 478 631 522 iudicium,
654 488 703 515 ne
727 477 772 515 in
796 476 946 515 actione
970 473 1159 522 deficeret,
1183 472 1311 511 subito
1335 469 1542 520 iuqulavit.
1581 480 1598 508 5

180 542 261 591 aqit
290 541 334 579 in
365 551 470 584 eum,
499 540 710 587 postquam
740 536 878 575 occidit
908 546 1021 584 quem
1050 535 1096 573 ut
1125 533 1226 572 latro
1256 532 1394 581 potius
1424 541 1545 579 quam

179 604 223 640 ut
251 601 362 639 miles
392 602 580 648 tanquam
611 609 656 636 επ
687 597 844 636 occultis
873 595 1034 635 insidiis
1064 593 1279 643 improviso
1309 593 1435 631 stricti
1465 602 1545 640 pu-

177 662 306 711 qionis
336 662 415 699 ictu
438 659 623 708 perfodit.
678 657 860 706 proditor
890 655 1171 705 fraudulentus
1201 653 1407 692 tribwriwm
1437 651 1545 691 clom-

180 722 339 760 destinis
383 720 483 759 odiis
521 722 555 758 et
589 718 871 763 simultatibus,
911 719 955 755 ut
996 716 1250 760 interimeret,
1293 713 1547 753 circumvenit

180 793 291 831 quem
315 781 488 830 profecto
519 790 599 818 non
629 778 844 823 occidisset,
879 778 961 816 nisi
984 777 1104 825 prius
1136 775 1190 815 ad
1221 786 1310 814 eum
1333 785 1410 822 per
1440 773 1545 824 obsef
1565 784 1601 812 ιο

181 843 264 891 quii
298 842 462 890 speciem
498 840 727 879 accessisset.
789 840 824 877 et
860 838 913 876 ad
949 837 1150 876 cumulum
1185 835 1373 884 publicae
1409 833 1546 883 confu-

180 903 302 941 sionis
333 904 368 940 et
398 900 571 945 dedecus,
603 900 656 939 ad
685 900 879 938 iniuriam
910 898 1055 937 civium
1080 899 1115 936 et
1138 898 1298 936 senatus
1323 905 1437 944 quem
1465 904 1547 932 non

183 963 396 1007 accusavit,
434 961 528 999 dwm
563 961 723 1005 viveret,
761 971 893 999 coram
931 958 1110 997 onmibus
1146 959 1231 996 iam
1260 957 1354 1005 post
1385 956 1547 994 mortem

181 1022 398 1070 impudenti
427 1021 628 1060 mendacio
665 1021 830 1068 turpiter
860 1020 1096 1058 criminatur
1127 1020 1162 1057 et
1192 1018 1335 1067 arguit.
1395 1017 1439 1055 at
1466 1026 1547 1054 non

184 1085 268 1122 erat
304 1082 356 1121 ad
388 1082 631 1120 audientiam
669 1080 949 1125 admittendus,
987 1080 1082 1128 quia
1119 1078 1276 1117 tribuno
1305 1076 1548 1126 praeripuit,
1568 1087 1603 1115 ιε

183 1145 220 1182 si
243 1154 323 1181 non
346 1143 414 1181 hoc
439 1153 586 1190 quoque
611 1141 737 1191 leyum
754 1141 1023 1189 praecavisset
1046 1140 1272 1184 auctoritas,
1296 1139 1342 1177 ut
1365 1136 1547 1186 legitimis

184 1204 370 1242 universa
400 1203 703 1241 terminarentur
732 1201 942 1240 sententiis.
1003 1199 1146 1239 viderit
1173 1199 1297 1249 iyitwr
1327 1200 1417 1237 ante
1446 1207 1550 1236 mor·

186 1266 277 1309 tem,
314 1275 433 1311 quam
462 1263 522 1301 vel
553 1263 718 1311 effugere
748 1262 808 1300 vel
839 1261 998 1311 differre
1027 1261 1105 1299 sibi
1134 1260 1291 1299 laborat
1324 1257 1550 1308 infelicissi-

185 1334 273 1362 mus
303 1322 531 1371 parricida,
568 1322 710 1362 viderit
738 1323 821 1371 ipse
850 1333 1023 1370 poenam
1054 1333 1173 1370 quam
1210 1321 1246 1359 ei
1282 1320 1344 1358 lea·
1376 1318 1551 1368 irroyari

185 1384 449 1428 mandaverit,
492 1382 632 1422 audiat
674 1394 719 1421 ecc
761 1382 904 1421 tabella
947 1382 1216 1420 dammationis
1253 1391 1352 1419 suae
1390 1379 1551 1418 recitari
1569 1391 1606 1418 πο

186 1445 425 1489 sententiam,
455 1445 500 1481 ut
528 1446 687 1482 mortem
715 1455 834 1492 quam
865 1442 1072 1482 crudeliter
1094 1442 1275 1481 intulisse
1297 1452 1339 1480 se
1362 1439 1551 1484 meminit,

187 1505 232 1543 in
261 1515 301 1542 se
331 1503 604 1543 miserabiliter
633 1503 879 1552 referendam
904 1514 1030 1552 aequa
1055 1503 1166 1542 lance
1189 1503 1328 1551 penset
1351 1502 1388 1540 et
1411 1499 1551 1539 doleat.

119 1563 170 1600 10
286 1564 337 1603 Ut
372 1566 500 1603 autem
537 1564 709 1612 amplius
745 1564 953 1603 insolentia
989 1563 1127 1602 militis
1159 1564 1194 1602 et
1221 1561 1427 1601 insultatio
1464 1571 1553 1600 con·

191 1624 404 1672 fundatur.-
438 1619 489 1662 ‘si
518 1619 642 1669 tales',
672 1625 811 1673 inquit,
844 1620 990 1662 ‘omnes
1019 1624 1207 1663 habemus
1237 1622 1392 1668 milites,
1425 1621 1552 1666 Mari,

190 1679 382 1723 vicimus’.
444 1696 498 1722 an
527 1695 606 1722 non
636 1685 774 1733 maqis,
807 1679 858 1722 esi
888 1685 984 1723 tales
1016 1695 1147 1723 omnes
1177 1683 1365 1722 habemus
1398 1681 1553 1726 milites,
1572 1693 1608 1720 25

191 1745 413 1792 imperator,
439 1746 472 1782 et
495 1745 698 1782 victoriam
724 1747 758 1783 et
781 1746 903 1783 vitam
919 1744 1170 1793 perdidimus
1178 1740 1212 1783 ,θ’
1264 1745 1415 1782 constat
1438 1743 1554 1787 enim,

192 1803 294 1853 quod
325 1815 454 1842 ommes
486 1806 519 1842 et
547 1805 691 1842 scimus
721 1806 876 1853 pariter
907 1807 942 1843 et
971 1805 1163 1844 dolemus:
1204 1804 1408 1843 tribumwm
1442 1802 1554 1841 miles

193 1863 341 1903 occidit.
403 1864 503 1912 quod
545 1866 581 1903 si
623 1865 755 1913 fecerit
795 1866 1062 1914 unusquisque
1104 1865 1298 1910 similiter,
1340 1865 1377 1903 si
1418 1863 1555 1902 rimati

193 1926 298 1973 ferro
329 1925 522 1972 fuerimus
552 1925 703 1963 viscera
726 1926 931 1971 sociorum,
961 1937 1041 1964 non
1064 1926 1258 1975 supererit
1287 1925 1356 1973 qui
1379 1923 1555 1962 victrices

292 2029 312 2061 2
339 2036 412 2071 que
437 2037 504 2062 om.
528 2033 556 2060 o
617 2026 843 2062 iudicarium
863 2033 913 2073 M,
939 2027 953 2063 i
977 2040 1077 2074 supr.
1098 2042 1140 2063 m
1215 2031 1235 2062 3
1261 2026 1346 2062 hec:
1374 2036 1394 2062 e
1419 2027 1462 2062 in
1480 2037 1554 2062 ras.

195 2075 254 2120 (ex
280 2085 301 2109 o
321 2073 353 2119 ?)
380 2079 423 2109 M
515 2074 612 2110 sola:
646 2074 742 2110 solet
766 2081 809 2110 M
903 2079 924 2111 ὃ
954 2087 1024 2112 nec
1052 2083 1080 2111 o
1178 2075 1303 2111 subito
1333 2086 1401 2111 om.
1422 2078 1468 2110 N

194 2121 368 2177 vigilavit
392 2126 436 2177 N
527 2126 545 2157 7
571 2123 781 2168 tamquam:
809 2125 1010 2169 postquam
1035 2129 1080 2160 Ν
1170 2128 1191 2160 8
1216 2122 1491 2159 fraudulendus
1518 2127 1562 2157 M

197 2173 242 2206 10
267 2181 464 2225 msa-prms
483 2171 526 2205 in
551 2171 686 2206 lacuna
705 2183 772 2207 om.
788 2175 833 2206 Ν
906 2183 972 2218 per
991 2172 1164 2218 obsequii
1190 2172 1354 2219 speciem
1373 2177 1460 2207 Mo:
1485 2180 1557 2217 pro

197 2229 228 2254 o.
251 2228 375 2264 specle
394 2222 439 2252 Ν
506 2222 548 2253 12
575 2219 768 2254 iniuriam:
797 2219 934 2255 iuriam
954 2227 996 2255 M
1066 2225 1110 2257 14
1136 2221 1332 2267 turpititer
1354 2226 1383 2255 o
1455 2223 1498 2255 16
1525 2218 1559 2254 si

195 2277 272 2302 non
290 2272 346 2302 M:
374 2276 451 2301 euve
470 2270 524 2310 N3
551 2267 628 2302 sive
652 2268 707 2303 vel
732 2267 813 2303 sine
842 2274 869 2302 o
944 2272 986 2304 17
1014 2271 1118 2305 ante:
1150 2271 1217 2305 aut
1242 2273 1288 2304 N
1354 2271 1400 2304 18
1425 2278 1557 2314 quam:

197 2314 263 2360 qui
288 2320 332 2350 M
425 2317 471 2350 20
495 2314 641 2350 tubena
666 2320 710 2350 N
798 2316 958 2352 recitare
984 2321 1029 2352 N
1119 2321 1163 2353 23
1191 2319 1335 2353 autem:
1363 2317 1431 2352 aut:
1457 2322 1487 2351 o

197 2367 243 2399 25
267 2362 390 2409 magis
416 2363 459 2398 in
483 2363 618 2398 lacuna
644 2374 710 2399 om.
732 2367 777 2398 N
877 2364 1017 2400 milites
1043 2377 1110 2402 om.
1132 2370 1177 2401 N
1285 2368 1329 2400 27
1357 2366 1396 2401 et
1421 2364 1559 2400 scimus

196 2412 239 2447 in
265 2411 401 2447 lacuna
425 2422 492 2447 om.
515 2415 558 2445 N
648 2415 692 2446 29
718 2412 867 2447 vitricos
896 2419 924 2447 o
