1638 2560
498 106 818 144 DECLAMATIO
844 106 932 142 xrv
957 110 1062 142 3—6.
1379 105 1469 148 269

87 222 330 272 mendaciis,
372 224 416 262 et
455 235 548 262 cum
591 222 721 261 omnis
759 221 811 261 ad
854 221 1143 273 expugnandas
1182 222 1335 260 mentes
1373 233 1469 260 cura

93 284 256 324 conlata
285 285 352 333 sit,
381 296 464 322 non
495 282 647 322 sufficit
676 284 825 331 tamen,
857 283 904 320 ut
934 281 983 320 de
1014 282 1078 321 sui
1108 283 1279 320 caritate
1311 283 1472 332 corpori

92 345 270 385 credant.
318 345 363 383 in
393 344 471 383 hoc
495 344 677 382 noctium
701 342 938 393 dierumque
963 342 1194 382 sollicitudo
1220 343 1471 382 consumitur

89 404 432 457 quemadmodum
469 404 518 443 de
561 403 797 443 libidinibus
834 402 908 442 fiat
945 403 1144 451 adfectus,
1189 416 1270 453 qua
1312 403 1471 442 ratione

57 483 76 510 ⁵
93 466 413 506 transcumnfia
449 464 597 517 cotidie
641 464 839 504 desideria
874 465 1108 512 teneantur3
1151 477 1201 502 ne
1239 465 1306 502 cui
1340 465 1472 514 prosit

93 527 263 576 offensa,
306 539 357 565 ne
395 538 515 576 quem
552 525 726 576 explicet
764 524 908 575 pudor,
944 537 994 563 ne
1033 537 1152 574 quem
1188 525 1357 563 satietas
1398 524 1472 563 ali-

94 587 257 639 quando
293 586 487 626 dimittat.
550 599 600 625 en
632 598 754 635 quam
791 586 944 635 putetis
980 586 1170 637 ignorare
1207 585 1352 635 quibus
1383 586 1471 623 vin-

94 650 212 688 catur
259 647 404 696 oculis,
455 659 557 697 quae
599 659 672 697 per
714 645 970 685 incommoda
1013 645 1212 684 desideria
1254 645 1473 697 flagrantes

94 709 249 748 mentes
285 709 519 758 corrumpat
555 708 750 757 primum,
794 706 936 745 deinde
974 708 1202 754 consumat,
1243 719 1335 745 cum
1371 707 1474 746 sciat

41 786 78 814 1⁰
95 769 242 821 quibus
273 768 422 816 oscula,
455 767 600 818 quibus
632 768 828 806 artissimi
851 769 1094 817 rumpantur
1118 767 1338 817 amplexus,
1370 779 1474 817 quae

94 843 169 881 pro
205 829 368 869 laetitia
398 828 596 877 dolorem,
632 841 707 879 pro
745 827 955 867 blanditiis
990 827 1230 879 gaudiisque
1260 828 1474 866 tristitiam

89 890 312 942 praecipiti
347 890 563 928 velocitate
606 888 867 928 substituunt.
929 887 1135 927 infinitum
1178 890 1239 927 est
1276 890 1475 939 quantum

96 964 144 990 ex
180 951 256 990 hoc
296 950 589 989 medicamento
627 948 872 1000 deprehendi
912 950 1043 999 possit
1085 949 1234 987 notitia
1278 950 1475 999 peiorum,

96 1024 214 1051 nemo
246 1012 324 1050 scit
352 1012 515 1049 tantum
544 1010 776 1049 remedium.

41 1089 79 1116 15
187 1071 439 1122 Temptavit,
475 1071 645 1119 iudices,
676 1071 823 1109 mulier
853 1069 1191 1120 inpudentissima
1223 1070 1384 1109 sceleris
1414 1070 1477 1107 in-

97 1133 251 1172 vidiam
295 1133 458 1171 nomine
493 1132 672 1182 potionis
710 1131 883 1183 effugere
922 1132 963 1169 et
999 1143 1199 1169 venenum
1235 1133 1359 1182 negat
1393 1143 1477 1169 esse

96 1195 277 1242 tantum,
313 1193 394 1231 nisi
424 1192 533 1243 quod
570 1191 728 1231 occidit.
789 1192 947 1230 facinus
985 1192 1064 1238 est,
1099 1191 1270 1240 iudices,
1309 1190 1477 1230 evadere

97 1255 304 1302 nocentes,
332 1254 445 1304 ‚quia
487 1254 570 1292 iam
611 1253 768 1292 facinus
805 1252 925 1302 plura
969 1252 1135 1291 devitat.
1199 1252 1299 1302 quid
1341 1251 1477 1298 refert,

99 1315 235 1354 animo
271 1315 417 1353 noceat
447 1314 596 1364 aliquis
635 1326 687 1352 an
718 1311 936 1352 membris?
998 1312 1137 1351 eodem
1169 1313 1317 1351 scelere
1347 1313 1476 1362 porri-

44 1391 82 1418 20
100 1376 212 1428 gitur
249 1387 367 1414 omne
398 1374 507 1425 quod
543 1387 624 1412 non
662 1374 768 1412 licet.
830 1373 1145 1423 unumquodque
1184 1386 1231 1411 ex
1269 1373 1331 1412 his
1371 1373 1480 1423 quod

101 1436 233 1484 datur,
265 1448 463 1474 venenum
496 1436 568 1474 est.

189 1496 407 1535 Excusatio
428 1495 652 1534 mehercule
672 1494 803 1534 adhuc
827 1507 901 1545 pro
921 1507 1016 1533 sexu
1042 1497 1125 1543 tuo,
1151 1507 1224 1544 pro
1244 1494 1477 1533 condicione
1503 1497 1529 1530 6

100 1557 293 1605 mulieris,
326 1556 396 1595 sed
420 1557 467 1594 ut
490 1556 564 1594 illa
589 1568 724 1595 nosses
750 1556 886 1607 gratia
910 1556 973 1593 tui
998 1555 1319 1604 desideriumque
1343 1567 1480 1605 posses

100 1619 283 1670 ingerere
314 1616 555 1655 nolentibus.
607 1617 857 1668 excogitasti,
888 1629 962 1666 per
992 1615 1099 1666 quod
1131 1617 1299 1655 maritos
1332 1628 1356 1654 a
1388 1628 1480 1654 con-

47 1679 243 1730 25iug1un
268 1678 438 1716 caritate
464 1677 641 1725 diducas,
660 1690 733 1727 per
758 1676 865 1726 quod
890 1677 1081 1715 iuvenum
1107 1678 1261 1715 mentes
1284 1675 1481 1727 abiungas

103 1738 154 1778 ab
192 1739 285 1777 aliis
322 1738 492 1777 fortasse
530 1737 818 1776 meretricibus.
881 1736 965 1776 odii
1001 1737 1340 1776 medicamentum
1380 1750 1481 1774 nun-

203 1857 222 1889 1
250 1853 447 1889 mendicus
474 1859 519 1896 Β,
545 1864 637 1888 corr.
658 1859 682 1886 ὁ
782 1857 801 1888 2
828 1864 903 1888 non
931 1862 968 1895 ςς
995 1863 1063 1888 om.
1085 1868 1115 1886 ω
1208 1828 1333 1888 stificit
1352 1858 1389 1887 Β

105 1901 253 1948 corpori
278 1914 324 1938 ex
348 1912 405 1936 -re
430 1907 482 1945 Βς
510 1901 677 1947 corporis
703 1907 731 1935 r
811 1904 832 1936 3
859 1900 1063 1936 solicitudo
1090 1907 1127 1935 Β
1223 1905 1246 1936 4
1271 1900 1417 1936 retione
1443 1901 1482 1934 *in

104 1974 255 2010 ratione
280 1980 317 2009 Β
432 1978 453 2009 6
479 1984 527 2008 ne
543 1995 585 1999 —
600 1973 724 2019 pudor
748 1985 817 2010 om.
836 1980 869 2008 J
976 1960 1067 2019 ne‹‘{;
1095 1973 1258 2009 sacietas
1283 1979 1336 2017 Βς
1362 1983 1485 2018 neque

92 2022 269 2070 ‘sacietas
296 2029 323 2056 Γ
418 2026 436 2057 7
463 2022 664 2057 vincantur
689 2021 790 2058 oculi
818 2022 902 2066 Gr.;
935 2021 1066 2057 oculus
1089 2022 1173 2058 Obr.
1274 2025 1295 2057 8
1321 2021 1486 2068 fiagran-

105 2073 239 2117 tesque
264 2077 316 2114 Β;
341 2071 541 2117 flagrantis
567 2079 586 2113 β
659 2074 680 2106 9
706 2072 833 2106 mente
853 2076 890 2105 Β
962 2072 1133 2106 comusat
1158 2076 1195 2105 B
1266 2081 1368 2106 cum:
1396 2080 1485 2105 cura

110 2119 194 2156 Obr.
296 2123 339 2154 12
368 2119 606 2155 substituunt
629 2119 785 2155 alterum
811 2131 836 2154 u
862 2120 905 2154 in
929 2130 1002 2155 ras.
1026 2125 1074 2164 Ρς
1108 2119 1343 2154 substituant
1369 2126 1391 2152 ς·

109 2172 154 2203 13
180 2179 225 2203 oc
244 2173 290 2212 Β,
316 2179 408 2204 corr.
429 2175 470 2211 ὸς
497 2168 566 2203 del.
590 2167 782 2214 Gryphius
880 2171 925 2202 14
951 2168 1011 2203 tffi
1037 2167 1104 2202 sed
1129 2167 1338 2203 remedium
1364 2173 1390 2201 S

110 2219 154 2252 15
180 2218 346 2262 temptat
372 2222 461 2259 1153oe
557 2219 600 2251 17
627 2217 778 2251 tantum
804 2215 871 2252 del.
896 2215 960 2251 Gr.
1053 2219 1098 2252 18
1124 2215 1203 2251 iam
1227 2215 1314 2261 plus
1341 2214 1486 2250 devitat-

106 2271 140 2300 .1
210 2265 369 2300 denotat
391 2264 474 2300 Obr.
544 2263 660 2300 restet
680 2270 716 2299 P
787 2267 833 2299 20
858 2264 1155 2310 unumquodque
1181 2272 1221 2299 σε
1250 2274 1416 2309 -quoque
1442 2272 1488 2304 αβ

205 2313 238 2348 is
257 2318 295 2348 B
401 2317 444 2348 21
474 2314 532 2348 est
557 2324 625 2348 om.
648 2322 667 2355 β
778 2316 822 2347 22
850 2313 1094 2348 excusatione
1119 2311 1272 2348 hercule
1299 2318 1335 2346 Β
1431 2312 1486 2345 est

110 2361 303 2397 excusatio
329 2361 365 2396 h.
394 2362 499 2397 Dess.
612 2365 657 2396 23
683 2371 814 2407 posses
842 2369 878 2396 ⁴3:
914 2362 1044 2406 posset
1069 2377 1099 2396 ω
1216 2363 1260 2394 ‘25
1295 2360 1411 2395 ducat
1438 2364 1487 2400 Βς

110 2409 277 2445 deducat
300 2415 340 2452 1'3
366 2410 505 2445 educ-as
534 2416 600 2444 ,ησ
