1638 2560
175 119 250 166 '34
644 116 826 154 CAEovs
851 115 903 150 IN
930 112 1102 149 LIMINE

194 237 398 276 sufficiunt
434 235 588 273 facinus
625 233 780 271 facturo
819 230 926 269 solae
965 228 1248 279 cogitationes,
1288 227 1330 265 et
1365 225 1434 264 vix
1469 225 1556 264 tam

193 297 322 336 multa
351 295 502 346 pariter
533 293 686 333 sciretis
718 291 835 331 oculi.
895 303 967 340 per
997 288 1134 337 fidem,
1171 286 1341 337 iudices,
1379 285 1430 325 ab
1461 286 1556 324 utro

195 356 419 396 credibilius
446 356 506 393 est
531 355 702 392 occisum
730 363 880 391 senem:
907 363 929 388 a
955 361 1125 389 noverca
1151 360 1255 398 quae
1273 346 1491 399 prospexit,
1509 346 1558 384 ut

195 420 235 456 et
266 416 369 455 alius
399 414 526 466 possit
557 426 641 452 esse
673 413 896 463 suspectus,
934 423 986 449 an
1017 422 1041 447 a
1072 409 1218 448 iuvene
1249 407 1365 447 cuius
1401 405 1557 446 invidia

194 477 392 528 periturus
425 476 496 524 est,
528 475 648 513 etiam
679 475 725 511 ut
755 472 871 510 illum
901 471 1006 509 alius
1039 467 1225 509 occidat?
1563 477 1566 483 '
1594 478 1611 506 5

282 535 498 575 Intuemini
528 547 599 585 per
629 533 764 582 fidem,
795 531 958 581 iudices,
989 530 1271 581 procedentem
1300 527 1554 580 parricidam.

196 609 292 648 quos
335 609 416 635 non
464 597 542 634 ista
585 592 757 645 vestigia
806 592 998 643 frangant
1046 591 1316 641 rumpantque
1367 585 1557 628 somnos?

195 657 367 708 vestigia
390 656 508 707 plura
533 667 688 705 semper
712 653 932 692 errantium
958 663 1061 702 quae
1087 664 1168 690 non
1193 650 1332 690 valent
1356 648 1558 700 suspensis

195 716 578 768 praetemptatisque
623 713 822 766 gressibus
865 713 1012 751 librare
1057 724 1221 761 corpus,
1265 711 1306 750 et
1349 709 1444 760 quia
1489 708 1560 748 diu

195 780 287 817 sunt
317 778 486 826 incerta,
517 775 704 814 nutantia
734 785 892 812 11606556
925 773 984 812 est
1016 772 1180 824 gravius
1210 773 1399 822 premant
1430 770 1614 809 5011111110

196 838 258 876 6111
290 837 550 876 crediderunt.
615 836 764 885 quanto
797 848 844 872 ex
873 834 950 872 hoc
980 833 1071 883 plus
1104 831 1278 883 accipiat
1307 842 1466 870 11606556
1499 831 1561 869 est

194 899 267 936 illa
309 897 493 936 nocturni
538 895 688 935 silentii
734 895 846 945 quies
892 894 997 944 quod
1042 892 1286 932 ambulantis
1336 890 1444 931 caeci
1486 902 1560 929 1160

196 970 336 997 manus
368 958 524 996 cessant
552 956 869 1007 praemittuntur
900 954 1111 1005 explorant
1142 955 1183 992 et
1218 953 1354 992 adesse
1387 965 1428 991 56
1459 964 1560 990 nun-

195 1017 326 1056 tiant?
356 1018 440 1067 illa,
464 1030 535 1068 per
560 1029 662 1067 quae
688 1016 914 1066 complexus
939 1014 1117 1064 veniunt,
1144 1012 1311 1065 <nescit,
1331 1009 1450 1065 cum>
1476 1025 1558 1051 non

197 1080 277 1116 sint
301 1078 343 1116 in
367 1078 564 1128 potestate
591 1077 708 1126 caeci,
734 1089 813 1127 qua
837 1077 924 1114 toto
951 1088 991 1114 56
1017 1075 1196 1114 fateatur
1220 1074 1405 1125 strepitu.
1451 1072 1559 1124 quic·
1581 1085 1615 1112 15

198 1138 294 1188 quid
325 1138 511 1187 occurrit,
542 1150 795 1187 nequaquam
826 1137 960 1187 potest
991 1135 1142 1175 evitare
1174 1135 1364 1184 caecitas,
1396 1133 1476 1173 nisi
1501 1133 1559 1173 of-

198 1199 321 1237 fensa.
369 1200 417 1237 ut
448 1197 662 1247 ambulare,
693 1199 739 1235 ut
769 1196 926 1249 ingredi
950 1198 1066 1235 nocte
1097 1195 1308 1247 possimus,
1340 1195 1425 1234 dies
1449 1194 1560 1233 facit.

128 1258 175 1294 17
287 1257 415 1304 Quam
451 1258 580 1296 multa
617 1257 757 1296 deinde
796 1258 1026 1308 supersunt,
1066 1258 1283 1307 postquam
1315 1256 1366 1295 ad
1402 1256 1561 1307 patrem

197 1320 431 1368 perventum
463 1317 549 1357 est?
611 1318 838 1368 exploretur
868 1330 1027 1356 11606556
1068 1319 1128 1356 est
1159 1316 1312 1368 pariter
1340 1316 1561 1356 iacentium

197 1379 326 1428 prima
358 1378 579 1427 diversitas,
609 1379 758 1428 vultus,
791 1391 861 1417 ora
891 1379 1128 1428 tractentur,
1160 1377 1423 1416 detrahantur
1453 1376 1562 1416 vela·
1581 1389 1617 1416 20

199 1440 333 1477 menta
365 1438 607 1489 corporibus,
639 1439 855 1488 quaeratur
883 1439 1041 1477 vulneri
1071 1438 1192 1477 locus.
1243 1439 1303 1477 ita
1335 1451 1382 1477 ex
1407 1436 1562 1477 duobus

200 1500 383 1536 neutrum
421 1497 593 1537 excitat?
655 1499 816 1549 gravior
853 1511 1008 1549 semper
1046 1499 1230 1537 dexterae
1267 1498 1468 1537 tractatus
1503 1510 1563 1536 er-

199 1559 339 1597 rantis.
388 1558 585 1608 paulatim
611 1559 750 1597 deinde
777 1559 1048 1598 admovendus
1074 1562 1134 1598 est
1159 1559 1314 1610 pectori
1338 1571 1490 1608 mucro,
1522 1560 1564 1597 et

201 1631 248 1657 ne
281 1632 361 1668 qua
392 1619 658 1657 confundatur
694 1619 923 1670 ignorantia
955 1621 1125 1658 nimium
1156 1620 1259 1658 liber
1288 1621 1411 1669 ictus,
1448 1632 1563 1670 prae—

202 1679 316 1717 cedat
341 1680 500 1728 oportet
525 1678 704 1730 gladium
728 1692 879 1718 manus.
931 1680 1035 1733 und-e
1066 1682 1228 1719 tantum
1253 1681 1402 1719 virium
1433 1692 1562 1729 caeco,
1583 1690 1619 1719 25

201 1741 246 1777 ut
284 1739 325 1777 in
363 1752 441 1777 uno
480 1740 616 1777 statim
655 1740 739 1777 ictu
775 1752 881 1779 mors
925 1742 1012 1779 tota
1055 1739 1303 1793 peragatur?
1364 1741 1564 1780 incertum

300 1917 316 1947 1
343 1912 405 1948 vix
431 1924 474 1948 esc
499 1912 563 1948 iux
587 1919 666 1947 ΒΜ
688 1916 790 1960 (corr.
811 1929 852 1948 m
878 1919 919 1950 ut
944 1915 1100 1962 videtur)
1175 1920 1195 1951 2
1221 1918 1307 1951 utro
1334 1928 1378 1952 ex
1403 1917 1564 1961 utroque

200 1967 233 1995 J
303 1964 323 1995 3
350 1971 388 1995 a:
417 1963 483 1997 aut
509 1970 527 2003 β
612 1965 633 1995 4
660 1972 697 1997 a:
726 1963 792 1997 aut
817 1969 843 1997 s
927 1963 1087 2000 invidia:
1114 1964 1245 2000 invida
1270 1971 1307 2000 P
1387 1967 1408 2000 8
1434 1964 1562 2010 plura:

203 2020 297 2055 dura
315 2021 389 2055 Bu.
465 2031 577 2066 quae:
605 2022 706 2066 quod
731 2037 772 2056 m
870 2026 889 2057 9
917 2012 1006 2059 quia
1032 2026 1071 2070 (q
1095 2037 1195 2071 supr.
1218 2026 1254 2072 b)
1280 2031 1318 2060 B
1415 2029 1458 2060 11
1486 2035 1565 2059 cre-

203 2068 379 2103 diderunt
411 2083 449 2103 a:
483 2069 557 2103 -int
588 2078 656 2111 βγά
759 2081 803 2105 ex
834 2070 904 2106 hoc
936 2074 1077 2116 quanto
1110 2079 1154 2108 M
1251 2072 1324 2109 hoc
1354 2072 1458 2119 plus:
1491 2072 1565 2108 hoc

202 2116 336 2151 turbae
366 2116 451 2162 plus
486 2125 521 2159 ςς
557 2117 628 2152 1100
660 2118 836 2163 strepitus
868 2119 952 2164 plus
984 2121 1196 2157 dubitanter
1221 2123 1273 2158 H.
1381 2121 1563 2167 accipiat:

202 2163 344 2210 ccipiat
366 2171 395 2198 V
512 2168 554 2199 13
580 2166 888 2219 praemittuntur:
915 2169 1165 2213 praemittunt
1190 2176 1260 2205 BV
1378 2173 1422 2205 14
1448 2179 1563 2215 quae:

202 2223 317 2257 quam
349 2221 368 2255 β
488 2215 609 2248 1165011,
640 2226 723 2249 011111
755 2214 841 2250 add.
868 2216 972 2252 Dess.
993 2229 1031 2264 p.
1054 2221 1105 2253 86
1229 2221 1272 2253 15
1306 2218 1372 2254 sit:
1408 2218 1452 2253 fit
1482 2231 1565 2262 γης

203 2262 290 2296 sunt
322 2268 343 2295 ς’
463 2264 508 2295 22
541 2263 730 2297 neutrum:
767 2273 813 2297 ne
844 2264 969 2299 utrum
994 2271 1045 2309 Βς
1081 2265 1343 2311 neminem'V3
1378 2267 1423 2311 cf.
1451 2281 1493 2301 m
1524 2266 1568 2301 in

202 2320 335 2355 mara:
367 2308 427 2344 vel
458 2311 632 2344 neutrum
664 2310 761 2345 sicut
793 2311 865 2346 due
896 2314 1024 2357 partes
1122 2319 1166 2349 23
1200 2315 1473 2351 admovendus:
1505 2313 1567 2349 vel

201 2357 407 2412 movendus
427 2363 470 2391 M
549 2361 593 2392 24
620 2358 886 2394 confundatur:
914 2361 1003 2396 conf
1038 2362 1109 2397 da?
1130 2363 1281 2408 (lacuna
1301 2363 1462 2400 duarum
1482 2363 1566 2409 litt.)

202 2411 254 2449 B3
282 2416 324 2440 m
348 2416 462 2452 mary.
490 2417 515 2440 u
541 2412 584 2449 ῦς
612 2405 887 2442 confundantur
913 2409 950 2454 (n
976 2421 1055 2455 exp.
1076 2412 1119 2456 J)
1141 2419 1167 2445 «s
