1638 2560
441 104 855 157 DECLAMATIQNES
880 104 960 141 XII.
986 105 1084 141 xm.
1365 105 1452 149 381

714 257 826 296 XIII.

166 341 357 382 Indum:
394 341 613 381 Hortulum
654 355 780 381 unum
816 342 1031 392 habebam,
1073 354 1096 381 0
1130 341 1299 391 iudices,
1340 343 1455 382 iuxta

74 402 262 452 divitem,
300 402 426 442 istum
465 415 546 442 non
585 403 814 442 nemoribus
856 403 1056 442 consitum
1093 414 1166 441 1160
1203 402 1456 443 fructuosum

75 476 148 503 nec
184 463 364 514 amplum
405 463 474 503 sed
513 463 740 502 ieiunarum
781 463 995 515 glebarum*
1031 465 1072 502 et
1110 463 1276 502 humilis
1311 463 1454 514 thymi.

37 536 56 564 ε
74 523 174 564 haec
205 525 303 575 apta
332 524 531 575 possessio
562 524 665 562 mihi
694 537 768 575 pro
799 537 924 576 regno
957 525 1045 563 erat
1075 524 1287 564 latissime.
1344 523 1455 564 dives

75 585 141 624 hic
181 585 312 624 totum
360 585 608 635 adquisierat
657 597 783 635 usque
831 584 882 623 ad
931 585 1095 623 hortum
1141 598 1277 624 meum
1325 586 1365 624 et
1405 584 1455 624 de

74 644 258 696 pluribus
283 645 411 685 hortis
435 645 615 696 plurium
638 659 764 684 unum
789 646 950 685 fecerat.
1007 645 1104 684 dum
1129 646 1287 685 iuvenis
1319 646 1380 684 fui
1411 646 1454 684 in

74 706 193 745 horto
224 718 314 745 meo
345 705 532 746 manibus
557 705 751 756 laboravi,
783 719 889 745 nunc
920 718 1039 746 senex
1064 707 1106 746 et
1137 706 1280 746 debilis
1312 706 1454 747 videns

76 779 141 806 me
177 766 514 817 circumsaeptum
545 779 569 806 a
599 767 718 806 terris
759 766 918 817 divitis,
954 768 1002 806 ut
1038 767 1107 806 vix
1138 768 1283 806 semita
1319 768 1453 806 tenuis

22 840 58 868 ιο
75 827 300 878 ingressum
353 827 454 866 mihi
500 826 625 866 daret.
697 827 791 867 hinc
815 849 866 854 ——
890 828 1020 867 exitus
1066 822 1145 882 (=
1163 840 1207 877 Ρ.
1233 829 1336 874 248,
1362 822 1454 882 22).

76 887 216 927 videns
247 900 342 940 ergo
368 887 475 938 quod
499 901 581 927 non
605 900 764 938 possem
788 888 846 927 ibi
870 888 1017 927 habere
1042 901 1189 939 pecora
1215 890 1256 927 et
1281 901 1457 941 gregem,

77 961 323 999 quamquam
361 948 437 988 hoc
477 950 722 1000 competeret
762 948 962 988 debilitati
1005 961 1119 988 meae
1157 949 1458 999 sustentandae,

77 1009 254 1061 cogitavi
285 1021 474 1059 quaerere
504 1009 606 1048 mihi
647 1009 798 1049 animal
831 1009 939 1060 quod
979 1010 1100 1049 volet.
1158 1022 1253 1061 apes
1295 1023 1458 1062 congre-

77 1069 172 1122 gavi
195 1069 254 1108 ibi
280 1082 338 1120 eo,
371 1069 478 1120 quod
501 1071 711 1121 praestans
747 1071 808 1110 est
834 1070 996 1109 animal.
1047 1071 1144 1110 sunt
1168 1071 1276 1110 enim
1299 1083 1459 1122 parcae,

23 1142 57 1171 15
76 1129 225 1179 fideles,
256 1129 481 1170 laboriosae
512 1133 578 1170 etc.
605 1124 674 1185 (cf.
695 1143 737 1180 Ρ.
764 1132 866 1177 248,
891 1125 983 1185 25).

159 1203 204 1240 Ρ.
230 1191 332 1237 250,
357 1193 388 1231 2
417 1191 540 1242 impie
571 1193 744 1242 tyranne
777 1190 885 1242 quo‘?

160 1263 205 1301 Ρ.
231 1251 333 1297 254,
358 1253 418 1292 23
450 1254 493 1291 at
524 1265 619 1303 apes
651 1251 815 1291 domum
847 1264 919 1291 sua
951 1254 1093 1304 sponte
1118 1252 1305 1292 revolant
1331 1254 1372 1292 et
1402 1253 1461 1292 ibi

77 1313 193 1351 nocte
223 1314 408 1363 pausant.

161 1385 206 1422 Ρ.
231 1373 333 1419 256,
361 1375 388 1412 7
419 1373 518 1412 dicis
551 1373 738 1412 ulterius:
770 1374 817 1412 ut
847 1373 1040 1412 damnum
1072 1375 1127 1413 sit
1158 1377 1223 1414 eto.

22 1446 60 1473 so
161 1445 206 1482 Ρ.
232 1433 334 1479 257,
363 1435 419 1472 10
460 1434 494 1472 si
545 1433 736 1472 damnum
787 1434 994 1485 accepisti,
1046 1436 1134 1473 erat
1186 1434 1269 1483 1611,
1314 1435 1460 1484 forum,

77 1493 214 1543 iudex,
263 1495 343 1533 nisi
388 1495 429 1533 te
478 1494 629 1544 pudeat
678 1493 877 1533 vindicari
922 1495 1020 1534 iure.
1090 1496 1126 1534 si
1170 1496 1278 1534 enim
1322 1495 1461 1535 licebit

80 1553 245 1593 cuilibet
293 1554 516 1594 vindictam
563 1555 760 1606 accipere,
817 1556 897 1594 cito
947 1556 1133 1606 potentes
1185 1555 1461 1595 adnihilarent

78 1627 286 1666 pauperes.

163 1687 208 1724 Ρ.
234 1675 335 1721 258,
362 1677 390 1714 3
421 1676 534 1715 0111113
565 1676 624 1715 161
655 1675 723 1716 vix
760 1675 934 1716 inveniri
971 1677 1107 1727 potest
1144 1677 1304 1716 brevior
1336 1678 1460 1716 aetas.

25 1749 61 1776 25
80 1735 146 1775 vel
184 1736 291 1774 enim
330 1737 451 1775 vento
493 1735 557 1775 vel
599 1738 722 1775 etiam
763 1738 847 1776 31116
889 1739 1010 1776 vento
1048 1737 1190 1776 defluit
1230 1738 1296 1776 vel
1338 1739 1463 1777 etiam

80 1797 300 1835 marcescit.
358 1809 481 1847 quare
514 1797 548 1836 si
579 1796 763 1847 dicerem,
797 1797 996 1837 abstulere
1028 1799 1209 1849 peritura
1242 1801 1308 1837 eto.

163 1869 208 1906 Ρ.
234 1857 336 1903 258,
361 1859 421 1896 26
463 1858 558 1896 Post
598 1857 711 1897 brevi
757 1859 947 1897 contactu
990 1858 1075 1897 vim
1122 1860 1185 1898 sui
1225 1859 1461 1910 relinquunt

80 1920 260 1966 excerpta
291 1918 461 1957 addwmt:
505 1930 579 1968 pro
615 1919 692 1957 tali
728 1919 884 1958 mellito
925 1919 1092 1970 salario,
1134 1921 1277 1970 impie,
1316 1920 1461 1971 apibus

80 1990 279 2017 venenum
309 1978 531 2017 reddidisti.

25 2052 62 2079 80
165 2051 208 2087 Ρ.
236 2040 337 2084 260,
366 2041 422 2078 16
447 2039 576 2088 credo,
601 2039 765 2090 iudices,
783 2040 1044 2091 prudentiam
1071 2042 1249 2080 vestram
1275 2041 1461 2080 ulteriori

82 2099 359 2138 exhortatione
390 2111 471 2138 11011
504 2112 629 2152 egere.

164 2172 209 2208 Ρ.
235 2161 337 2206 261,
365 2159 422 2199 15
459 2161 611 2199 animal
652 2160 858 2211 innocens,
898 2174 1128 2212 operosum,
1160 2163 1262 2201 utile
1299 2163 1455 2201 homini

82 2220 191 2270 quod
220 2221 367 2259 natura
396 2221 550 2260 homini
582 2221 692 2261 dedit
722 2235 803 2261 non
835 2222 966 2261 solum
998 2222 1050 2261 ad
1080 2235 1210 2273 usum,
1246 2224 1292 2262 ut
1324 2225 1457 2262 cetera

181 2363 201 2394 2
227 2359 437 2396 hortulum:
457 2361 564 2397 habet
581 2362 656 2406 fere
674 2373 813 2408 semper
832 2362 948 2407 ortus,
969 2361 1114 2397 ortulus
1131 2368 1173 2397 Μ
1246 2366 1289 2397 12
1311 2363 1462 2397 susten-

85 2407 193 2443 tante
220 2414 263 2443 Μ
358 2412 402 2444 26
429 2410 626 2445 marcessit
652 2416 695 2445 Μ
