1638 2560
186 95 275 139 200
549 93 842 130 SEPVLCRVM
865 92 1197 130 INCANTATVM

974 165 985 187 j

277 211 419 260 Itaque
452 210 538 259 das,
571 209 715 247 mulier
745 209 905 258 infeliX,
936 220 1079 260 graves
1111 208 1361 259 nimiumque
1391 219 1557 259 poenas:

188 271 318 310 effecit
348 283 500 321 magus,
532 284 581 308 ne
605 269 734 308 filium
759 269 926 319 videres,
960 270 1000 307 et
1025 269 1155 308 solum
1180 268 1292 320 apud
1315 270 1356 308 te
1380 268 1556 319 reliquit,

187 333 235 370 ut
264 330 511 369 meminisses
538 330 645 380 quod
677 330 851 369 videbas.
902 330 1036 368 totum
1066 331 1205 368 tamen
1234 329 1339 368 illud
1363 329 1558 369 solacium

187 394 302 431 tuum
331 391 447 440 refer,
478 392 641 440 misera,
674 391 709 429 si
739 392 872 440 potes,
904 391 945 428 et
975 389 1154 440 primum
1185 389 1372 429 confitere
1403 389 1558 440 simpli-

188 453 296 501 citer,
336 465 384 489 an
424 452 577 501 soporis
615 451 717 489 illud
752 451 909 501 pondus
949 452 989 489 et
1025 451 1183 489 nesciae
1219 450 1366 501 quietis
1396 451 1557 490 vanitas
1595 462 1613 491 ε

187 513 318 551 fuerit.
382 512 490 561 apud
526 524 589 550 me
628 511 787 561 quidem
826 512 925 550 satis
963 511 1125 561 misera,
1167 512 1267 551 satis
1305 523 1391 550 eras
1427 511 1559 550 mater

187 572 336 622 infelix,
368 572 527 610 etiamsi
552 572 633 610 tale
660 572 857 611 somnium
883 571 1134 622 perdidisses.
1184 572 1384 622 miserere,
1412 571 1559 622 inquit,

186 633 328 671 melius
349 632 396 671 de
417 632 625 671 affectibus
651 632 749 671 meis
776 632 935 671 sentias.
980 644 1061 671 non
1087 644 1160 684 ego
1186 632 1362 684 fatigata
1386 631 1559 683 plancti-
1589 652 1591 658 ι

186 694 259 732 bus
286 693 390 732 sensi
415 693 569 732 venisse
595 694 769 731 noctem:
794 692 929 731 videre
954 692 1086 731 filium
1111 692 1326 745 pervigiles
1351 693 1558 732 meruistis

187 753 308 802 oculi,
347 753 416 792 sed
446 754 637 803 primum,
676 753 770 791 dum
807 755 961 803 metuo,
998 753 1141 792 umbra
1177 754 1375 804 processit
1413 752 1557 792 subito.
1578 765 1614 794 ιο

187 814 243 852 dii
272 814 384 863 boni,
417 813 524 864 quod
559 827 630 865 ego
664 814 868 865 gaudium,
901 827 1022 864 quam
1046 813 1131 853 vidi
1161 813 1416 853 felicitatem!
1467 825 1558 853 con-

187 874 292 913 stitit
323 876 415 913 ante
447 888 509 913 me
541 874 648 913 filius
682 874 870 914 discussis
902 874 1095 913 tenebris:
1132 875 1192 914 ita
1223 874 1454 914 dimittatur
1486 874 1559 914 ali-

188 935 356 984 quando.
419 935 588 984 prosilui
617 935 802 985 protinus
836 936 876 973 et
907 936 1073 986 accessi,
1105 936 1262 986 vultus,
1297 947 1450 985 comas,
1489 947 1558 974 ora

186 996 386 1045 perspexi:
417 1008 530 1034 meus
557 997 655 1034 erat.
707 1009 826 1046 quam
857 996 1010 1034 laetum
1036 1008 1090 1044 se,
1123 1009 1245 1046 quam
1269 995 1440 1035 hilarem
1466 995 1559 1035 offe-

185 1055 317 1104 rebat,
362 1055 560 1105 quomodo
604 1056 871 1106 persuadebat
913 1056 1029 1106 mihi,
1073 1070 1123 1095 ne
1167 1056 1368 1096 crederem
1411 1056 1559 1095 morti?
1579 1069 1614 1097 16

115 1113 166 1151 14
187 1116 388 1165 scelerate,
408 1116 547 1165 nescis,
572 1119 699 1166 pater,
726 1129 845 1166 quam
866 1117 1037 1156 similem
1056 1117 1209 1156 viventi
1229 1116 1358 1156 filium
1384 1117 1559 1156 cluseris.

188 1175 412 1214 circuibant
442 1177 573 1214 totum
606 1189 749 1227 corpus
782 1178 899 1226 oculi,
930 1191 1011 1217 non
1042 1177 1297 1218 inveniebam
1322 1177 1423 1228 quid
1453 1178 1559 1229 ignis

187 1236 344 1287 egisset.
407 1236 574 1275 subinde
613 1237 809 1276 dicebam:
852 1238 957 1277 hunc
996 1251 1069 1290 ego
1114 1237 1268 1277 extuli?
1309 1238 1418 1277 hunc
1461 1250 1559 1290 rogo

185 1295 386 1346 imposui?
419 1310 466 1335 ex
496 1297 570 1337 hoc
602 1311 674 1349 ego
707 1298 857 1337 cineres
890 1301 930 1337 et
962 1311 1052 1338 ossa
1084 1297 1256 1351 collegi?
1306 1299 1340 1338 si
1365 1299 1461 1338 talis
1486 1300 1559 1348 est,

186 1357 281 1407 quid
319 1357 446 1395 habeo
479 1358 585 1407 quod
622 1357 809 1409 lugeam?
865 1361 1014 1409 perisse
1046 1360 1175 1398 filium
1206 1372 1339 1398 meum
1369 1360 1446 1399 hoc
1476 1371 1558 1398 uno
1579 1372 1615 1399 2⁰

185 1417 468 1469 intellegebam
500 1418 607 1468 quod
643 1419 759 1457 illum
791 1432 871 1458 non
909 1422 1093 1470 poteram
1125 1422 1166 1459 et
1196 1422 1306 1471 patri
1339 1419 1557 1460 ostendere.

186 1477 418 1527 confitebor⁷
456 1478 609 1528 primae
645 1481 782 1517 tamen
820 1492 892 1518 nec
930 1493 1003 1532 ego
1043 1481 1193 1520 credidi
1229 1481 1340 1521 nocti
1379 1482 1419 1519 et
1455 1482 1559 1519 tam-

186 1551 306 1588 quam
343 1538 460 1577 victis
498 1539 699 1578 irascebar
743 1541 868 1579 oculis
907 1543 947 1579 et
991 1541 1271 1580 erubescebam
1314 1542 1479 1591 misera,
1525 1542 1561 1580 si

187 1598 297 1648 quies
327 1598 479 1638 fuisset.
530 1612 617 1638 ecce
648 1601 795 1638 iterum
825 1602 994 1651 iuvenis,
1026 1615 1115 1641 ecce
1146 1603 1230 1640 iam
1261 1601 1407 1641 cotidie
1435 1602 1557 1642 vehit.

186 1658 283 1708 quid
325 1659 451 1698 habeo
497 1660 603 1709 quod
646 1660 916 1711 interpreter?
976 1676 1117 1701 verum
1160 1664 1222 1702 est
1264 1662 1407 1713 utique
1452 1662 1559 1713 quod
1578 1673 1614 1702 25

186 1731 340 1768 semper
374 1721 443 1758 est.
495 1720 708 1759 novissime
740 1734 819 1760 non
851 1723 1060 1772 tamquam
1091 1723 1232 1761 umbra
1264 1723 1454 1762 veniebat
1490 1723 1560 1762 sed

186 1778 394 1817 adsidebat
426 1780 494 1818 sed
533 1781 737 1830 amplexus
771 1781 903 1820 dabat.
959 1796 1032 1834 ego
1071 1783 1292 1823 sentiebam
1324 1785 1365 1823 et
1394 1783 1559 1835 recipie-

184 1838 288 1877 bam.
335 1841 688 1891 quotienscumque
709 1842 848 1881 domus
874 1843 1007 1882 fuerat
1032 1846 1149 1895 grato
1176 1857 1317 1895 sopore
1342 1845 1560 1895 prostrata,

284 1946 302 1977 1
335 1942 469 1977 infelix
500 1954 567 1979 om.
589 1950 644 1987 Μ,
678 1956 778 1990 supr.
805 1960 847 1980 m
969 1946 1204 1992 nimiumque
1237 1958 1384 1983 severas
1415 1957 1559 1993 poenas

185 1990 298 2025 Klotz
409 1995 428 2025 2
457 1991 573 2027 efficit
597 1998 677 2027 ΒΜ
781 1997 801 2027 3
827 1994 975 2030 videras
1003 2004 1022 2037 β
1118 1996 1242 2031 totum
1268 1996 1310 2031 in
1334 2007 1407 2032 ras.
1427 2001 1465 2030 Β

184 2042 207 2073 4
232 2038 348 2073 refers
373 2045 453 2074 BM
531 2041 665 2087 potes}
691 2042 721 2086 (t
746 2043 809 2087 er.)
834 2049 872 2077 Β
962 2047 982 2078 5
1008 2044 1157 2089 pondus
1182 2043 1280 2079 illud
1304 2050 1349 2087 νβ
1429 2047 1450 2079 6
1476 2043 1560 2089 qui-

185 2086 271 2121 dem
297 2098 364 2122 om.
387 2094 436 2131 M,
462 2099 562 2133 supr.
583 2103 626 2123 m
717 2091 839 2125 mater
864 2102 945 2126 eras
967 2098 1009 2126 M
1107 2096 1126 2127 7
1152 2093 1288 2128 misere
1306 2099 1339 2128 J
1434 2095 1455 2127 9
1481 2102 1558 2127 me-

184 2134 312 2170 tuistis
338 2136 412 2170 Bu.
514 2140 557 2171 10
586 2137 709 2172 subito
737 2139 794 2173 est
817 2145 853 2173 P
950 2143 992 2174 12
1021 2140 1200 2176 discussis
1226 2140 1393 2177 tenebris
1419 2151 1486 2176 om.
1508 2146 1559 2184 Μ,

182 2194 341 2229 supr.m
374 2183 552 2220 discussit
577 2186 752 2221 tenebras
853 2190 897 2222 13
924 2187 1039 2241 opera
1064 2195 1102 2224 Β
1186 2201 1252 2225 ora
1281 2200 1408 2225 comas
1440 2195 1468 2224 V

186 2234 231 2266 14
255 2231 427 2277 hylarem
458 2239 486 2267 V
593 2237 636 2268 16
664 2245 798 2279 quam:
826 2236 927 2281 quod
955 2244 990 2272 Ρ
1092 2237 1272 2273 clauseris
1297 2237 1418 2272 filium
1444 2246 1464 2280 β

186 2307 229 2338 19
257 2314 339 2359 ego·
354 2315 454 2350 supr.
477 2312 513 2340 P
583 2310 627 2341 22
654 2294 778 2365 prim?
798 2314 848 2352 Β;
875 2289 1014 2354 primae
1037 2316 1080 2344 Μ
1102 2312 1208 2356 (corr.
1224 2317 1247 2345 υ
1273 2314 1307 2346 et
1323 2311 1380 2355 m)
1447 2309 1559 2345 nocte

182 2394 234 2434 B3
261 2358 371 2424 1102?oe
398 2396 438 2424 Μ
463 2391 576 2437 (supr.
598 2393 653 2438 m)
753 2396 796 2427 27
825 2393 1014 2437 sentiebat
1040 2401 1078 2428 Β
