1638 2560
108 238 159 274 10

177 120 234 164 28
630 111 813 151 CAEcvs
839 110 893 148 m
918 109 1091 146 men

267 233 391 273 Nefas
423 233 501 282 est,
531 230 699 279 iudices,
729 228 834 267 hunc
865 227 1051 265 iuvenem
1081 223 1329 274 reliquarum
1360 220 1545 261 debilita-

178 296 280 334 tium
309 294 463 332 ratione
501 290 668 330 defendi.
732 301 852 339 quam
888 284 1122 325 incredibile
1155 285 1234 334 est,
1270 284 1319 322 ut
1355 281 1547 322 occiderit

179 357 334 407 patrem
360 353 428 404 qui
453 352 540 403 pati
564 364 645 390 non
668 350 814 400 potuit⁷
845 349 892 387 ut
915 343 1129 398 perderet?
1177 356 1288 397 rogo,
1320 342 1420 397 quid
1445 354 1546 393 opus

180 415 325 467 gladio,
339 413 435 464 quid
446 425 598 452 veneno
611 409 834 462 parricidae
843 407 863 447 *Ρ
889 407 1130 458 quantulum
1141 406 1222 444 fuit
1233 403 1372 456 potius
1386 415 1546 443 servare

180 473 377 514 matrem?
415 474 597 524 rapiatur
616 485 662 510 ex
686 469 919 521 parentibus
937 467 1012 507 illa
1029 465 1236 516 infirmior,
1261 465 1335 504 illa
1354 464 1546 515 peritura.
1584 476 1602 504 ⁵

180 535 439 586 parricidium
470 533 526 572 sic
557 533 686 571 facere
717 530 898 581 potuisti,
929 530 976 567 ut
1001 527 1178 578 optimus
1209 525 1317 565 filius
1342 525 1547 565 videreris.

271 594 472 641 Quantum
497 592 637 632 deinde
668 591 821 643 putatis
852 587 1218 639 impatientissimis
1249 585 1457 626 affectibus
1484 587 1548 624 ac'-

183 653 372 695 cessisse?
407 656 500 704 post
532 652 766 692 caecitatem
804 650 934 690 carior
968 650 1029 688 est
1059 649 1187 699 pater,
1219 659 1311 686 oum
1340 647 1384 685 in
1416 647 1550 686 locum

182 715 368 755 successit
406 714 627 763 oculorum,
673 714 712 751 et
749 714 844 751 tunc
882 712 943 749 est
979 708 1139 748 infinita
1178 709 1328 759 pietas,
1373 719 1465 747 cum
1506 708 1550 746 in

181 776 253 814 illa
295 775 438 814 debeas
483 787 616 812 amare
660 772 765 823 quod
808 770 958 811 feceris.
1023 768 1120 820 quid
1163 768 1316 818 dicitis,
1366 765 1551 807 iudices?
1570 780 1606 808 ιο

181 836 396 875 transferet
420 836 463 873 in
493 834 647 873 facinus
678 834 784 871 hunc
809 831 1015 871 caecitatis
1041 843 1135 869 suae
1167 829 1325 869 iuvenis
1355 828 1550 878 favorem,

184 896 234 935 ad
266 909 383 946 quem
407 895 551 934 cotidie
577 894 792 932 laudatura
818 893 959 932 civitas
985 890 1076 940 coit,
1109 890 1176 929 cui
1201 889 1387 929 adsident
1412 900 1549 928 omnes

183 956 317 1006 liberi,
355 968 488 995 omnes
519 952 736 1005 parentes?
772 953 894 992 faciet
924 965 965 992 se
996 951 1148 1003 pariter
1186 950 1352 1001 pietatis
1391 951 1433 989 et
1469 961 1552 989 sce-

184 1017 277 1056 leris
315 1014 567 1066 exemplum?
627 1015 784 1053 facilius
823 1015 900 1064 est,
938 1014 984 1051 ut
1015 1011 1171 1051 occidas
1203 1013 1378 1062 patrem,
1417 1023 1442 1050 a
1474 1022 1552 1061 quo

186 1077 239 1116 sis
270 1077 355 1126 ipse
387 1077 579 1115 servatus.
1573 1082 1608 1111 15

274 1136 435 1175 Nullius
478 1148 671 1186 unquam,
714 1135 884 1184 iudices,
927 1133 1134 1184 parricidii
1183 1133 1313 1184 magis
1358 1131 1553 1171 debuistis

187 1199 367 1235 excutere
388 1209 536 1235 causas.
571 1192 814 1246 ‘cupiditas’,
827 1195 972 1245 inquit,
987 1191 1187 1234 ‘iuvenem
1201 1194 1285 1245 egit
1303 1194 1347 1232 in
1366 1187 1553 1232 facinns'.

187 1257 260 1295 hoc
292 1257 325 1295 si
358 1256 560 1307 credibile,
592 1258 627 1295 si
657 1269 795 1296 verum
828 1257 906 1306 est,
939 1255 1056 1294 debet
1087 1255 1232 1304 videri,
1263 1253 1410 1292 mulier
1439 1253 1555 1292 heres

187 1318 377 1356 maritum
406 1330 456 1355 an
480 1318 637 1367 patrem
668 1329 806 1355 caecus
839 1316 1100 1355 exheredatus
1127 1314 1327 1355 occiderit.
1377 1313 1556 1354 habeant

189 1390 296 1426 sane,
326 1377 489 1427 iudices,
519 1377 620 1415 hanc
652 1376 827 1415 nefariae
860 1376 1093 1427 cupiditatis
1125 1376 1428 1415 festinationem
1453 1386 1555 1426 quos
1575 1387 1611 1416 20

189 1438 379 1476 vitiorum
405 1437 532 1487 ardor,
559 1449 656 1487 quos
677 1437 821 1476 cotidie
844 1438 1003 1476 luxuria
1022 1438 1277 1488 praecipitat.
1327 1448 1407 1486 quo
1439 1446 1556 1474 caeco

189 1497 450 1537 hereditatem
480 1498 545 1537 vel
575 1496 854 1536 innocentem?
915 1498 1021 1536 oculi
1053 1500 1165 1548 sunt,
1198 1497 1321 1546 oculi,
1352 1509 1426 1547 per
1456 1501 1558 1547 quos

192 1559 472 1607 paupertatem
497 1558 599 1596 ferre
623 1571 703 1596 non
728 1570 955 1608 possumus3
981 1559 1087 1596 oculi
1111 1560 1200 1597 tota
1225 1559 1366 1596 nostra
1384 1557 1555 1595 luxuria.

191 1617 235 1655 hi
265 1630 336 1656 nos
367 1618 409 1655 in
442 1617 573 1655 omnia
606 1618 749 1656 cotidie
781 1619 882 1656 vitia
912 1618 1200 1669 praecipitant:
1237 1618 1450 1668 mirantur,
1489 1616 1557 1655 ad-

192 1679 348 1726 amant,
390 1679 683 1728 concupiscunt.
746 1678 904 1717 facilius
941 1680 1109 1729 impleas
1148 1679 1276 1718 animi
1312 1678 1555 1717 satietatem.
1576 1688 1612 1719 25

290 1783 308 1815 1
336 1779 507 1815 iuvenem
531 1791 607 1815 non
631 1779 861 1826 reliquarum
887 1787 929 1815 M
935 1810 942 1825 ,
975 1782 1015 1817 in
1041 1793 1155 1828 marg).
1183 1781 1243 1817 vel
1275 1781 1356 1817 sine
1384 1791 1462 1817 non
1491 1791 1559 1827 po-

192 1829 268 1864 test
298 1827 392 1874 legi,
426 1828 526 1873 quod
551 1828 684 1863 melius
710 1843 751 1863 m
850 1829 1105 1865 debilitatium
1132 1830 1427 1867 POolbertinus:
1460 1829 1560 1864 -tum

194 1887 221 1933 (i
246 1891 331 1923 ante
355 1887 390 1922 u’
407 1899 453 1923 er.
475 1889 522 1933 Β)
549 1889 682 1933 reliqui
768 1892 786 1923 7
814 1879 1034 1925 accessisseS
1065 1897 1092 1924 V
1160 1890 1218 1926 vel
1243 1891 1331 1936 post
1357 1888 1560 1926 accessisse

193 1935 261 1971 fiat
280 1935 527 1981 interrogatio
549 1937 586 1970 et
611 1942 633 1981 ἡ
657 1947 783 1971 versus
803 1937 964 1982 incipiat
988 1953 1046 1982 ηις
1074 1939 1158 1983 (alii
1182 1940 1456 1985 interpunywnt
1475 1941 1562 1984 post

195 1983 430 2030 caecitatem)
529 1988 549 2018 9
576 1984 616 2018 in
640 1995 739 2029 supr.
759 1991 811 2028 Β;
838 1996 904 2021 om.
926 1993 981 2030 M3
1007 1986 1047 2021 in
1072 1987 1140 2022 illa
1166 1999 1257 2023 corr.
1278 1991 1322 2023 ut
1345 1986 1492 2023 videtwr
1515 1997 1562 2022 ex

193 2031 274 2067 ulla
305 2038 333 2066 V
450 2035 492 2067 11
520 2031 739 2067 transferret
764 2039 865 2067 ΒΡ]
894 2035 924 2079 (r
950 2035 1015 2070 del.
1042 2036 1264 2082 rubricator)
1374 2034 1560 2071 favorem:

193 2079 354 2115 ferorem
385 2086 413 2114 V
506 2084 548 2114 12
575 2080 793 2116 laudatura:
825 2080 1029 2117 laudatura
1055 2094 1077 2127 a
1102 2090 1139 2118 Β
1178 2095 1197 2113 1
1236 2088 1279 2119 13
1306 2083 1426 2119 faciat
1451 2094 1491 2119 se
1516 2094 1563 2119 em

195 2131 403 2164 correctum
428 2134 461 2162 J
561 2132 605 2162 14
636 2131 679 2164 ut
711 2139 777 2164 om.
804 2135 833 2163 V
926 2134 967 2165 17
1002 2133 1189 2168 excutere:
1222 2132 1410 2168 discutere
1441 2138 1471 2166 V

194 2176 367 2212 iuvenem
391 2176 457 2211 del.
474 2177 576 2212 Dess.
653 2180 696 2211 21
723 2177 894 2221 luxuriea
912 2185 949 2212 Β
1019 2180 1267 2225 praecipitat:
1294 2179 1510 2227 praecipiat
1529 2185 1567 2214 P

197 2227 240 2259 22
266 2223 505 2260 innocentem
525 2239 554 2258 ω
581 2224 851 2270 (ignoscentem
875 2228 934 2272 J):
964 2227 1156 2264 innocenti
1181 2237 1227 2270 γς
1325 2233 1370 2264 23
1396 2239 1561 2274 pauper-

195 2283 289 2320 tatis
313 2291 353 2329 J,
385 2295 476 2320 corr.
497 2291 511 2318 i
609 2285 795 2329 possimus
820 2293 860 2332 J,
891 2297 981 2322 corr.
1002 2296 1017 2321 i
1113 2288 1258 2324 luxulia
1284 2301 1328 2325 ex
1352 2288 1503 2324 luxuria
1527 2293 1567 2323 Β

197 2360 243 2392 24
278 2355 417 2392 cotidie
451 2356 492 2391 in
527 2356 653 2392 omnia
688 2366 706 2399 β
818 2362 861 2393 25
896 2348 1163 2405 οοῑιουρίεοὲηὺ
1194 2367 1230 2395 Β
1326 2361 1561 2397 satietatem:

198 2404 438 2441 saturitatem
470 2410 519 2449 P,
554 2416 644 2440 corr.
663 2419 691 2445 ῃ,
