1638 2560
205 116 291 159 142
616 111 889 149 TORMENTA
913 109 1154 147 PAVPERIS

191 230 303 269 ‘illud
340 230 415 269 soli
458 229 622 278 scirent,
665 228 735 278 qui
777 225 996 276 faciebant,
1035 227 1076 264 et
1113 225 1177 264 cui
1213 236 1295 263 non
1331 222 1574 263 crederetur.

201 290 396 340 numquid
434 289 672 328 dubitaretis
710 287 885 336 credere,
930 286 965 325 si
1003 285 1106 325 alius
1144 284 1264 324 sciret
1301 283 1378 323 hoc
1415 282 1572 323 scelus?

202 352 355 390 facinus
382 352 453 399 est,
483 349 571 388 ideo
597 349 673 387 filii
696 348 775 386 mei
800 347 929 398 perire
955 346 1187 396 vindictam,
1214 344 1310 396 quia
1332 345 1452 395 pater
1474 344 1571 384 vidi.

198 424 275 463 *ego
306 423 411 460 vero,
443 409 605 459 iudices,
641 410 680 448 et
712 421 759 447 ex
789 409 864 446 hoc
897 406 1004 458 quod
1035 407 1195 446 recusat
1225 405 1337 445 dives
1370 405 1572 456 quaestio-

193 485 309 520 -nem,
352 472 509 521 partem
544 468 794 520 probationis
837 468 1015 519 implevi.
1079 467 1324 506 accusatoris
1367 467 1571 505 tormenta.
1609 478 1628 506 5

200 544 406 582 nunquam
442 530 603 570 timebit
639 543 747 579 reus,
784 529 863 568 nisi
894 529 942 566 (16
981 541 1059 579 quo
1098 527 1206 566 credi
1239 527 1374 578 potest
1406 527 1447 566 et
1478 528 1571 566 ante

200 593 410 630 tormenta.

291 647 416 701 ‘om-²,
441 652 586 701 inquit,
606 646 656 690 ‘si
681 650 782 689 mihi
806 661 950 689 causae
976 649 1135 688 sceleris
1161 648 1387 688 simultates
1409 648 1572 687 nostrae

194 714 325 762 erant,
357 724 437 750 non
467 713 508 750 te
539 711 674 762 potius
707 707 980 749 occidissem?'
1045 721 1175 759 saeve,
1207 708 1394 758 crudelis,
1426 719 1500 760 ego
1530 709 1572 747 te

199 773 273 811 hoc
297 774 469 811 maxime
495 773 733 824 argumento
763 783 1037 821 percussorem
1068 769 1207 822 probo,
1233 769 1341 820 quod
1370 768 1472 807 mihi
1502 781 1570 820 pe·
1590 783 1629 810 10

199 833 373 883 percisti.
428 834 545 871 tuum
575 833 655 870 fuit
684 832 771 881 hoc,
802 831 976 881 inimice,
1009 831 1292 880 commentum,
1324 829 1455 869 occiso
1486 828 1570 868 filio

191 890 358 932 servare
389 895 557 943 patrem.
610 892 799 943 parcendi
830 894 966 931 tamen
998 892 1099 930 mihi
1129 891 1194 931 vel
1225 891 1324 930 haec
1354 889 1435 929 fuit
1463 890 1571 929 ratio

129 954 181 991 10
200 953 307 1004 quod
338 953 496 992 defendi
527 966 607 992 non
637 954 811 1003 poteras,
843 953 877 992 si
909 952 986 992 duo
1018 952 1270 1003 perissemus.
1322 950 1461 990 audire
1489 962 1571 990 me-

200 1014 378 1053 hercules
416 1014 515 1052 mihi
546 1013 685 1053 videor
721 1014 813 1052 illas
852 1014 1135 1065 cogitationes,
1172 1012 1247 1051 ffla
1285 1012 1480 1052 scelerum
1512 1023 1570 1050 se-

201 1076 308 1113 creta
334 1074 516 1113 consilia:
549 1071 662 1124 ‘quid
686 1074 787 1113 mihi
813 1086 903 1112 cum
924 1073 1169 1124 vulneribus,
1191 1072 1289 1123 quid
1314 1085 1405 1112 cum
1430 1084 1570 1112 cruore
1590 1084 1627 1112 15

199 1131 457 1184 consumptae
501 1135 542 1173 et
584 1135 667 1174 iam
709 1147 836 1185 paene
881 1134 1064 1173 abeuntis
1104 1132 1296 1173 animae?
1364 1131 1571 1172 occidatur

194 1197 332 1246 'potius
363 1195 433 1234 1116
463 1196 545 1234 iam
575 1195 742 1245 iuvenis,
772 1196 855 1234 iam
883 1195 1082 1245 inimicus,
1114 1195 1163 1233 de
1193 1207 1286 1234 sene
1311 1192 1572 1233 vindicabitis

200 1251 262 1294 me
293 1255 421 1306 patris
454 1252 586 1294 oculi.'
648 1257 709 1295 vis
741 1257 874 1305 mirer,
913 1255 1020 1306 quod
1055 1268 1118 1295 me
1149 1255 1326 1294 nolueris
1364 1252 1570 1294 occidere?

200 1317 313 1366 queri
343 1316 584 1356 mehercules
616 1317 656 1354 te
687 1317 788 1367 puto
816 1316 922 1366 quod
953 1317 995 1354 in
1021 1317 1224 1356 senectute
1255 1315 1395 1367 magni
1419 1315 1569 1354 doloris

199 1377 284 1415 vita
314 1376 444 1416 brevis
471 1377 540 1416 est.
589 1377 805 1427 pepercisti
835 1376 946 1426 mihi,
979 1376 1178 1427 quomodo
1204 1377 1437 1428 excogitant
1461 1376 1569 1415 artes
1589 1388 1626 1415 20

199 1436 375 1475 detinere
401 1437 610 1487 supplicia,
642 1439 682 1476 et
707 1437 755 1475 de
785 1437 1044 1488 pereuntibus
1069 1437 1200 1489 magis
1226 1437 1396 1477 saevitia,
1420 1436 1571 1475 fruitur

199 1496 333 1536 dolore
369 1510 569 1547 suspenso.

289 1557 471 1608 Agnosco
503 1559 630 1597 noctis
662 1558 789 1608 illius,
826 1558 1005 1608 inimice,
1038 1559 1304 1597 clementiam.
1367 1556 1475 1608 quod
1505 1569 1569 1596 me

198 1618 379 1667 torqueri
422 1631 501 1656 non
544 1619 622 1668 vis,
667 1631 714 1657 ex
756 1619 832 1657 hoc
874 1620 1003 1668 venit,
1049 1618 1156 1670 quod
1199 1631 1328 1669 neque
1372 1617 1566 1657 occidisti.

197 1679 382 1727 temptat,
406 1677 568 1728 iudices,
594 1678 747 1718 efficere
774 1679 895 1729 dives,
921 1681 967 1718 ut
990 1679 1224 1718 incredibile
1247 1678 1435 1719 videatur
1461 1677 1568 1728 quod
1587 1690 1623 1718 25

199 1738 372 1777 occisum
409 1738 459 1777 ab
498 1751 543 1778 eo
582 1739 778 1778 contendo
819 1740 958 1778 filium.
1021 1739 1225 1779 dicturum
1262 1751 1370 1778 nunc
1412 1738 1567 1790 putaiu‘s

197 1798 327 1849 magis
376 1799 564 1838 interesse
615 1801 859 1849 securitatis,
914 1802 961 1839 ut
1006 1800 1093 1850 quis
1143 1800 1300 1840 facinus
1351 1799 1428 1839 sibi
1476 1800 1568 1838 tan-

196 1858 402 1897 tummodo
441 1859 592 1908 credat,
637 1861 676 1899 et
712 1860 755 1898 id
797 1862 924 1900 tutius
963 1873 1047 1900 6886
1084 1860 1247 1900 1111111100
1284 1861 1401 1911 patre
1445 1871 1568 1910 quam

198 1919 365 1958 conscio.
416 1920 506 1969 plus
534 1921 593 1959 est
619 1920 726 1970 quod
746 1921 924 1961 adfirmo.
974 1921 1103 1959 filium
1127 1922 1169 1959 in
1195 1921 1413 1972 conspectu
1437 1920 1566 1970 patris

294 2025 313 2056 1
346 2021 406 2057 illi
431 2031 450 2064 β
547 2026 567 2057 2
600 2023 785 2068 numquid
810 2035 886 2059 non
915 2023 1141 2059 dubitaretis
1168 2030 1258 2067 Μβσ·
1351 2023 1504 2059 credere
1528 2031 1565 2066 βε

196 2069 299 2105 credi
325 2081 505 2115 quaerere
529 2077 581 2114 B3
614 2082 794 2116 quaerere
824 2078 889 2116 νας
917 2072 1195 2118 creditorquere
1221 2078 1278 2116 Μ,
1311 2072 1378 2108 del.
1398 2085 1442 2107 m
1466 2075 1501 2107 et
1524 2072 1567 2107 in

194 2129 311 2165 τηαν-9.
332 2119 417 2154 add.
447 2129 626 2164 quaerere
726 2123 746 2154 3
771 2120 900 2167 {vidi}
924 2126 967 2154 M
989 2122 1024 2167 (1
1050 2122 1104 2156 vel
1128 2124 1155 2157 2
1179 2121 1248 2156 litt.
1276 2121 1339 2164 er.)
1438 2122 1459 2154 5
1480 2122 1568 2166 post

194 2167 384 2202 tormenta
414 2168 545 2213 repetit
574 2178 781 2214 numquam
810 2168 963 2204 timebit
993 2180 1095 2213 reue,
1127 2169 1191 2205 sed
1216 2169 1316 2205 linea
1347 2169 1413 2204 del.
1434 2173 1473 2203 B

195 2217 217 2249 9
248 2214 433 2251 occidisse
457 2221 509 2260 B3
543 2216 810 2251 occidissemus
842 2225 862 2259 β
983 2228 1091 2252 saeve
1118 2218 1240 2253 Desa:
1273 2228 1318 2253 ve
1350 2225 1413 2262 αβς
1443 2226 1492 2252 116
1520 2223 1565 2260 «νς

193 2273 280 2299 vere
306 2271 328 2298 ς
424 2264 463 2298 te
489 2275 556 2300 om.
578 2270 614 2298 Β
711 2268 755 2299 10
781 2275 855 2309 quo
883 2271 926 2299 Μ
1021 2270 1064 2301 12
1090 2266 1162 2300 1100
1187 2272 1224 2300 Ρ
1320 2268 1365 2301 18
1392 2264 1508 2300 miser
1533 2270 1570 2299 P

194 2314 239 2347 21
273 2311 442 2347 detinere
468 2323 524 2348 om
562 2318 591 2346 V
682 2312 820 2347 fruitur
848 2313 930 2348 Gr.:
965 2314 1064 2349 eruit
1094 2320 1133 2358 1⁷3
1161 2314 1305 2349 eruitur
1334 2313 1470 2360 reliqui

192 2363 239 2395 123
265 2359 434 2396 inimicei
465 2366 494 2395 V
586 2364 632 2395 24
657 2360 776 2396 venit:
810 2361 935 2396 evenit
960 2370 987 2396 o·
1081 2365 1126 2397 28
1155 2362 1273 2397 totius
1298 2367 1336 2397 Β
1432 2371 1563 2406 quam:

193 2409 295 2454 quod
322 2415 358 2444 P
453 2407 529 2445 alio
555 2413 641 2446 ante
666 2409 814 2445 conscio
839 2410 1022 2456 supplevit
1045 2411 1150 2447 Dess.
1167 2422 1205 2456 p.
1224 2413 1277 2446 86
