1638 2560
201 127 287 170 114
640 121 874 159 CORPORIS
899 118 1126 156 PROIECTI

199 254 273 293 ego
305 239 543 291 pendentem
580 237 765 277 fluctibus
804 248 1000 275 carcerem
1038 235 1079 274 et
1115 235 1278 273 catenas
1315 233 1444 272 macie
1477 245 1571 273 mea

199 302 355 340 laxatas
387 302 427 339 et
458 299 647 338 detritam
671 297 864 337 lateribus
889 296 988 335 meis
1018 295 1218 334 consciam
1241 293 1442 334 malorum
1467 293 1569 334 cari-

199 375 293 401 nam
325 363 365 399 et
395 360 580 399 obrutam
610 357 848 410 perennibus
880 355 1055 395 tenebris
1087 355 1227 394 feralis
1257 354 1336 394 loci
1361 355 1569 394 cruentam

200 419 462 461 caecitatem?
521 421 603 459 ista
639 431 752 468 vero,
796 419 831 457 si
869 416 964 467 quid
1001 416 1166 467 pudoris
1208 415 1356 465 habeo,
1399 414 1571 455 tacenda

201 484 304 521 sunt.
355 481 549 531 alioquin,
582 479 670 530 quis
702 479 802 517 mihi
825 479 1019 530 ignoscet,
1054 476 1161 527 quod
1185 476 1381 515 vicarium
1405 473 1571 527 accepi?
1606 489 1624 517 5

200 544 323 581 etiam
355 542 558 592 scripsisse
588 540 780 590 paenitet.
844 551 866 577 o
898 538 1060 577 litterae
1090 537 1251 576 fletibus
1281 536 1496 576 tremulae!
1546 549 1570 576 0

199 615 343 653 parum
374 602 566 653 alligatae
598 600 758 639 manus!
809 612 832 638 o
858 598 1029 638 dolenda
1054 597 1189 637 uxoris
1222 596 1347 636 0011113
1380 596 1570 648 epistola!

200 676 270 701 cur
299 662 494 711 indicavi,
530 674 599 700 cur
631 661 772 711 scripsi
804 659 911 710 quod
942 671 1044 698 uxor
1076 671 1122 698 ac
1153 657 1261 697 filius
1292 657 1484 696 ultimum
1514 657 1571 696 le-

201 721 367 775 gerent?
427 724 475 760 ut
511 722 709 761 incertum
747 721 799 759 sit
836 721 972 758 utrum
1008 732 1072 757 me
1111 719 1241 758 carius
1278 718 1480 757 redimant
1517 730 1571 757 an

200 784 376 835 lugeant.
439 783 601 834 cognita
633 781 744 821 clade
775 780 971 819 rarissimi
1002 792 1100 818 uxor
1132 779 1304 829 exempli
1337 781 1378 818 et
1406 791 1570 830 prorsus
1591 791 1627 819 10

199 844 294 882 talis
325 843 400 881 filii
425 845 553 881 mater
583 844 691 881 totos
718 841 869 881 efflevit
895 840 1044 889 oculos,
1075 841 1309 890 fontemque
1333 839 1451 878 illum
1480 851 1572 891 per-

202 904 362 943 ennium
405 903 661 942 lacrimarum
709 904 869 941 tantum
913 902 1085 940 caecitas
1126 901 1258 940 clusit.
1321 900 1356 939 si
1393 913 1475 939 non
1510 901 1571 940 te-

200 965 364 1013 nuisset,
388 963 517 1002 filium
540 964 702 1002 vicerat.
748 962 961 1001 continuus
986 961 1078 1000 inde
1103 961 1304 1012 planctus,
1325 960 1571 1000 incredibilis

202 1025 416 1075 maestitia⁷
448 1023 610 1063 assidua
641 1023 877 1062 lamentatio
909 1023 998 1061 fuit.
1052 1024 1238 1061 iuvenem
1267 1021 1402 1061 nescio
1432 1021 1476 1060 in
1507 1033 1571 1060 me

201 1086 330 1136 magis
363 1097 414 1122 an
445 1084 487 1122 in
517 1086 558 1123 te
589 1084 766 1122 futurum
798 1083 979 1134 impium,
1011 1083 1045 1121 si
1070 1095 1151 1121 non
1175 1082 1420 1131 redemisset,
1453 1094 1573 1132 quem
1591 1096 1628 1123 15

202 1147 246 1183 tu
273 1145 328 1184 sic
354 1144 617 1183 desiderabas.
669 1157 762 1196 ergo
781 1145 1070 1194 profectionem
1090 1144 1274 1194 apparat,
1295 1145 1354 1192 ut,
1381 1142 1573 1193 quoniam

202 1204 366 1244 reddere
403 1206 525 1243 matri
561 1217 640 1243 non
678 1206 838 1255 poterat
876 1205 1029 1252 oculos,
1066 1203 1252 1243 redderet
1281 1204 1415 1243 virum
1447 1203 1572 1243 oculis

204 1266 406 1304 cariorem.
464 1264 531 1304 sed
562 1265 748 1304 videlicet
779 1267 841 1304 est
873 1265 1070 1315 quaedam
1100 1265 1246 1303 ultima
1278 1264 1574 1303 calamitatium

202 1325 344 1374 rabies,
378 1327 417 1364 et
441 1326 655 1364 novissime
686 1327 730 1364 in
760 1326 936 1364 furorem
960 1326 1057 1365 vota
1087 1326 1178 1375 ipsa
1201 1326 1426 1364 vertuntur.
1476 1324 1573 1364 reti-

203 1386 292 1424 nuit
322 1387 508 1425 iuvenem
545 1387 585 1424 et
616 1386 797 1436 epistolis
828 1386 926 1425 meis
963 1386 1094 1437 legem
1126 1385 1325 1436 opposuit.
1389 1398 1412 1424 o
1443 1397 1573 1424 vanae
1592 1399 1630 1425 20

203 1445 461 1497 figurationes
483 1448 522 1484 et
540 1449 704 1496 pectora
728 1447 936 1485 hominum
962 1446 1046 1485 alto
1073 1459 1205 1486 errore
1232 1445 1414 1485 confusa!
1455 1457 1573 1485 nemo

203 1506 316 1544 illam
353 1519 433 1545 non
470 1507 642 1556 putabat
679 1508 821 1545 timere
859 1507 906 1545 de
944 1506 1038 1545 filio.
1101 1506 1240 1557 itaque
1277 1506 1433 1546 iuvenis
1466 1505 1574 1556 quod

206 1566 257 1604 ad
288 1567 479 1618 solacium
509 1568 708 1617 pertinere
735 1567 915 1617 credidit,
949 1567 1245 1606 commendavit
1277 1567 1416 1606 amicis
1442 1568 1573 1606 custo-

205 1626 313 1664 diam
339 1627 492 1676 matris‚
525 1628 735 1666 substituit
760 1627 838 1666 vici
871 1640 988 1666 curae
1015 1640 1110 1666 suae
1135 1627 1393 1679 propinquos.
1444 1639 1574 1678 neque

206 1687 313 1724 enim
344 1687 462 1724 aliter
492 1699 619 1737 usque
651 1688 703 1726 ad
727 1688 899 1726 reditum
932 1701 1066 1727 meum
1091 1701 1209 1728 caeca
1234 1688 1410 1727 vixisset.
1461 1687 1574 1738 quic·
1593 1699 1630 1728 2⁵

206 1746 303 1796 quid
333 1746 508 1785 humana
538 1747 642 1786 ratio
675 1748 800 1797 valet,
839 1749 1018 1787 contulit.
1082 1748 1116 1787 si
1148 1749 1346 1799 potuisset
1378 1748 1574 1787 redimere

206 1807 341 1845 oculos
384 1808 543 1857 matris,
588 1821 667 1857 qua
709 1808 860 1858 pietate
903 1809 1000 1858 fuit,
1043 1810 1214 1849 vicarios
1256 1822 1347 1849 suos
1389 1808 1573 1848 dedisset.

205 1867 290 1917 ipse
327 1866 528 1917 profectus
566 1870 626 1907 est
665 1869 747 1907 solo
788 1870 1000 1908 comitatus
1039 1870 1190 1920 animo,
1228 1881 1300 1909 1100
1335 1882 1375 1909 30
1411 1868 1577 1920 putavit

205 1928 264 1965 ire
297 1927 381 1966 sine
411 1928 560 1977 pretio,
599 1930 783 1978 quamvis
815 1929 867 1967 ad
902 1929 1056 1979 piratas
1094 1930 1217 1969 ferret
1252 1929 1384 1970 inanis
1418 1942 1574 1970 manus.

304 2081 324 2112 2
351 2077 426 2112 11101
453 2086 472 2119 β
569 2081 588 2113 7
617 2078 778 2115 delenda
803 2087 907 2115 de
1002 2085 1021 2116 9
1056 2092 1100 2117 ac
1124 2088 1170 2126 Β,
1201 2093 1221 2117 0
1245 2093 1293 2118 er.
1320 2085 1354 2118 et
1378 2093 1404 2116 n
1428 2092 1529 2128 supr.
1551 2087 1577 2116 b

209 2128 253 2160 10
280 2126 319 2160 et
343 2136 410 2161 om.
431 2132 477 2170 Β,
502 2137 602 2171 supr.
630 2134 653 2161 b
728 2131 770 2163 11
799 2127 920 2163 effluit
946 2135 995 2173 M,
1022 2140 1042 2164 0
1067 2141 1166 2175 supr.
1188 2145 1230 2164 m
1305 2133 1350 2165 13
1376 2129 1576 2166 continuos

206 2179 277 2209 BV
382 2177 425 2208 15
451 2174 665 2210 redimisset
695 2181 723 2209 V
827 2180 870 2211 16
896 2178 955 2212 ut:
983 2179 1021 2212 et
1051 2184 1079 2212 V
1185 2181 1228 2213 18
1255 2177 1519 2214 calamitatum
1545 2192 1576 2212 ω

201 2225 351 2277 praeter
374 2227 412 2256 B
470 2269 477 2277 .
508 2226 551 2257 21
578 2233 715 2268 pecora
740 2230 790 2267 Β,
823 2226 840 2259 t
865 2236 964 2270 supr.
986 2233 1009 2259 b
1108 2230 1153 2261 24
1180 2226 1360 2262 sustinuit
1383 2233 1437 2272 Βς
1462 2225 1578 2262 sust-‚i-

206 2270 283 2305 tuit
307 2275 351 2304 M
428 2270 533 2325 ‘vioiz
561 2271 622 2306 via
652 2278 692 2316 νς
724 2272 813 2307 111110
842 2273 942 2318 Obr.;
978 2285 1089 2309 curae
1115 2275 1229 2310 delere
1260 2275 1402 2311 mavult
1425 2275 1502 2311 Bu.

207 2329 329 2364 neque
344 2339 388 2344 —-
402 2320 557 2353 vmsset
577 2330 642 2355 om.
665 2327 708 2364 P,
739 2321 782 2355 in
812 2332 925 2368 mary.
949 2323 1034 2358 add.
1054 2337 1082 2363 φ
1180 2327 1224 2358 25
1256 2323 1450 2359 redditum
1480 2329 1509 2358 V

208 2370 253 2402 26
279 2366 530 2402 humanarum
555 2373 624 2401 BV
722 2368 922 2412 redimeret
953 2376 981 2404 V
1086 2374 1129 2406 27
1158 2383 1244 2407 suos
1271 2383 1337 2408 om.
1357 2378 1404 2416 Β,
1429 2383 1530 2418 supr.
1551 2377 1577 2405 b

206 2418 253 2450 29
279 2414 411 2450 inanes
439 2420 526 2457 Μβσ·
