1638 2560
0 0 52 19 ms*
95 0 146 22 ·ἰ,···.·,

0 20 41 85 K*
532 79 855 118 DEOLAMATIO
882 79 998 116 xvn.
1368 77 1458 120 423

61 195 191 237 fimet
230 196 477 248 deprehendi
517 198 703 247 quisquis
744 209 944 236 venenum
987 196 1108 246 parat
1147 190 1235 244 ipse
1276 195 1458 244 poturus.

68 259 215 307 nescis,
236 259 366 309 pater,
391 259 534 308 nescis,
558 279 609 284 —-
631 257 843 308 parricidii
868 257 966 308 agis.
1018 255 1244 295 exclamare
1268 254 1343 293 hoe
1370 254 1459 293 loco

70 331 253 370 possum:
292 317 381 358 fieri
417 320 498 358 non
539 320 687 369 potest.
752 319 913 368 patrem
956 316 1058 355 mihi
1098 315 1317 355 abstulisfi.
1378 327 1461 354 non

71 379 195 420 habet
233 381 352 430 pater
399 379 506 419 unde
552 379 799 430 parricidam
840 377 978 417 credat
1018 377 1166 426 filium,
1214 376 1294 416 nisi
1340 388 1462 427 quem

33 452 53 479 5
70 440 207 491 potuit
250 440 440 480 occidere.
496 453 603 479 nunc
642 438 918 491 quaerendum
966 440 1028 477 est
1069 451 1140 478 cur
1180 438 1318 487 potuit
1360 436 1459 475 fieri.

70 501 118 540 P.
144 514 190 540 eo
222 501 332 552 quod
362 502 477 540 volui
514 501 712 540 abdicare.
770 501 820 539 F.
848 501 963 550 atqui
997 511 1115 549 posse
1154 497 1322 538 desiisti.
1379 510 1461 536 non

70 561 267 612 sequitur,
290 563 420 613 pater⁷
445 564 492 601 ut
516 575 581 601 me
606 563 688 601 tuis
714 574 876 601 accuses
905 559 1152 600 criminibus.
1205 571 1306 610 quas
1332 559 1462 608 parri-

71 622 171 662 cidii
194 624 387 674 praemisi
411 621 557 663 notas?
607 621 758 662 nullius
781 622 942 662 sceleris
967 621 1188 671 praecessit
1212 620 1461 671 malignitas.

72 684 309 723 aestu'momr
348 684 455 723 unde
494 683 687 723 facinoris
733 685 821 722 tam
861 682 1016 722 subitas
1062 681 1268 720 induerim
1308 692 1461 719 causas.

17 756 53 783 ιο
70 743 192 783 fidem
231 757 315 783 non
355 745 485 794 capit,
525 746 572 783 ut
613 746 695 783 tres
734 743 1008 783 absolutiones
1049 744 1091 781 et
1130 743 1390 781 innocentem
1422 743 1463 780 et

70 804 318 855 parricidam
349 805 540 845 efficiant.
603 818 694 854 cur,
722 806 910 854 inquam,
942 804 1079 854 potuit
1109 801 1225 842 fieri?
1281 801 1327 840 P.
1354 801 1462 852 quod

71 865 122 905 de
145 866 390 906 testamento
416 866 574 916 aliquid
598 865 800 916 sperabas.
858 866 908 904 F.
935 864 1034 914 quid
1059 875 1229 914 sperem,
1254 862 1298 901 P.
1326 861 1381 911 0.,
1414 862 1463 901 de

70 926 290 977 parricidio
315 940 405 966 meo
430 928 582 966 totiens
601 926 772 975 delatus,
798 927 948 965 totiens
974 927 1148 975 paterna
1173 925 1462 975 conquestione

70 987 264 1038 perditus.
322 987 485 1027 defendi
524 1001 607 1027 non
646 988 851 1038 poteram,
893 988 928 1026 si
958 986 1129 1025 bibisses
1169 987 1219 1024 tu
1250 997 1461 1023 venenum.

15 1059 51 1086 1⁵
69 1047 177 1100 finge
213 1050 352 1087 tamen
389 1061 571 1097 causam,
610 1047 716 1100 finge
747 1048 982 1086 utilitatem.
1040 1058 1147 1085 nunc
1186 1045 1463 1096 quaerendum

71 1110 133 1148 est
165 1109 367 1159 quomodo
393 1109 482 1148 fieri
506 1109 652 1160 potuit.
710 1109 944 1148 ministrum
974 1120 1056 1146 non
1081 1107 1221 1157 habeo,
1255 1107 1462 1145 conscium

70 1182 152 1208 non
176 1171 351 1209 invenio.
410 1170 610 1220 quomodo
634 1169 724 1208 fieri
748 1167 912 1220 potuit?
968 1169 1014 1207 P.
1041 1167 1232 1219 sperabas
1258 1168 1345 1218 ipse
1370 1180 1462 1217 por-

69 1231 214 1282 rigere.
264 1231 313 1270 F.
341 1243 364 1269 o
392 1243 515 1281 quam
541 1231 674 1270 facilis
700 1230 803 1269 mihi
823 1230 874 1269 ad
897 1231 989 1269 tuos
1016 1230 1226 1268 convictus
1252 1226 1464 1267 accessus?

71 1290 285 1341 quomodo,
316 1292 497 1342 inquam,
528 1291 626 1330 fieri.
647 1289 815 1341 potuit?
871 1291 916 1328 P.
945 1290 1187 1340 quandoque
1219 1290 1461 1339 pervenires.

14 1364 52 1390 20
70 1352 119 1390 F.
147 1353 245 1391 esto.
301 1365 503 1391 venenum
533 1354 641 1391 certe
673 1351 837 1402 putabis
870 1351 1066 1402 quicquid
1096 1351 1173 1389 hae
1207 1350 1463 1400 porrexerint

69 1424 224 1451 manus.
282 1413 484 1463 quomodo
509 1413 598 1451 fieri
622 1411 786 1463 potuit?
842 1412 887 1460 R.
915 1411 1157 1462 quandoque
1187 1410 1461 1461 persuaderes.

70 1473 119 1511 F.
147 1472 255 1512 cedo.
315 1473 429 1523 atqui
463 1486 580 1512 omne
618 1475 728 1512 virus
767 1475 840 1512 aut
872 1473 1005 1512 subito
1038 1472 1206 1522 corripit
1245 1474 1318 1510 aut
1350 1472 1461 1510 lenta

69 1535 184 1584 peste
222 1535 433 1574 consumit.
492 1535 528 1573 si
565 1535 742 1584 primum
787 1533 951 1583 dedero,
993 1534 1134 1573 statim
1175 1531 1463 1583 deprehendor,

70 1595 106 1634 si
146 1594 386 1644 secundum,
426 1607 490 1633 me
531 1607 630 1646 prae
671 1595 814 1634 ceteris
856 1594 1019 1634 deferes.
1084 1593 1302 1643 attendite,
1334 1592 1379 1631 P.
1408 1591 1463 1642 O„

15 1667 51 1694 25
71 1653 283 1705 attendite,
310 1657 382 1705 qui
407 1655 523 1706 mori,
551 1656 630 1695 nisi
655 1655 945 1706 deprehendor‚
977 1668 1059 1693 non
1084 1666 1261 1705 possum,
1293 1654 1360 1693 cui
1390 1666 1463 1704 pa-

69 1728 162 1755 rare
193 1728 395 1755 venenum
425 1714 618 1767 possum?
673 1717 758 1755 iam
782 1715 886 1755 silet.
943 1716 1027 1754 iam
1052 1728 1134 1754 non
1160 1714 1311 1754 sufficit
1343 1727 1367 1753 a
1399 1728 1463 1753 me

71 1775 284 1827 depulsum
316 1789 401 1816 esse
433 1777 573 1827 scelus,
604 1776 685 1817 nisi
716 1779 757 1816 et
780 1776 859 1816 tibi
890 1777 1129 1828 assignetur.
1185 1777 1232 1814 tu
1265 1787 1360 1827 ergo
1393 1788 1464 1814 cur

70 1849 153 1876 11011
178 1835 386 1876 effudisti?
440 1837 485 1876 P.
515 1837 621 1888 quod
648 1839 689 1876 te
715 1838 819 1876 velle
845 1837 948 1876 mori
973 1850 1054 1875 non
1085 1835 1247 1876 credidi.
1305 1837 1354 1875 F.
1382 1849 1464 1875 11011

72 1897 281 1937 credidisti
307 1900 348 1937 et
373 1898 555 1947 noluisti,
582 1900 653 1937 aut
678 1910 759 1937 11011
779 1897 988 1937 credidisti
1013 1901 1054 1936 et
1078 1897 1257 1937 voluisti.
1316 1897 1359 1935 P.
1381 1909 1463 1936 non

15 1970 53 1998 ³0
72 1957 226 1997 credidi
264 1960 305 1997 et
345 1959 469 1998 nolui.
527 1959 576 1998 F.
604 1960 721 2010 atqui
757 1972 838 1998 11011
876 1958 1075 1998 credentis
1114 1960 1156 1997 et
1193 1958 1368 1998 nolentis
1401 1959 1464 1996 est

72 2031 145 2058 nec
182 2018 383 2059 effundere
425 2032 498 2059 nec
540 2019 692 2059 offerre.
756 2032 836 2059 non
875 2019 1073 2060 credentis
1114 2021 1154 2058 et
1188 2019 1362 2059 volentis
1402 2020 1464 2058 est

172 2150 190 2181 ’ἲ
219 2146 295 2182 tuis
323 2159 391 2183 om.
414 2154 450 2182 Ρ
564 2149 585 2181 8
612 2148 771 2193 promisi
792 2154 828 2182 Ρ
939 2150 982 2182 10
1010 2147 1135 2192 capud
1164 2153 1199 2181 Ρ
1309 2150 1350 2181 11
1381 2145 1463 2181 affi-

71 2194 179 2231 ciant
212 2201 273 2231 VB
400 2200 443 2231 15
471 2205 606 2231 causas
638 2202 699 2231 VB
822 2200 866 2231 18
894 2195 1115 2232 convinctus
1143 2202 1179 2231 Ρ
1300 2198 1345 2229 20
1372 2194 1461 2229 hae:

72 2253 210 2279 caecae
237 2250 273 2279 P
388 2247 431 2279 22
461 2245 528 2279 aut
548 2245 660 2290 prius
685 2256 752 2281 om.
781 2251 842 2279 ΥΒ
963 2244 1171 2290 corrumpit
1198 2258 1245 2287 ως
1272 2255 1364 2280 corr.
1387 2244 1460 2280 Bu.

72 2294 120 2327 23
139 2293 264 2337 peste:
286 2303 355 2338 pra
375 2299 437 2327 VB
510 2295 554 2328 25
575 2292 667 2328 nisi:
689 2304 764 2328 non
792 2299 852 2327 ΓΒ
925 2292 1190 2338 deprehendar
1211 2298 1247 2327 1²
1320 2295 1365 2326 26
1387 2302 1462 2326 non

71 2351 229 2386 possum
250 2347 355 2377 RVB
427 2344 472 2376 27
499 2340 591 2376 nisi:
619 2341 686 2377 ubi
713 2348 752 2386 Υς
772 2341 888 2377 vestri
909 2347 946 2376 Β
1017 2345 1063 2376 28
1091 2341 1183 2386 quia
1209 2347 1270 2375 VB
1343 2343 1386 2375 31
1415 2349 1462 2374 116

73 2387 207 2424 offerre
239 2395 300 2424 ΓΒ
398 2393 441 2425 31
460 2411 504 2416 -
519 2402 555 2436 p.
578 2393 648 2425 424
669 2391 692 2426 l.
714 2393 734 2425 1
756 2401 832 2425 non
858 2389 993 2425 offerre
1020 2401 1088 2426 om.
1116 2395 1177 2424 VB
