1638 2560
224 98 312 140 340
618 93 819 130 INFAMIS
844 93 899 129 IN
922 90 1138 128 MATREM
1162 91 1196 127 H

223 213 331 251 tibus
357 211 544 260 elisisque
570 209 757 248 uberibus
783 208 883 246 mihi
907 207 1004 246 fecit
1033 206 1241 246 invidiam.
1293 206 1397 245 unde
1422 207 1467 245 in
1491 207 1595 246 hanc

223 273 505 323 inpatientiam
530 271 727 321 prorupit,
760 267 927 307 exiluit?
959 268 1068 307 domi
1096 280 1159 306 me
1184 267 1289 306 nihil
1313 268 1593 319 interrogavit.

223 345 384 383 possum
420 331 519 380 iam,
557 332 686 369 mater
722 330 878 378 infeliX,
917 341 1052 368 coram
1088 327 1226 366 liberis
1264 340 1311 367 ac
1346 327 1594 378 parentibus,

224 406 385 444 possum
425 390 679 430 audientibus
727 390 802 429 diis
842 389 1150 439 hominibusque
1198 388 1390 427 clamare:
1435 389 1476 427 et
1520 401 1593 441 ego

224 454 358 493 amavi
388 452 516 490 filium
547 465 698 501 meum,
731 464 810 490 non
843 450 1000 499 osculis,
1032 462 1112 488 non
1143 448 1392 498 infirmitate,
1422 462 1504 488 non
1534 449 1592 488 la·
1613 462 1630 489 5

225 514 375 562 crimis,
414 512 483 551 sed
514 512 684 561 viribus,
722 511 875 559 dolore,
912 511 1123 561 patientia.
1185 510 1351 548 unicum
1389 522 1524 560 quem,
1559 510 1595 548 si

223 575 307 612 acie
339 573 547 612 clausisset
577 573 717 621 hostis,
748 572 901 610 vicaria
933 573 1061 610 morte
1087 582 1320 620 servassem,
1352 571 1387 609 si
1415 569 1594 609 subitum

222 634 409 673 cinxisset
432 632 673 681 incendium,
703 632 932 671 extulissem
956 632 1099 670 relicta
1123 643 1305 670 meorum
1329 631 1445 681 parte
1470 643 1594 669 mem-

221 694 402 743 brorum,
443 694 573 743 eripui
613 693 878 744 malignitati,
921 692 1072 731 abstuli
1111 692 1255 731 famae.
1317 690 1444 730 habeo
1487 691 1595 742 quod

222 755 402 805 inputem
432 754 520 803 tibi,
551 755 710 803 natura,
744 755 885 804 pietas.
948 766 1033 791 rem
1065 751 1346 791 difficillimam
1377 751 1455 791 feci
1487 751 1594 802 quod
1614 766 1638 792 1(

221 828 301 854 non
333 828 395 853 me
427 815 563 864 potius
599 814 737 853 occidi.

175 876 199 914 5
314 875 444 914 Malae
475 874 731 914 tractationis
764 875 935 914 accusat.
999 873 1168 923 adeone,
1199 886 1310 923 uxor,
1341 872 1419 911 tibi
1449 885 1595 923 parum

222 936 360 974 videor
391 935 544 974 dedisse
575 948 795 986 poenarum
826 936 919 985 post
949 934 1223 985 parricidium,
1254 934 1302 972 ut
1331 933 1507 983 labores,
1544 946 1594 972 ne

222 996 450 1035 lucrifaciat
486 997 603 1046 pater
642 995 747 1045 quod
788 995 934 1034 occidit
973 994 1104 1033 filium
1144 992 1289 1034 suum?
1349 1006 1430 1033 non
1469 993 1596 1044 pudet

224 1069 335 1108 ergo,
374 1057 407 1094 si
443 1057 627 1095 irasceris
664 1054 917 1106 parricidae?
981 1055 1077 1106 quid
1108 1055 1186 1094 tibi
1217 1067 1308 1094 cum
1346 1055 1434 1106 lege
1473 1066 1595 1105 quam
1616 1068 1638 1094 11

222 1118 386 1167 propter
417 1116 517 1156 alios
549 1117 722 1156 minores
755 1118 963 1167 accepistis
996 1114 1210 1155 adfectus?
1259 1115 1442 1165 querelas
1473 1114 1596 1153 habet

222 1177 312 1226 ista,
338 1190 418 1215 non
437 1178 608 1228 gemitus
628 1178 669 1215 et
687 1178 814 1215 matre
836 1178 1012 1227 seposita
1032 1177 1159 1215 solam
1185 1167 1398 1226 conplorat
1419 1188 1594 1214 uxorem.

311 1238 463 1283 Rursus
491 1237 541 1276 ad
565 1238 760 1288 populum
780 1250 899 1277 vocas
920 1237 1111 1276 miserum
1135 1234 1359 1287 pudorem?
1382 1236 1596 1275 materiam

222 1297 317 1336 novi
346 1299 517 1337 rumoris
550 1297 760 1337 accendis?
809 1297 965 1348 perdidi
992 1310 1086 1349 ergo
1111 1298 1311 1336 rationem
1336 1296 1479 1336 secreti
1503 1297 1595 1335 mei.

223 1359 279 1397 sic
316 1358 450 1396 omnia
487 1359 678 1408 feceram,
718 1372 768 1397 ne
807 1358 903 1408 quid
942 1360 1014 1397 aut
1052 1359 1194 1408 quaeri
1228 1358 1365 1408 posset
1401 1358 1474 1396 aut
1505 1356 1595 1396 dici.
1616 1369 1638 1395 2⁴

221 1418 303 1456 iam
328 1431 420 1457 vero
449 1419 546 1468 quid
568 1419 841 1468 inpudentius,
874 1419 971 1469 quid
995 1419 1201 1470 indignius
1229 1430 1364 1468 quam,
1397 1430 1488 1456 011111
1518 1417 1597 1456 sibi

223 1478 270 1516 de
300 1478 437 1517 liberis
470 1479 637 1518 credunt
667 1480 787 1518 licere
818 1480 1070 1528 tantundem,
1102 1481 1143 1518 et
1168 1491 1342 1528 aequum
1372 1479 1435 1516 ius
1466 1478 1596 1528 pain-is

224 1551 270 1578 ac
301 1540 442 1578 matris
475 1551 558 1578 esse
590 1540 847 1589 contendunt,
881 1541 996 1590 quasi
1027 1541 1209 1579 nesciant
1239 1538 1354 1578 nobis
1381 1538 1596 1577 arbitrium

223 1600 332 1637 vitae
368 1599 556 1649 necisque
594 1599 876 1639 commissum?
938 1613 1018 1640 non
1057 1602 1118 1640 est
1154 1598 1432 1651 privilegium,
1467 1598 1597 1637 filium

225 1659 413 1708 occidere,
445 1671 535 1698 cum
559 1659 646 1698 fieri
670 1662 815 1710 potest,
847 1673 919 1700 nec
946 1662 1161 1711 quisquam
1185 1661 1347 1699 tantum
1371 1659 1462 1698 ideo
1487 1658 1596 1708 fecit,
1617 1672 1638 1698 21

226 1719 321 1769 quia
360 1720 508 1758 liceret.
572 1720 725 1759 viscera
762 1722 872 1761 unici
914 1722 1091 1760 lacerare
1133 1720 1280 1761 suffeci.
1343 1720 1523 1771 ignosce,
1564 1719 1599 1758 si

225 1792 303 1818 non
334 1781 448 1830 potes
480 1780 579 1818 mihi
611 1781 779 1820 credere.
843 1794 958 1821 nemo
997 1781 1126 1820 filium
1157 1794 1273 1820 suum
1306 1780 1453 1820 occidit
1488 1779 1598 1819 odio:

224 1852 304 1878 non
331 1841 408 1879 erit
437 1840 543 1878 tanti
568 1842 724 1881 iuvenis
750 1843 915 1881 invisus.
965 1841 1069 1880 illud
1096 1844 1157 1881 est
1184 1843 1227 1880 in
1258 1841 1443 1892 patribus
1469 1852 1598 1890 usque

225 1900 277 1938 ad
319 1900 580 1950 parricidium
623 1901 801 1941 terribile
844 1903 951 1953 quod
995 1904 1151 1952 amant,
1197 1901 1304 1952 quod
1349 1902 1599 1950 succurrunt,

322 2020 342 2050 2
370 2015 520 2051 domine
544 2022 619 2060 BJ,
646 2027 737 2052 corr.
759 2024 781 2050 υ
873 2016 970 2052 nihil
996 2028 1055 2052 me
1082 2023 1125 2052 Μ
1219 2020 1241 2052 4
1268 2027 1342 2062 que
1366 2027 1467 2062 supr.
1488 2021 1526 2050 Β

226 2068 247 2099 5
272 2074 348 2099 11011
374 2068 458 2100 ante
483 2064 704 2100 infirmitate
723 2076 823 2110 supr.
851 2071 879 2099 V
953 2069 974 2101 8
1002 2065 1178 2101 cincisset
1199 2071 1242 2100 Μ
1310 2063 1445 2100 10110111ῖΙ
1472 2075 1601 2100 eorum

226 2118 296 2147 BV
387 2113 496 2158 parte
521 2112 694 2148 relictam
721 2124 850 2148 eorum
870 2119 913 2148 M
1006 2118 1049 2149 10
1075 2115 1235 2150 naturae
1262 2118 1351 2155 Μβά
1444 2115 1488 2148 13
1513 2122 1602 2158 par-

225 2160 403 2196 ricidium
428 2162 472 2196 ut
497 2160 594 2197 Sch.:
621 2161 833 2206 periculum
859 2163 897 2196 et
923 2176 952 2196 ω
1042 2166 1084 2198 16
1113 2162 1207 2197 alios
1234 2162 1340 2198 Des-s.
1362 2172 1402 2207 p.
1420 2163 1484 2197 75:
1507 2159 1601 2196 ‘avos

225 2215 306 2253 BV3
332 2220 400 2244 nos
426 2215 481 2254 Μ;
509 2221 572 2244 vos
600 2217 647 2251 βᾶ
742 2213 786 2244 17
812 2221 888 2245 non
913 2221 988 2245 non
1014 2217 1042 2244 V
1134 2210 1306 2256 suposita
1332 2215 1368 2244 P
1465 2211 1509 2244 18
1534 2219 1602 2255 po-

226 2257 316 2303 pulo
342 2263 371 2291 V
437 2257 598 2293 materia
623 2264 660 2292 Β
732 2261 777 2293 20
804 2257 931 2293 omnia
956 2270 1001 2294 ex
1027 2269 1136 2294 omne
1161 2265 1198 2293 Β
1270 2262 1314 2293 21
1342 2268 1473 2304 quam:
1501 2257 1604 2302 quod

227 2335 264 2364 P
343 2333 390 2364 24
414 2330 612 2386 nescisque
632 2336 669 2364 Β
746 2333 792 2365 25
818 2330 904 2366 ideo
924 2342 992 2367 om.
1018 2337 1046 2365 V
1114 2335 1159 2366 26
1185 2317 1353 2366 lacertre
1371 2336 1409 2365 Β
1480 2328 1603 2365 suffici

227 2396 328 2435 Βνβς
355 2389 464 2426 suffic
478 2396 520 2425 Μ
591 2394 635 2425 27
657 2390 767 2426 crede
786 2397 814 2425 V
883 2390 1005 2426 occidi
1025 2397 1053 2425 V
1115 2390 1226 2438 οξᾱίο
1241 2397 1284 2426 Μ
1347 2394 1393 2426 28
1412 2390 1608 2426 tantum-t
