1638 2560
490 93 908 132 DECLAMA'HONES
931 92 995 129 IV.
1020 91 1066 128 V.
1379 90 1466 134 361

85 211 305 254 censendus
346 211 457 251 filius
501 210 572 262 qui
613 211 782 261 propter
828 208 1001 248 salutem
1046 205 1177 258 patris
1221 218 1264 246 se
1306 205 1467 245 occidit.

85 275 297 326 praeterea
321 271 583 312 consideratis
608 271 751 310 fatum.
800 281 1011 319 nunquam
1034 281 1124 307 sum
1149 279 1311 307 securus
1335 279 1468 317 neque

85 332 323 386 intrepidus.
378 332 483 372 mori
514 344 610 384 ergo
641 330 766 370 debeo
801 332 1012 380 tamquam
1041 340 1208 377 nocens,
1246 327 1282 367 si
1310 326 1467 366 mathe-

85 396 259 436 maticus
298 407 439 434 verum
479 392 599 442 dixit,
645 394 859 442 tamquam
897 389 1038 438 miser,
1082 389 1118 428 si
1156 387 1353 428 mentitus
1394 389 1467 427 est.

49 469 66 496 5
83 456 294 507 praeterea
336 454 517 494 animum
546 452 675 492 habeo
720 450 927 491 occidendi
974 452 1145 501 patrem.
1202 447 1467 500 parricidium

85 517 223 556 autem
253 514 385 555 dictus
416 527 507 554 sum
544 514 737 553 facturus.
794 513 830 552 si
866 523 1030 562 possum
1068 512 1163 561 post
1197 510 1298 548 haec
1328 510 1467 548 autem

84 577 240 626 vivere,
276 589 358 616 non
396 587 487 614 sum
522 574 732 622 innocens,
774 573 851 612 etsi
881 585 963 612 non
994 572 1140 611 fecero.
1196 571 1320 610 sentit
1349 571 1470 620 pater

84 638 241 689 quanta
277 637 333 677 sit
368 635 568 688 praedicti
607 634 769 674 sceleris
807 633 1042 672 immanitas
1081 634 1123 671 et
1161 631 1252 670 ideo
1290 631 1469 681 temptat

84 697 254 748 efficere,
282 699 333 736 ut
361 696 694 736 mathematicam
718 696 847 734 artem
880 695 1010 733 artem
1039 705 1122 732 non
1152 691 1316 743 putetis.
1373 703 1467 730 cum

31 773 66 800 ιο
84 771 181 811 ergo
211 770 310 798 vera
339 757 423 797 sint
451 757 585 808 prima
609 755 734 795 verba
761 753 1041 794 mathematici
1071 756 1112 793 et
1136 754 1221 791 iam
1245 752 1469 801 evenerint,

84 819 244 859 eveniet
280 819 322 858 et
357 818 568 866 ulfimm,
608 818 650 856 et
687 829 754 855 ero
795 814 1023 882 parricida,
1063 815 1100 854 si
1138 813 1286 854 vixero.
1342 812 1467 852 vitari

86 881 224 920 autem
253 880 390 930 potest
419 878 638 918 necessitas
672 877 792 916 huius
824 876 919 925 fati,
957 876 993 915 si
1030 886 1139 914 mors
1170 874 1279 913 inter
1306 874 1468 913 facinus

83 940 367 990 hominemque
406 940 593 990 ponatur.
657 937 837 977 vincitur
877 937 986 976 enim
1024 935 1174 984 fatum,
1216 936 1251 975 si
1289 934 1469 983 resistas,

85 1001 230 1050 vineit,
268 1000 304 1040 si
341 999 640 1050 contempseris.
700 998 846 1037 melius
878 997 1003 1036 etiam
1034 998 1113 1045 est,
1150 997 1198 1034 ut
1227 994 1395 1044 moriar,
1432 995 1469 1033 si

32 1075 67 1102 15
85 1063 276 1102 innocens
301 1060 462 1100 futurus
487 1073 589 1109 sum,
614 1071 739 1110 quam
763 1059 811 1098 ut
834 1059 985 1106 vivam,
1010 1058 1045 1096 si
1070 1056 1284 1108 parricida.
1340 1055 1470 1094 vultis

86 1123 187 1163 scire
218 1135 341 1173 quem
374 1120 543 1160 debeam
574 1122 716 1160 timere
747 1116 962 1159 victurus?
1023 1119 1179 1166 metuo,
1215 1130 1265 1155 ne
1295 1118 1470 1168 pata-em,

87 1183 184 1222 dum
214 1182 379 1231 morior,
411 1181 602 1221 occidam.

510 1337 559 1376 V.
601 1338 753 1377 Anenss
783 1347 1043 1376 nnnnmvs.

177 1424 469 1475 Aryumentum
499 1436 536 1462 v.
554 1435 599 1472 p.
628 1423 697 1467 88,
725 1424 763 1460 7.

33 1499 69 1525 20
178 1485 345 1538 Allegat
380 1485 537 1523 iuvenis
575 1496 712 1522 coram
747 1481 966 1521 iudicibus:
1003 1480 1052 1520 de
1085 1493 1148 1519 me
1185 1492 1268 1519 non
1298 1479 1470 1528 curavit,

88 1559 152 1585 me
193 1545 348 1585 dimisit
392 1546 436 1583 in
481 1544 653 1583 vinculis
697 1543 770 1594 qui
809 1555 966 1592 semper
1011 1541 1089 1581 sibi
1128 1540 1256 1580 bonus
1299 1540 1470 1588 fueram,

89 1606 339 1646 luxuriosum
374 1605 547 1645 redemit
584 1605 655 1654 qui
691 1616 849 1654 semper
878 1603 1009 1642 malus
1047 1602 1191 1640 fuerat.
1253 1599 1471 1651 respondet

89 1667 223 1718 pater:
265 1679 432 1718 aegrum
461 1665 631 1714 redemi,
662 1665 805 1715 utpote
842 1664 973 1714 magis
1005 1661 1296 1711 miserabilem,
1335 1662 1378 1700 te
1409 1660 1471 1699 di-

90 1727 201 1777 misi,
239 1739 331 1766 cum
361 1727 577 1776 utrumque
614 1695 762 1764 babere
793 1737 874 1763 non
903 1736 1080 1774 possem,
1120 1721 1322 1762 confidens
1360 1720 1468 1772 quod

37 1801 72 1827 ,5
90 1790 258 1839 propter
289 1787 507 1826 sanitatem
537 1785 681 1825 melius
706 1785 830 1824 ferres
859 1797 1057 1823 carcerem
1089 1785 1130 1822 et
1159 1784 1327 1833 propter
1354 1781 1469 1820 boni-

90 1850 219 1887 tatem
249 1849 444 1887 maiorem
474 1846 717 1897 patientiam
746 1845 913 1884 haberes
944 1846 987 1883 in
1021 1844 1199 1883 adversis
1231 1845 1273 1882 et
1302 1844 1472 1893 propter

91 1909 335 1960 sapientiam
358 1908 502 1947 melius
529 1906 648 1946 scires
667 1918 883 1957 procurare
908 1905 1190 1944 liberationem
1213 1906 1340 1943 tuam.
1396 1916 1471 1942 nec

91 1969 182 2009 ideo
208 1970 392 2020 sequitur
423 1967 529 2018 quod
560 1967 678 2006 illum
708 1967 800 2017 plus
833 1966 1052 2005 dilexerim.
1110 1978 1157 2004 ex
1182 1964 1336 2003 duobus
1362 1965 1471 2002 enim

90 2029 229 2069 liberis
247 2031 435 2068 neutrum
454 2029 585 2080 magis
610 2030 723 2066 amat
741 2028 812 2078 qui
835 2026 1001 2066 redimit
1022 2039 1198 2078 aegrum.
1249 2025 1284 2064 si
1309 2025 1470 2075 sapiens

37 2103 73 2131 zo
93 2092 215 2140 esset,
246 2103 269 2129 o
300 2090 470 2138 iudices,
510 2101 591 2127 non
629 2088 748 2127 debet
777 2087 882 2127 velle
914 2086 1021 2137 quod
1050 2086 1283 2137 redemptus
1314 2085 1471 2134 fuisset,

94 2151 162 2201 qui
193 2152 353 2190 tantam
383 2150 545 2188 laudem
582 2148 804 2200 adquisivit
841 2149 883 2187 et
912 2160 1058 2186 nomen
1095 2160 1143 2186 ex
1174 2159 1220 2186 eo
1259 2145 1367 2196 quod
1398 2158 1472 2196 per

94 2224 209 2251 suam
239 2211 482 2262 sapientiam
513 2222 554 2249 se
580 2222 605 2248 a
630 2221 787 2249 carcere
819 2209 991 2260 piratico
1016 2208 1216 2246 liberavit.
1275 2219 1310 2255 ο,
1343 2218 1470 2256 quan-

92 2272 179 2311 tam
218 2271 381 2310 laudem
425 2270 690 2320 adquisierat,
731 2269 766 2309 si
805 2270 988 2320 pasceret
1026 2269 1203 2319 patrem,
1245 2265 1472 2306 redemerat

93 2331 271 2371 fratrem.
327 2331 447 2370 redde
486 2343 599 2399 ergo,
636 2331 694 2369 mi
724 2330 802 2378 fili,
844 2342 946 2380 quae
978 2341 1097 2380 posco
1131 2328 1342 2376 alimenta3
1374 2339 1467 2364 nam

40 2405 76 2432 ³5
96 2392 224 2432 debes
282 2392 405 2431 vultis
439 2393 545 2430 8111111
577 2392 695 2441 scire,
737 2403 760 2429 o
791 2390 884 2439 filii,
919 2391 1117 2440 quantum
1147 2387 1301 2427 nomini
1332 2388 1471 2425 nostro
