1638 2560
458 121 776 159 DECLAMATIO
801 122 890 159 er
914 127 1044 159 8-10.
1358 123 1450 167 273

61 238 330 291 -profaerniit3
378 240 425 277 tu
467 238 570 277 milii
619 237 767 277 dedisti
823 238 932 288 quod
980 251 1138 289 semper
1180 240 1448 289 exasperaret.

69 301 268 352 perpetua
296 311 361 347 res
397 300 460 338 est
490 298 620 338 odisse
651 299 738 338 sine
774 311 908 339 causa.
969 299 1115 338 ducam
1145 299 1244 338 licet
1273 311 1449 349 uxorem,

69 362 114 400 te
137 362 275 400 himen
298 359 433 409 odero,
463 359 507 398 in
538 360 770 411 peregrinas
795 359 1068 411 expeditiones
1093 361 1229 410 patria
1254 359 1450 410 dimittat,

70 423 113 460 te
142 423 281 461 tamen
311 421 578 472 cogitationes
609 432 890 488 sermonesque
917 421 1143 471 respicient
1197 420 1296 470 quid
1325 420 1449 460 inter-

4 526 9 530 ,
35 494 53 522 ⁵
72 483 135 522 est
163 480 501 533 quemamodum
529 481 754 531 possederis
786 481 966 520 animum
1001 494 1154 530 meum,
1192 481 1450 531 quemadmo-

70 542 171 582 dum
197 542 301 583 mihi
331 554 356 581 a
386 543 428 581 te
458 554 540 580 non
570 542 693 580 liceat
723 541 845 591 abire,
878 540 1106 581 discedere?
1155 541 1300 591 fecisfi,
1330 544 1379 581 ut
1407 543 1449 581 te

70 602 221 654 ubique
250 615 481 653 persequar,
512 604 560 640 ut
588 603 689 641 meis
720 602 905 642 fortassis
930 602 1116 642 manibus
1146 602 1351 652 invadam,
1384 615 1450 642 ve-

69 664 145 703 lim
180 662 278 703 dare
313 676 524 702 venenum.
586 663 659 713 qui
700 663 952 702 meretricem
994 663 1125 703 odisse
1167 675 1248 703 non
1289 663 1449 713 desinit,

71 725 231 765 amator
261 725 332 763 est.

1 797 54 824 ,ιο
162 780 276 834 ‘Sed,
306 783 465 833 infelix,
497 783 698 823 misereris
728 780 836 823 mei.'
900 784 999 834 quid
1029 797 1124 836 ergo
1156 785 1332 824 sanitate
1363 786 1450 824 tam

68 843 235 898 rigida?
283 845 485 895 paulatim
507 845 644 895 pofius
668 845 827 884 ratione
852 857 1056 895 conpesce,
1086 845 1333 884 misceantur
1357 858 1448 884 con-

70 906 177 956 silia,
207 905 418 945 blanditiis
449 905 599 944 veritas
629 906 886 956 temperetur.
938 906 1121 955 alioquin
1145 918 1227 945 non
1255 907 1316 945 est
1341 905 1450 956 quod

71 966 225 1019 abigas,
250 965 359 1016 quod
382 965 570 1017 expellas.
621 967 860 1017 exasperant
883 966 1153 1015 necessitates,
1179 968 1220 1005 et
1244 966 1288 1008 in
1313 979 1449 1006 amore

70 1027 276 1067 contentio
314 1039 471 1077 semper
507 1026 701 1066 accendit.
765 1026 976 1065 adiuvabit
1011 1029 1054 1066 te
1083 1028 1248 1066 interim
1281 1027 1449 1067 libertas

17 1099 53 1126 15
70 1089 162 1139 ipsa
191 1100 274 1138 qua
303 1087 428 1136 fruar,
466 1089 643 1138 tempus,
682 1088 848 1127 satietas
880 1089 920 1126 et
951 1088 1123 1127 fortasse
1155 1090 1314 1127 amator
1345 1088 1449 1127 alius

72 1147 290 1189 admonens
327 1148 584 1188 condicionis.
647 1148 717 1187 sed
754 1150 862 1187 inter
897 1148 1052 1197 oscula,
1095 1149 1204 1187 inter
1241 1149 1448 1200 amplexus

69 1211 371 1260 paupertatem,
401 1221 483 1247 non
512 1210 724 1259 tamquam
756 1209 994 1259 exploraris,
1033 1209 1103 1248 sed
1132 1210 1344 1259 tamquam
1374 1210 1448 1249 mi-

70 1270 259 1318 serearis,
290 1269 445 1321 adlega.
509 1282 756 1319 quamquam
788 1269 887 1319 quid
923 1282 1025 1320 opus
1055 1268 1161 1309 fide?
1199 1271 1284 1309 sine
1322 1283 1449 1319 curer,

70 1331 120 1369 ut
149 1330 348 1379 desinam,
385 1331 421 1369 si
451 1332 650 1380 quantum
687 1329 893 1379 adfirmas,
930 1331 1107 1369 invitum
1143 1330 1371 1370 miserearis
1402 1343 1450 1370 ac

17 1402 54 1428 io
72 1391 219 1443 diligis.
281 1391 475 1430 amatoris
513 1404 638 1429 unum
674 1389 896 1429 remedium
927 1392 1004 1440 est,
1043 1390 1183 1430 amari.
1246 1392 1282 1430 si
1311 1392 1449 1431 tamen

70 1452 337 1492 necessariam
361 1453 481 1502 putas
513 1450 845 1500 emendationem,
877 1464 1000 1502 quam
1031 1451 1160 1490 multa
1191 1454 1287 1491 sunt
1311 1464 1449 1492 amau-

70 1513 176 1551 tium
205 1511 383 1551 remedia
413 1513 517 1550 citra
548 1509 775 1550 venenum?
806 1512 982 1561 exclude,
1014 1511 1185 1551 dimitte.
1238 1511 1449 1552 fastidium

70 1574 218 1624 posset,
249 1574 449 1623 quantum
479 1585 560 1611 non
590 1574 727 1622 posset
756 1574 963 1623 praestare
994 1574 1225 1623 paupertas.
1288 1573 1371 1622 fac,
1402 1575 1450 1612 ut

70 1646 135 1673 me
165 1633 302 1684 potius
332 1634 420 1683 ipse
451 1633 663 1685 castigem,
694 1634 742 1671 ut
772 1633 1020 1682 erubescam,
1052 1635 1099 1672 ut
1130 1632 1349 1684 aliquando
1381 1633 1447 1673 de·

17 1704 52 1731 25
71 1706 238 1744 sperem.
298 1695 335 1733 is
371 1694 533 1733 tantum
569 1695 614 1732 iii
651 1705 786 1733 amore
830 1696 998 1733 sanatur
1034 1695 1104 1745 qui
1141 1694 1248 1744 quod
1288 1693 1448 1744 desinit,

71 1754 151 1794 sibi
181 1753 309 1793 debet.

161 1813 294 1854 Homo
331 1815 475 1866 igitur,
513 1815 585 1865 qui
620 1816 764 1854 merito
802 1814 1052 1866 indignarer,
1096 1816 1132 1854 si
1167 1815 1243 1855 hoc
1286 1817 1447 1855 tantum
1468 1815 1521 1852 io

70 1875 232 1915 fecisset
256 1875 418 1925 aliquis,
448 1877 495 1913 ut
526 1875 645 1927 diligi
667 1875 901 1925 desinerem,
934 1877 1086 1926 quanto
1116 1876 1264 1916 iustius
1290 1889 1447 1926 queror,

170 2006 190 2038 1
217 2003 477 2048 exasperaret:
503 2014 523 2037 r
546 2003 703 2039 alterum
722 2014 767 2039 ea:
784 2007 993 2039 correctura
1017 2009 1069 2047 Βς
1097 2005 1296 2049 exasperet
1315 2009 1375 2046 113

0 2049 5 2092 ὲ,
73 2054 95 2087 3
121 2050 238 2087 odoro
269 2057 309 2095 ¹⁷3
338 2050 425 2087 odio
452 2060 472 2094 β
605 2055 627 2087 4
651 2051 861 2097 respiciant
884 2057 955 2086 ΒΓ
1084 2056 1104 2087 5
1130 2051 1337 2098 possideris
1362 2058 1448 2095 Βνρ

73 2102 95 2134 7
120 2088 250 2148 vellim
273 2105 311 2135 Β
425 2102 447 2134 8
473 2099 648 2135 meminit
672 2106 723 2144 Μ,
753 2099 895 2135 desinit
918 2111 1019 2146 supr.
1039 2114 1082 2135 n·
1201 2104 1242 2135 11
1271 2100 1446 2146 conpesci

0 2151 3 2176 ἰ
70 2153 143 2184 ΒΥ
236 2151 281 2183 14
307 2147 492 2183 accendid
517 2153 555 2183 Β
635 2147 831 2184 adiuvavit
857 2163 899 2193 a;
925 2147 1133 2184 adiuvabat
1158 2157 1179 2191 β
1278 2152 1321 2184 15
1348 2159 1446 2194 quae

0 2197 10 2243 g
72 2201 111 2232 Β
214 2195 394 2232 fortassee
420 2202 457 2231 Β
574 2200 617 2232 16
644 2196 846 2232 admovens
873 2206 892 2240 β
1010 2200 1054 2232 18
1080 2208 1156 2242 qua
1182 2208 1297 2242 quam
1330 2203 1356 2231 V

0 2244 7 2289 ξ
75 2247 120 2279 19
139 2243 351 2280 miserearis
365 2250 416 2288 Β;
437 2244 627 2280 miseraris
645 2245 935 2287 V113misereris
957 2253 976 2287 β
1037 2248 1083 2280 20
1103 2244 1244 2291 diligas
1263 2252 1291 2280 1
1344 2256 1446 2281 amo-

72 2292 126 2328 ris
145 2298 190 2337 P,
215 2283 282 2329 ἀεὶ.
304 2296 338 2329 et
355 2304 447 2329 corr.
466 2307 511 2337 p·
532 2297 620 2339 post
637 2294 818 2329 amatoris
837 2305 910 2329 ras.
932 2296 1028 2329 3-4
1051 2294 1120 2329 litt.
1136 2299 1179 2328 Μ
1250 2298 1293 2329 21
1321 2304 1445 2329 emen·

0 2397 2 2400 >
58 2351 205 2412 datine
229 2383 267 2413 Β
375 2381 419 2413 22
445 2377 603 2413 fastidio
627 2384 737 2413 RVH
843 2381 887 2413 23
914 2389 1042 2424 posses
1066 2384 1109 2413 Π
1201 2379 1386 2423 quantum
1400 2399 1444 2404 ——

0 2441 6 2466 ν’
72 2427 296 2471 possetom.
317 2431 344 2460 1
436 2433 867 2472 nonom.11,.suprm
964 2430 1008 2462 27
1036 2432 1142 2462 οοΒ

0 2475 15 2560 ἓ

147 2492 253 2525 Qvnn·
253 2499 362 2519 mum
380 2500 594 2520 nnenmrio
675 2494 722 2520 e.d
741 2494 790 2520 Le
798 2495 870 2520 hne
879 2499 921 2520 η
1186 2491 1228 2522 18
