1638 2560
466 122 882 161 DECLAMATIONES
907 123 934 159 Ι.
961 123 1005 160 Π.
1032 123 1094 159 IV.
1386 123 1474 166 393

557 276 627 314 IV.
660 275 1010 314 MA'rnnuA‘ncvs.

91 362 168 401 Vir
191 362 309 401 fortis
335 362 449 412 optet
479 362 706 412 praemium
732 359 840 411 quod
865 360 985 399 volet.
1042 360 1113 410 qui
1145 372 1307 399 causam
1333 360 1475 399 mortis

141 423 280 462 ‘accite
326 423 370 460 111
417 423 559 462 senatu
609 434 690 460 non
743 421 1034 472 praetenderit,
1081 421 1321 471 insepultus.
1393 421 1474 458 lex:

152 482 356 534 parricida
400 483 529 523 culleo
571 482 786 522 obvolutus
831 495 922 522 cum
963 481 1081 521 simia
1122 483 1163 520 et
1207 482 1391 532 serpente
1432 481 1474 519 in

59 559 74 583 5
151 543 420 595 profluentem
455 543 665 583 abiciatur.
717 542 883 593 quidam
917 542 965 581 de
994 544 1116 593 partu
1150 543 1286 581 uxoris
1320 542 1475 581 mathe-

152 605 347 644 maticum
389 604 601 644 consuluit.
664 605 699 643 is
740 603 948 654 respondit
988 604 1121 643 virum
1162 603 1308 642 fortem
1346 603 1474 642 nasci-

151 667 291 704 turum
329 666 370 704 et
404 663 659 716 parricidam.
724 677 815 703 cum
856 664 1099 704 adolevisset
1140 665 1210 714 qui
1251 666 1370 703 natus
1403 665 1476 713 est,

151 725 259 765 bello
290 726 449 776 patriae
480 726 644 765 fortiter
680 725 788 764 fecit.
852 737 1016 764 causam
1046 725 1302 764 voluntariae
1333 725 1475 763 mortis

152 787 196 825 in
228 788 370 827 senatu
401 785 544 825 reddit.
608 787 726 836 pater
757 785 1009 825 conia-adicit.

40 910 75 936 10
194 896 267 936 Vir
290 897 416 945 fortis.
473 897 643 946 positus,
668 895 712 934 P.
740 893 795 944 C„
820 894 863 933 in
890 907 937 934 ea
963 894 1194 934 conditione
1220 895 1476 933 tristissimae

96 948 228 1006 3011113,
253 958 300 995 ut
323 969 396 995 nec
421 958 550 995 morte
570 956 716 1008 dignus
741 956 829 1005 sim,
854 956 1016 995 nisime
1042 955 1286 1007 parricidam
1310 956 1477 1006 putetis,

94 1029 167 1056 1100
197 1017 398 1068 praemio,
438 1017 518 1056 nisi
551 1016 823 1066 innocentem,
864 1015 1044 1066 adeoque
1082 1016 1269 1055 ludibriis
1306 1017 1476 1055 miserae

94 1079 171 1117 sim
201 1077 453 1117 necessitatis
478 1077 715 1128 implicitus,
746 1079 793 1116 ut
825 1077 908 1116 odii
932 1078 1012 1115 mei
1043 1077 1226 1116 favorem
1257 1077 1476 1127 impetrare

93 1150 119 1176 a
149 1137 264 1178 vobis
295 1138 478 1189 habeam,
511 1151 660 1188 quaeso
691 1150 764 1189 per
789 1138 926 1177 omnia
952 1150 1057 1188 quae
1088 1140 1183 1177 ante
1207 1138 1283 1176 hoc
1314 1139 1476 1188 tempus

40 1213 74 1240 15
93 1200 201 1238 circa
240 1211 314 1239 nos
358 1199 454 1238 ordo
486 1200 673 1238 veritatis
712 1198 923 1249 explicuit,
971 1198 1157 1238 attulisse
1198 1212 1262 1237 me
1304 1198 1476 1238 credatis

93 1259 327 1311 urgentium
356 1260 558 1299 malorum
597 1259 888 1310 probationem.
951 1260 1057 1298 mori
1087 1259 1230 1309 debeo,
1268 1260 1366 1309 quia
1396 1272 1478 1297 non

94 1320 214 1360 aliter
243 1320 507 1371 parricidium
543 1322 647 1370 vito,
686 1320 937 1371 sepulturam
972 1321 1084 1370 peto,
1124 1321 1222 1370 quia
1253 1320 1478 1370 praemium

94 1381 223 1420 merui
253 1381 416 1420 fortiter
446 1381 613 1433 agendo.
676 1381 806 1420 Pater.
861 1382 1065 1431 proponit,
1096 1380 1140 1418 P.
1170 1380 1224 1430 (1.,
1257 1380 1364 1430 quod
1396 1393 1477 1419 non

94 1453 252 1481 necesse
285 1443 357 1491 est,
388 1442 494 1492 petit
520 1441 628 1491 quod
654 1441 886 1480 donandum
915 1454 995 1480 non
1027 1443 1098 1480 est.
1170 1441 1212 1480 V.
1248 1440 1478 1480 donandum

40 1517 76 1542 20
95 1514 180 1541 esse
210 1503 336 1553 patet.
401 1515 475 1553 ego
512 1502 616 1541 illud
656 1515 730 1553 pro
763 1502 947 1541 omnibus
989 1503 1145 1540 meritis
1186 1502 1275 1541 loco
1306 1501 1479 1552 praemii

94 1565 200 1613 peto.
263 1563 308 1601 P.
341 1563 377 1602 si
406 1575 480 1613 pro
512 1563 612 1602 bene
637 1563 792 1602 meritis
817 1564 990 1602 mortem
1015 1562 1135 1611 datis,
1166 1575 1240 1613 pro
1273 1562 1476 1602 contrario

95 1623 193 1674 quid
224 1622 457 1663 donabitis?
520 1623 563 1663 V.
595 1636 676 1662 non
707 1623 751 1662 id
781 1624 894 1674 peto,
929 1626 975 1662 ut
1006 1620 1195 1662 mol-teni
1210 1623 1377 1673 donent,
1409 1623 1479 1662 sed

94 1684 225 1735 legem
257 1684 487 1734 sepulturae
514 1686 560 1723 ut
585 1684 750 1723 leniant.
813 1684 858 1722 P.
883 1684 998 1723 illam
1023 1684 1159 1735 potius
1186 1684 1343 1723 leniant
1355 1684 1479 1734 ⁸quae

94 1744 338 1795 parricidam
378 1746 421 1783 in
459 1744 725 1795 profluentem
765 1745 905 1783 mittit.
978 1745 1021 1783 V.
1054 1745 1134 1783 nisi
1174 1758 1237 1783 me
1276 1743 1479 1784 audierint

41 1819 74 1845 25
96 1817 233 1844 01111103
265 1805 409 1844 amodo
447 1806 612 1844 iuvenes
649 1805 691 1843 in
730 1805 927 1844 servanda
965 1805 1173 1856 republica
1209 1805 1339 1856 tepidi
1370 1805 1478 1844 fient.

94 1866 139 1904 P.
171 1865 252 1905 nisi
281 1867 323 1905 te
354 1867 615 1915 servaverint,
647 1878 783 1905 omnes
815 1866 883 1917 qui
910 1866 1043 1905 minus
1075 1867 1245 1918 egerint,
1276 1866 1481 1917 desperati

96 1928 224 1966 erunt.
296 1926 339 1965 V.
372 1926 536 1976 videtis,
574 1926 674 1977 quid
705 1928 990 1977 consequatur,
1028 1926 1072 1964 P.
1101 1926 1156 1976 G„
1188 1940 1278 1966 mea
1316 1927 1479 1977 quidem

95 1986 245 2036 peribit
284 1986 484 2037 probitas,
527 1987 773 2038 reipublicae
814 2000 894 2026 non
935 1987 1084 2038 peribit
1125 1987 1403 2039 opprobrium,
1446 1988 1478 2027 si

193 2094 214 2125 2
241 2090 298 2125 vir
317 2090 427 2126 fortis
447 2090 614 2125 secunda
633 2089 695 2126 lex
714 2097 750 2126 P
839 2090 895 2125 vir
921 2090 1030 2126 fortis
1044 2112 1092 2116 ——
1107 2090 1298 2126 abiciatur
1324 2091 1346 2127 l.
1369 2095 1389 2126 5
1410 2102 1478 2127 om.

97 2144 168 2173 BV
237 2142 258 2173 3
273 2143 360 2185 post
378 2137 592 2184 insepultus
612 2139 699 2174 add.
721 2138 913 2174 abiciatur
927 2145 963 2174 R
1038 2142 1059 2173 9
1081 2139 1166 2175 add.
1184 2146 1236 2175 11:
1259 2141 1481 2185 comparent

98 2198 224 2222 coram
250 2189 385 2222 senatu
491 2190 535 2222 10
562 2188 645 2234 ea}
669 2194 706 2222 P
809 2191 852 2222 13
880 2199 963 2222 sum
990 2194 1027 2223 R
1131 2188 1261 2223 odium
1281 2188 1321 2222 in
1347 2188 1422 2223 mei
1444 2194 1480 2222 R

99 2239 143 2271 18
170 2239 255 2272 ante
274 2234 455 2282 proponit
481 2235 566 2271 add.
588 2242 641 2271 11:
668 2246 729 2271 me
754 2246 841 2271 vero
868 2235 1040 2271 veritatis
1060 2236 1204 2272 iudicio
1230 2236 1404 2271 funditus
1424 2236 1479 2270 in-

98 2283 267 2319 volutum
287 2294 368 2319 esse
392 2284 542 2319 constat
561 2283 669 2328 adeo,
694 2285 739 2319 ut
758 2283 817 2319 vel
836 2284 1014 2319 orbitatis
1038 2284 1185 2320 dolores
1206 2285 1397 2320 incurram
1423 2284 1481 2319 vel

97 2331 176 2367 filio
203 2332 386 2379 denegem
415 2331 660 2378 sepulturam.
712 2333 834 2379 patris
866 2332 1167 2369 misericordiam
1199 2333 1268 2368 filii
1298 2332 1480 2379 protervi-

97 2381 217 2416 tatem
238 2382 388 2417 censete
462 2380 501 2416 P.
524 2379 561 2416 C.
582 2391 650 2417 om.
674 2387 710 2416 R
785 2384 831 2416 20
857 2382 982 2426 patet:
1009 2381 1071 2417 lex
1091 2381 1220 2428 arguit
1240 2388 1276 2417 R
1353 2385 1396 2415 27
1425 2391 1479 2415 se-

98 2430 238 2473 quatur
267 2435 336 2464 VB.
436 2439 537 2465 mea:
564 2429 605 2464 in
632 2441 676 2465 ea
707 2436 769 2464 VB
