1638 2560
479 115 799 154 DEGLAMATIO
824 115 895 152 VII
913 119 1043 152 9—11.
1366 116 1453 159 143

75 233 256 274 cecidero
281 233 339 273 sic
363 239 509 284 operae
532 231 710 283 pretium
734 234 806 282 est,
838 231 874 271 si
897 231 1003 270 illud
1026 233 1113 283 ipse
1138 232 1275 271 facias.
1319 231 1454 282 perdit

76 294 295 347 plurimam
325 293 375 333 de
405 292 619 334 sceleribus
650 291 904 344 voluptatem
936 294 1007 343 qui
1036 292 1217 342 mandat,
1249 294 1290 332 et
1319 293 1453 332 minus

76 356 234 408 gratiae
268 353 388 394 rebus
425 366 474 393 ex
509 354 653 393 nuntio
683 354 808 393 venit.
870 353 1025 392 occidet
1062 353 1169 393 alius
1205 355 1247 392 te
1277 352 1453 403 iubente,

75 416 148 456 sed
175 415 408 456 vulneribus
438 414 524 454 illis
554 427 635 454 non
671 414 856 453 fruentur
892 414 1016 463 oculi,
1054 413 1124 453 sed
1160 414 1254 465 plus
1292 415 1370 463 est,
1406 414 1454 452 ut

41 493 60 520 5
77 475 321 530 singultibus
358 475 543 515 abeuntis
581 476 759 524 animae,
794 477 841 513 ut
881 487 1022 514 cruore
1059 474 1236 525 satieris,
1276 476 1324 513 ut
1360 487 1453 514 con-

76 538 237 589 lapsum
265 536 617 588 palpitantemque
646 536 802 585 videas,
840 537 888 574 ut
917 548 981 574 me
1014 535 1188 574 vidente.
1251 536 1453 587 convenit,

76 597 241 648 iudices,
271 596 380 648 quod
409 597 496 648 ipse
524 596 636 637 dives
666 597 743 636 hoc
774 596 884 646 fecit,
914 598 956 636 et
981 596 1088 647 quod
1113 609 1188 648 ego
1213 595 1315 635 vidi:
1346 595 1453 635 ratio

75 659 271 698 saevitiae
296 659 368 708 est,
398 659 448 697 ut
473 658 622 708 aliquis
647 669 784 697 coram
806 670 871 696 me
896 657 1114 707 occidatur,
1143 658 1310 708 propter
1335 670 1454 708 quem

77 718 284 759 occiditur.

21 797 60 824 ιο
166 779 309 819 Fidem
343 781 539 829 vestram,
574 778 745 828 iudices,
781 792 833 818 ne
862 791 928 818 me
963 778 1054 818 ideo
1091 773 1180 817 non
1209 778 1361 829 putetis
1392 778 1451 817 vi-
1474 776 1524 813 11

78 840 196 890 disse,
228 842 324 891 quia
353 840 458 879 nihil
482 839 570 878 feci.
620 839 871 879 servulorum
895 840 972 878 iste
998 838 1315 889 libertorumque
1340 838 1455 878 dolor

79 903 141 941 est
165 902 295 941 occiso
319 901 482 940 homine
507 901 647 940 statim
672 899 772 940 scire
798 899 899 950 quid
925 899 1064 949 facias,
1095 901 1331 950 exclamare,
1362 913 1454 950 pro-

78 974 254 1011 currere,
295 960 416 1000 fidem
453 961 619 1000 deorum
657 961 946 1012 hominumque
981 954 1142 1011 testari3
1181 962 1322 1011 postea
1363 973 1455 999 cum

77 1022 255 1062 lam-imis
277 1023 382 1062 veni.
431 1022 556 1062 vultis
581 1034 854 1073 percussorem
877 1019 1096 1061 invadam?
1145 1022 1270 1061 vultis
1296 1021 1454 1073 fugien-

22 1099 59 1127 ιε
75 1085 161 1123 tem
204 1081 380 1133 sequar?
438 1082 603 1122 interim
645 1081 895 1122 deficientem
932 1082 1024 1132 quis
1062 1081 1261 1133 excipiet?
1304 1083 1369 1121 cui
1412 1095 1455 1122 se

77 1144 287 1184 morientis
317 1143 485 1194 inponet
514 1141 758 1182 infirmitas?
807 1145 884 1183 scis
915 1143 1109 1194 profecto,
1140 1155 1362 1194 percussor,
1394 1143 1454 1182 fa-

77 1205 192 1244 cinus
235 1203 438 1254 ordinare,
482 1203 704 1255 disponere.
767 1203 896 1243 filium
940 1203 1119 1243 occidere
1160 1216 1295 1243 coram
1337 1205 1455 1255 patre

77 1267 275 1305 secretim
306 1266 377 1304 est.

167 1325 425 1376 Miseremini,
447 1325 612 1375 iudices,
634 1326 775 1377 igitur,
800 1327 847 1364 ut
870 1324 964 1363 hinc
989 1337 1148 1376 quoque
1173 1325 1309 1364 velitis
1334 1326 1455 1364 aesti-

24 1395 62 1429 no
78 1394 190 1426 mare
221 1386 360 1426 divitis
393 1388 689 1435 conscientiam,
720 1386 827 1436 quod
860 1387 1070 1425 contentus
1102 1388 1181 1435 est,
1211 1398 1262 1424 ne
1293 1385 1342 1424 de
1373 1398 1454 1424 sce-

79 1447 161 1486 lere
192 1447 422 1498 quaeratur.
472 1460 553 1486 non
582 1447 707 1486 habet
737 1446 926 1485 fiduciam
956 1446 1130 1485 hominis
1156 1447 1227 1497 qui
1257 1459 1320 1485 me
1353 1447 1457 1485 sciat

78 1506 270 1547 mentiri?
307 1509 349 1547 et
380 1508 489 1558 quod
524 1520 606 1547 non
642 1508 775 1546 minus
812 1506 965 1546 debefis
1004 1507 1229 1557 attendere,
1268 1519 1389 1557 quam
1420 1506 1456 1546 si

79 1568 289 1618 fateretur,
318 1580 400 1607 non
431 1570 552 1619 putat
583 1567 660 1606 sibi
691 1568 861 1617 salvum,
891 1569 941 1606 ut
970 1567 1119 1607 iterum
1148 1568 1277 1620 neget.
1340 1567 1455 1607 dissi-

78 1629 209 1668 mules
228 1629 336 1678 licet,
354 1641 436 1668 non
461 1631 523 1668 est
546 1629 799 1667 innocentiae
824 1630 968 1678 metus,
993 1641 1085 1668 cum
1108 1630 1305 1667 timentur
1322 1629 1457 1667 aliena

24 1703 61 1731 ’,τι
77 1690 293 1729 tormenta.
343 1689 443 1740 quid
466 1691 527 1728 ait
552 1687 690 1728 dives?
740 1688 956 1728 orbitatem
985 1702 1118 1728 meam
1146 1688 1190 1727 in
1215 1689 1297 1728 tale
1330 1701 1455 1741 genus

78 1762 278 1800 usumque
314 1750 538 1800 convertet,
583 1751 617 1788 si
652 1751 814 1800 paterni
850 1749 1000 1789 doloris
1042 1750 1262 1789 auctoritas
1299 1749 1455 1789 facinus

79 1806 217 1863 (tibi)
234 1809 413 1862 inpingit
432 1809 639 1849 alienum?
681 1810 826 1849 deinde
843 1823 925 1850 non
944 1810 1030 1861 ipse
1048 1810 1167 1850 affers
1186 1811 1355 1860 eculeos,
1374 1823 1455 1849 non

78 1871 166 1922 ipse
191 1870 371 1922 disponis
395 1869 538 1923 ignes?
587 1870 758 1910 dicerem
783 1871 1029 1910 mehercules
1052 1872 1094 1910 te
1119 1871 1224 1910 velle
1254 1870 1455 1922 torqueri,

80 1944 154 1984 ego
193 1931 331 1971 scindo
367 1933 517 1981 vestes,
553 1933 601 1971 tu
636 1931 896 1982 intremiscis,
938 1945 1012 1984 ego
1053 1932 1105 1971 ad
1145 1932 1307 1984 flagella
1347 1931 1455 1971 nudo

25 2006 62 2034 so
80 2004 245 2043 corpus,
275 1994 317 2031 te
349 1992 449 2031 facit
478 1992 611 2043 pallor
642 1993 882 2042 exanimem,
914 2005 988 2044 ego
1020 1993 1194 2042 eculeos,
1230 2005 1304 2044 ego
1335 2005 1456 2043 posco

176 2111 198 2143 2
232 2106 439 2154 plurimum
473 2113 588 2150 Β1βσ
603 2108 709 2144 Dese.
724 2119 764 2154 p.
783 2110 834 2143 97
979 2107 1218 2154 voluptatum
1252 2107 1358 2144 Dess.

81 2159 103 2190 3
129 2159 278 2211 graciae
297 2156 451 2203 graciae
476 2162 504 2190 1
574 2159 595 2191 6
622 2155 818 2192 convenite
842 2163 871 2190 1
934 2159 956 2192 8
982 2156 1143 2192 saevitia
1160 2163 1199 2192 Β
1258 2156 1409 2192 occidat
1434 2162 1463 2190 V

83 2205 144 2240 11
154 2203 262 2240 dolor
283 2206 357 2240 est:
384 2203 552 2240 dolorem
578 2210 622 2239 Μ
693 2208 738 2240 14
763 2205 890 2240 venire
916 2211 945 2239 1·
1014 2208 1059 2240 16
1084 2205 1251 2241 facinus:
1276 2206 1319 2241 in
1338 2216 1454 2251 mar-9

79 2277 249 2313 subvooe
274 2287 298 2312 a
322 2282 360 2312 B
433 2280 477 2311 19
505 2263 739 2313 estimaren
810 2280 856 2312 25
882 2288 1023 2313 meam:
1051 2289 1176 2313 meum
1202 2287 1222 2321 ρ
1294 2277 1335 2313 in
1359 2276 1455 2313 tale·

81 2324 198 2361 vitale
224 2330 261 2360 P
340 2328 385 2360 27
411 2325 485 2361 tibi
510 2325 597 2361 add
618 2325 747 2371 Des-sq
771 2337 840 2362 om.
860 2341 890 2361 ω
965 2325 1091 2361 aufers
1116 2333 1149 2361 J
1219 2329 1265 2361 ‘28
1292 2325 1457 2361 dicerem

81 2373 206 2410 Dese..
232 2373 357 2409 dicere
384 2388 408 2408 α
433 2374 488 2420 (in
514 2373 589 2409 alio
614 2373 665 2410 hr
685 2355 747 2410 di‹':
772 2385 832 2410 me
856 2386 957 2421 supr
977 2377 1034 2421 no)
1054 2383 1095 2419 σς
1122 2374 1266 2410 discere
1292 2383 1328 2418 βς
1355 2373 1457 2430 dice-

81 2432 140 2458 res
164 2431 212 2464 ys
309 2425 355 2458 29
381 2422 617 2458 intremescis
641 2429 680 2459 Β
