1638 2560
147 115 205 159 46
617 109 762 146 MILES
788 106 1017 144 MARIANV
1020 106 1044 142 S

149 229 311 281 quidam
341 227 521 279 perditus
554 225 816 266 contumeliae
848 235 961 261 amor
992 233 1039 260 ac
1071 231 1227 259 summa
1263 216 1516 270 flagitiorum

148 291 333 340 voluptas
365 288 574 338 inquinare
604 286 789 325 honesta:
821 283 896 322 hoc
926 283 1061 332 ipsum
1094 279 1202 331 quod
1231 280 1386 330 primus
1419 279 1515 317 ante

150 353 265 402 signa
295 348 504 400 procurrit,
537 346 643 397 quod
671 347 879 385 veteranos
911 342 991 382 tiro
1022 340 1239 393 praecedit,
1270 338 1379 390 quod
1408 338 1516 378 redit

149 412 311 462 pulvere
349 411 389 448 et
425 421 563 448 cruore
601 407 826 455 concretus,
863 403 993 453 istud,
1029 401 1159 452 istud,
1198 400 1306 452 quod
1336 401 1423 439 tam
1453 399 1517 438 vir

150 474 218 510 est.
281 469 464 521 vulgaria
500 468 760 507 inritamenta
791 466 884 504 sunt
922 462 1157 514 cupiditatis
1194 461 1345 510 forma,
1384 460 1515 509 aetas3

151 531 362 583 singularis
399 542 461 568 res
494 530 554 567 est
584 527 700 567 fortis
740 525 993 566 concubinus.
1055 523 1148 562 illas
1181 522 1418 570 cicant-dces,
1442 520 1516 559 illa

150 592 333 640 vulnera,
373 590 445 628 illa
483 591 547 628 tot
587 588 752 627 eximiae
794 586 936 625 decora
973 584 1163 632 militiae,
1205 582 1302 633 quid
1343 593 1517 632 exequar

149 652 268 701 ultra,
305 648 549 700 imperator?
586 649 710 700 pudet
740 660 803 686 me
835 645 942 697 quod
976 643 1191 696 intellegis.
1254 644 1415 682 transeo
1448 640 1517 680 ob-

150 713 276 751 latam
306 710 458 750 nolenti
485 722 695 748 munerum
719 708 984 756 vacationem,
1016 707 1057 744 et
1080 702 1269 743 blandius
1296 715 1418 754 quam
1442 701 1515 740 mi-

150 772 262 811 litiae
300 771 511 821 disciplina
547 769 744 820 postulat,
784 767 993 806 adulatum
1023 764 1146 804 militi
1177 763 1404 813 tribunum,
1443 762 1517 801 im-

150 834 309 882 peratas
347 832 584 881 asperrimas
623 828 912 880 expeditiones,
956 828 1003 865 ut
1039 825 1353 874 remitterentur,
1386 835 1517 874 *saepe

153 892 318 942 ordinis,
351 904 467 941 saepe
500 890 721 929 adfinitatis
751 891 846 928 tuae
877 888 1073 926 iactatam
1105 887 1291 938 gratiam.
1355 883 1517 923 confite-

152 966 252 1002 mur,
292 951 332 991 C.
358 951 480 1000 Mari,
518 950 668 989 diutius
699 950 802 989 vixit
834 949 1025 987 obscenus
1058 948 1279 997 corruptor,
1311 945 1407 984 dum
1437 945 1519 984 ista

153 1013 266 1051 miles
292 1025 371 1051 non
395 1012 605 1062 intellegit.
655 1023 735 1049 non
764 1009 890 1048 audeo
917 1009 1059 1057 dicere,
1090 1008 1322 1058 imperator,
1354 1005 1518 1055 concipe

156 1075 286 1112 animo
317 1073 508 1122 temporis
539 1071 648 1110 illius
680 1071 874 1119 habitum,
905 1070 1079 1108 reforma
1111 1068 1377 1119 cogitationes
1407 1067 1518 1105 tuas:

153 1133 195 1171 in
234 1132 323 1171 aliis
366 1132 535 1171 forsitan
576 1132 704 1170 causis
748 1130 1006 1181 permittatur
1051 1128 1336 1180 indignitatem
1375 1126 1435 1166 rei
1475 1125 1519 1165 in

155 1193 332 1232 oratione
371 1205 626 1244 exaggerare,
668 1191 715 1230 de
751 1191 900 1229 iniuria
940 1192 1078 1229 nostra
1118 1189 1244 1228 latine
1284 1188 1399 1238 queri
1438 1199 1519 1226 non

154 1265 373 1303 possumus.
436 1253 678 1303 parcendum
718 1251 848 1290 verbis
890 1252 960 1290 est.
1022 1249 1240 1289 inhibenda
1281 1261 1431 1300 magna
1472 1260 1520 1286 ex

154 1315 267 1363 parte
286 1314 446 1352 veritas.
498 1312 853 1363 praevaricandum
877 1311 977 1350 mihi
1003 1313 1074 1360 est,
1101 1311 1135 1349 si
1159 1310 1355 1361 pudorem
1378 1308 1518 1348 habeo.

155 1374 322 1412 conlatis
355 1385 443 1412 cum
472 1374 586 1412 hoste
618 1373 854 1424 gravissimo
887 1372 1107 1411 comminus
1140 1371 1300 1420 castris,
1337 1382 1427 1408 cum
1458 1371 1519 1408 to-

154 1436 239 1472 tum
270 1433 418 1471 bellum
446 1433 616 1483 quodam
650 1445 790 1484 genere
823 1432 875 1471 ad
905 1432 1048 1483 pedem
1073 1432 1250 1471 venisset
1275 1432 1316 1470 et
1341 1430 1520 1469 omnium

154 1496 304 1532 mentes
324 1494 554 1532 inminentis
574 1506 732 1544 pugnae
752 1494 944 1544 cogitatio
963 1493 1157 1543 inplesset
1176 1491 1520 1531 circumfremente

156 1554 331 1604 undique
367 1554 536 1593 barbaro
568 1554 744 1603 ululatu,
781 1554 960 1592 Romano
998 1554 1121 1592 militi
1150 1565 1224 1603 pro
1256 1551 1364 1591 vallo
1405 1563 1520 1590 excu-

156 1613 270 1652 banti
312 1615 578 1652 meretriciam
622 1614 812 1652 obscenae
856 1613 1034 1652 libidinis
1083 1613 1326 1664 patientiam
1371 1611 1519 1662 aliquis

253 1719 272 1750 2
298 1715 471 1751 voluntas
498 1722 540 1750 Μ
614 1717 810 1751 honestam
843 1723 870 1750 V
963 1721 983 1751 3
1009 1716 1137 1752 reddit
1166 1722 1195 1750 V
1288 1719 1310 1750 4
1335 1715 1440 1750 istud
1466 1715 1519 1750 al-

157 1767 273 1799 terum
298 1775 364 1799 om.
391 1771 418 1798 v
485 1765 564 1799 tam
589 1776 689 1809 supr.
710 1771 747 1799 B
843 1768 863 1799 5
890 1766 947 1800 est
973 1776 1039 1800 om.
1061 1771 1106 1809 Β,
1133 1765 1175 1800 in
1199 1776 1316 1811 marg.
1337 1763 1423 1800 add.
1449 1770 1471 1798 b

155 1824 316 1894 uiigaria
340 1854 377 1882 Β
473 1812 651 1894 capillatis
683 1855 710 1882 V
804 1853 823 1883 6
851 1849 1026 1896 sigularis
1051 1856 1089 1884 Β
1185 1852 1206 1884 8
1237 1837 1361 1884 tr312¹seo
1388 1854 1425 1883 B

157 1900 177 1930 9
204 1895 364 1931 nolenti:
397 1895 538 1931 volenti
563 1904 602 1940 J,
629 1908 717 1932 corr.
739 1905 753 1930 i
850 1908 1063 1933 munerum:
1096 1908 1295 1932 numerum
1321 1903 1364 1931 ΙΙ
1456 1907 1520 1931 vo-

158 1944 348 1979 cacionem
367 1950 430 1978 Bo*
447 1945 550 1990 (corr.
571 1947 630 1990 1ι);
656 1945 875 1980 udationem
895 1952 937 1980 M
954 1947 1093 1992 (vocat-
1112 1948 1167 1992 m)
1244 1948 1289 1980 10
1316 1944 1521 1990 disciplina

157 2003 200 2028 ea:
231 2003 318 2027 —nae
346 1998 383 2026 Β
471 1992 640 2037 postulat
665 2004 731 2028 om.
752 2000 797 2038 Β,
823 2006 922 2040 supr.
950 2001 973 2028 b
1061 1994 1272 2030 tribunum:
1306 1993 1449 2028 trinum
1473 1998 1520 2036 Β,

156 2040 208 2075 bu
238 2041 280 2075 in
311 2051 424 2086 mary.
452 2040 537 2076 add.
565 2048 587 2074 b
687 2045 728 2075 11
761 2043 805 2076 ut
830 2053 895 2077 om.
918 2049 953 2076 P
1028 2042 1325 2079 remitterentur:
1361 2042 1521 2076 remete—

155 2099 234 2123 rem
252 2094 298 2132 B,
325 2099 414 2124 corr.
437 2095 477 2132 ⁶3
502 2088 781 2124 remittetentur
807 2096 856 2131 Μ,
882 2102 973 2126 corr.
993 2105 1035 2125 m
1110 2095 1154 2126 12
1181 2089 1412 2126 adfinistatis
1437 2095 1474 2124 Β

156 2136 355 2171 iactatam:
383 2137 423 2171 at
441 2138 483 2172 in
502 2148 573 2172 ras.
589 2143 625 2172 B
684 2138 944 2173 confitebimur
968 2146 1002 2173 ,1
1066 2143 1109 2174 13
1136 2138 1163 2175 C
1184 2150 1252 2174 om.
1266 2144 1313 2184 Β,
1332 2149 1434 2184 supr.
1449 2145 1472 2172 b

158 2185 360 2230 conruptor
384 2190 435 2228 Β,
462 2196 551 2220 corr.
574 2192 597 2218 ὃ
708 2189 751 2220 15
777 2186 917 2231 teporis
948 2193 976 2220 V
1080 2187 1227 2223 abitum
1251 2193 1298 2231 Β,
1323 2186 1350 2221 h
1374 2197 1476 2232 supr.
1498 2193 1521 2220 b

158 2236 203 2268 16
234 2231 407 2268 forsitam
433 2238 476 2266 M
568 2233 608 2267 in
640 2234 823 2269 oratione:
857 2235 897 2269 in
928 2235 1122 2282 oratione}
1153 2237 1205 2282 (m
1230 2236 1293 2281 er.)
1313 2240 1365 2279 Β;
1397 2245 1521 2270 mora—

155 2282 268 2340 ffionsss
294 2310 337 2340 M
408 2308 450 2339 17
479 2315 678 2351 exagerare
704 2312 749 2350 Β,
775 2318 864 2342 corr.
887 2314 910 2340 ὃ
984 2307 1055 2354 de}
1078 2315 1116 2343 Β
1187 2308 1342 2354 nostra}
1366 2309 1405 2353 (n
1425 2319 1472 2343 er.
1487 2306 1520 2353 ,9)

155 2359 193 2388 Β
231 2401 237 2408 ·
275 2357 331 2408 18.
345 2353 412 2408 θεὲ.
427 2353 549 2388 verbis
577 2362 595 2395 β
687 2357 728 2388 19
756 2355 1060 2399 privaricandum
1086 2363 1123 2391 P
1213 2359 1258 2392 20
1286 2356 1460 2391 cumlatis
1485 2361 1524 2390 Β

157 2405 201 2437 22
227 2402 434 2437 lmmmetls
465 2407 493 2435 1⁷
586 2405 630 2436 24
655 2402 866 2437 metriciam
893 2410 942 2448 M,
969 2416 1059 2440 corr.
1080 2419 1121 2439 m

1537 776 1573 803 10

1539 1080 1574 1107 15

1539 1383 1576 1409 20
