1638 2560
216 118 300 161 116
653 112 890 150 CORPORIS
917 110 1144 148 PROIECTI

210 234 350 272 tamen
394 230 544 270 omnia:
589 231 629 268 et
668 241 758 267 cum
802 227 989 267 adsiduos
1032 226 1219 276 planctus
1257 227 1299 265 et
1337 224 1585 276 inrequietas

212 292 365 331 diceret
390 292 587 340 lacrimas,
612 288 829 328 adiciebat:
862 284 960 327 ‘iam
984 299 1112 337 paene
1138 299 1256 326 caeca
1281 287 1352 326 est.
1403 286 1585 335 fortasse,

213 354 248 392 si
279 352 457 400 redieris,
488 350 654 389 videbit.
704 351 747 387 in
780 361 952 387 summa:
984 360 1065 386 non
1095 346 1247 386 recedo.
1299 347 1361 386 fas
1394 347 1456 386 est
1485 345 1586 385 mihi

213 413 337 452 etiam
367 412 507 450 invitis
538 409 772 461 parentibus
803 411 868 460 pie
899 409 1041 447 facere.
1104 420 1186 447 non
1215 406 1368 446 recedo.
1431 407 1467 446 si
1497 419 1586 458 per-

213 484 388 521 severas,
426 472 563 510 demus
595 471 739 521 piratis
778 470 944 508 lucrum.
1008 470 1080 507 aut
1110 468 1286 507 vicarius
1318 480 1385 506 ero
1418 468 1491 506 aut
1522 479 1584 507 co·
1625 481 1638 508 5

210 530 320 572 mes.'
380 533 576 582 quantum
606 532 712 570 inter
742 529 840 569 haec
872 527 1013 569 flevit?
1046 527 1239 579 quamdiu
1271 527 1417 568 cecidit
1449 527 1585 567 oculos

212 591 331 632 suos?
381 594 416 631 si
440 603 766 642 perseverassem,
798 590 896 629 duos
923 602 1240 629 excaecaveram.
1292 589 1587 640 obstupuerunt

211 654 361 704 pietate
393 654 509 691 tanta
534 652 657 691 etiam
688 651 877 700 latrones,
910 653 950 700 et
974 663 1046 700 per
1074 649 1301 689 immobiles
1327 651 1422 689 ante
1447 649 1585 688 vultus

210 714 327 753 fietus
360 713 545 751 cucurrit.
608 725 688 750 11011
719 712 943 750 tenuissent
975 711 1146 750 sortasse
1178 711 1382 760 iuvenem,
1414 709 1495 750 nisi
1524 723 1585 749 re-

211 773 440 824 dempturos
471 774 658 823 parentes
690 772 815 810 talem
852 771 982 810 filium
1014 770 1286 810 credidissent.
1348 771 1435 822 ipse
1467 770 1511 809 in
1543 782 1584 809 se
1604 784 1638 811 10

210 834 420 873 transtulit
462 834 611 872 ferreos
655 845 797 882 nexus,
842 834 882 871 et
925 832 1096 870 hilarior
1140 831 1333 883 alligatus
1373 832 1434 870 est
1476 830 1584 870 filius

211 907 333 944 quam
364 894 520 933 solutus
547 894 607 932 est
638 894 763 943 pater.
814 904 1045 943 supremum
1069 894 1207 931 tamen
1233 893 1274 931 et
1293 913 1352 918 —
1371 891 1505 931 nefas!
1525 912 1586 918 —

212 954 253 993 in
292 955 497 993 aeternum
533 967 596 992 me
634 954 716 992 iam
754 953 949 992 catenatis
988 952 1174 992 manibus
1211 952 1436 1003 amplexus,
1473 953 1585 1003 post-

214 1028 334 1065 quam
358 1014 437 1053 mei
462 1026 557 1052 cura
583 1014 830 1064 discesserat,
857 1010 1072 1063 ‘matrem’,
1099 1013 1244 1064 inquit,
1271 1009 1366 1052 ‘tibi
1388 1026 1462 1064 per
1485 1013 1585 1052 haec

212 1075 357 1113 merita
388 1074 630 1114 commendo.
692 1076 739 1113 tu
769 1074 885 1112 illam
915 1076 1045 1124 tuere,
1078 1073 1264 1124 defende,
1297 1086 1407 1124 ama,
1445 1086 1495 1112 ne
1525 1086 1586 1112 re·
1607 1086 1638 1113 15

213 1136 359 1185 linque.
423 1136 479 1174 sic
514 1136 629 1185 paria
667 1134 869 1174 faciemus.
932 1135 1017 1173 11110
1054 1136 1101 1173 tu
1140 1135 1217 1174 eris
1249 1133 1423 1173 vicarius
1462 1145 1588 1183 meus,

214 1196 250 1235 si
279 1195 377 1233 haec
413 1195 564 1234 feceris.
626 1208 707 1234 11011
742 1196 938 1234 irascetur
975 1196 1075 1234 mihi
1112 1195 1284 1235 fortasse
1315 1196 1447 1234 mater
1479 1194 1588 1245 quod

169 1257 188 1292 7
216 1255 266 1294 ab
304 1255 376 1294 illa
413 1252 583 1294 recessi.'
647 1256 704 1295 sic
740 1256 783 1294 in
814 1255 951 1295 navim
981 1255 1057 1294 fflii
1087 1250 1166 1294 mei
1197 1256 1302 1294 male
1334 1256 1588 1307 permutatus

214 1317 360 1364 vector,
397 1317 582 1366 imponor
613 1317 653 1355 et
685 1328 764 1366 qua
795 1317 927 1355 visum
958 1316 1065 1356 oculi
1095 1316 1310 1365 dederunt,
1350 1315 1403 1355 ad
1432 1315 1588 1366 piratas

215 1390 235 1415 e
272 1389 405 1426 puppe
443 1377 671 1426 prospecto3
712 1389 834 1415 curva
871 1376 992 1415 litora
1030 1378 1071 1415 et
1108 1377 1349 1416 immensum
1390 1375 1587 1415 sideribus
1607 1389 1638 1416 2⁰

214 1437 362 1474 fretum
394 1437 434 1475 et
464 1437 631 1476 turritos
669 1436 830 1475 urbium
867 1437 1050 1487 scopulos
1084 1439 1193 1476 retro
1231 1438 1333 1489 lego.
1396 1438 1588 1476 miserum

214 1510 289 1545 me,
321 1497 515 1546 quamdiu
547 1510 570 1534 a
601 1497 745 1547 piratis
778 1497 900 1536 etiam
932 1496 1176 1550 navigatur?
1226 1497 1422 1536 mandata
1451 1498 1590 1536 tamen

176 1576 178 1578 -
215 1558 306 1606 tua,
342 1556 418 1607 fili,
455 1569 622 1608 perago,
661 1557 810 1607 assido,
847 1560 1039 1597 sustento.
1101 1559 1224 1597 immo
1263 1557 1509 1597 mehercules
1539 1559 1590 1597 tu

218 1616 386 1666 assides,
417 1616 494 1666 fili,
529 1618 575 1655 tu
607 1618 797 1667 sustines,
834 1620 1000 1668 propter
1032 1632 1151 1669 quem
1181 1618 1281 1657 mihi
1314 1618 1438 1657 etiam
1468 1619 1589 1657 huius

218 1676 452 1726 propensior
484 1690 577 1716 cura
609 1679 679 1716 est.
742 1678 837 1716 dum
867 1679 1047 1718 recedere
1080 1679 1130 1718 ab
1162 1692 1285 1718 uxore
1317 1679 1431 1729 nolo,
1460 1678 1591 1718 filium
1610 1692 1638 1719 25

219 1749 299 1776 non
324 1736 482 1776 redemi.
534 1738 577 1776 at
608 1738 724 1776 illum
755 1739 917 1777 interim
949 1739 1094 1778 cotidie
1127 1740 1227 1779 situs
1259 1740 1429 1779 carceris
1461 1741 1591 1779 stran-

220 1797 347 1848 gulat,
378 1796 558 1836 insidunt
585 1798 739 1837 ossibus
771 1800 948 1848 catenae,
981 1800 1208 1850 exemplum
1233 1800 1383 1839 saeculi
1410 1800 1454 1838 in
1479 1812 1591 1851 myo-

218 1869 370 1907 parone
401 1857 580 1896 moritur.
631 1860 771 1907 mater,
803 1859 884 1897 iarn
910 1860 1007 1898 satis
1034 1862 1105 1910 est,
1136 1860 1259 1900 habes
1291 1873 1441 1911 poenas
1469 1873 1590 1911 super

219 1917 359 1968 legem.
422 1917 655 1967 sepelissent
691 1919 815 1957 talem
852 1919 983 1958 virum
1021 1921 1145 1960 etiam
1181 1922 1261 1972 ipsi
1298 1921 1473 1971 piratae,
1511 1920 1592 1960 nisi

220 1989 286 2016 eos
338 1977 579 2016 conscientia
626 1979 819 2017 scelerum
862 1982 1071 2031 metusque
1122 1994 1343 2032 poenarum
1387 1981 1437 2020 ab
1482 1981 1638 2022 01111113(

321 2167 338 2198 1
366 2152 556 2209 inredetas
582 2171 618 2199 B
703 2169 723 2200 6
751 2165 883 2202 cicidit
906 2173 943 2201 B
1027 2171 1047 2202 9
1074 2169 1335 2215 redempturos
1361 2181 1406 2206 em
1431 2180 1531 2206 -ores
1555 2175 1594 2205 B

225 2215 268 2247 12
295 2222 425 2258 quam:
453 2213 554 2258 quod
580 2220 616 2248 Ρ
713 2218 755 2249 13
783 2215 984 2251 catenatis:
1013 2217 1156 2253 catenis
1176 2224 1228 2262 B3
1254 2218 1295 2252 in
1320 2218 1491 2254 cathenis
1518 2217 1593 2264 (vel

222 2259 264 2295 in
289 2260 501 2296 cathenatis
526 2263 580 2307 m)
607 2268 651 2296 Μ
721 2265 765 2297 17
791 2262 968 2298 irascitur
998 2271 1027 2298 V
1102 2269 1145 2301 18
1171 2277 1307 2301 navem
1332 2281 1362 2301 ω
1382 2270 1532 2313 praeter
1556 2272 1594 2301 B

224 2311 270 2344 20
296 2319 410 2344 curva.
429 2308 558 2344 litora:
581 2311 804 2346 curvantora
822 2317 892 2346 BV
960 2312 1201 2349 immensum:
1221 2325 1436 2350 remensum
1455 2315 1591 2351 Ascen-

222 2357 318 2402 siu83
350 2367 541 2392 emensum
566 2357 645 2394 Sch.
769 2362 814 2394 23
842 2359 989 2395 assideo
1017 2369 1038 2395 ς
1160 2366 1204 2397 26
1233 2362 1450 2408 transgulat
1473 2369 1503 2398 V

225 2407 268 2440 27
295 2404 336 2441 in
360 2416 589 2451 myoparone
614 2418 682 2442 om.
709 2413 737 2441 V
756 2408 799 2442 in
825 2408 978 2453 ῖαειιηας
1004 2409 1044 2444 111
1069 2420 1152 2446 11100
1179 2413 1338 2457 patrono
1366 2417 1410 2446 M
