1638 2560
203 120 292 162 412
627 115 885 152 EXOERPTA
910 113 1151 151 PAR-ISINA.

209 234 248 274 Ο.
277 236 373 273 esto.
425 232 493 272 sed
518 232 611 271 deos
631 234 767 279 testor,
795 243 863 268 cur
889 242 970 267 non
989 227 1184 269 divertis?
1240 241 1447 280 nunquam
1471 228 1576 268 diffi-

206 295 320 333 cilius
347 292 567 332 dimittitur
591 292 772 331 triticum
799 303 919 340 quam
940 289 1046 339 apud
1071 290 1231 329 famem.
1288 290 1338 328 L.
1358 291 1578 341 tempestas

205 357 248 393 in
274 368 400 392 unum
426 353 572 405 agebat
598 352 800 403 angulum.
861 350 902 390 Ο.
923 353 970 389 tu
996 362 1085 389 cum
1111 351 1351 401 tempestate
1376 350 1420 389 in
1444 351 1578 401 proxi-

206 429 314 453 mum
361 415 494 453 locum
540 412 790 464 naufragare.
857 411 907 449 L.
940 423 1058 461 rupes
1103 410 1279 461 undique
1319 411 1578 463 naufragium

207 476 335 514 solum
367 474 569 513 vetabant.
629 473 669 512 C.
696 485 790 511 sane
823 473 983 522 portum
1015 472 1142 521 intra,
1180 471 1249 511 sed
1277 483 1469 523 repugna.
1525 471 1576 510 L.
1615 484 1633 511 5

205 548 345 585 pacem
382 534 682 586 promittebant.
743 532 783 572 Ο.
811 545 880 571 cur
922 532 1066 571 saltem
1106 545 1185 571 non
1227 530 1471 582 impertisti?
1526 532 1577 571 L.

206 595 394 634 volebant
434 596 565 633 totum
603 607 742 632 emere.
805 592 997 632 nolebant
1037 592 1164 644 gratis
1202 594 1360 644 partem
1390 592 1578 643 recipere.

205 656 399 695 famelicis
432 668 498 695 aes
530 655 631 693 nihil
664 656 733 693 est.
794 653 834 693 0.
861 655 907 692 tu
939 666 1032 692 vero
1065 655 1247 693 nostrum
1285 653 1352 704 qui
1386 665 1506 692 ausus
1539 666 1580 693 es

206 715 402 755 vendere?
467 716 515 754 L.
546 715 651 754 fame
697 714 947 754 laborabant.
998 715 1138 764 timui,
1179 727 1229 752 ne
1269 715 1468 765 raperent.
1537 713 1579 754 G.

205 789 468 827 nequaquam.
536 777 609 826 qui
650 777 754 814 enim
797 775 938 825 quanti
979 775 1085 824 vult,
1126 774 1284 824 vendit,
1324 775 1459 825 potest
1498 787 1580 813 non
1600 786 1636 814 ιο

205 837 384 876 vendere.
452 837 522 886 qui
563 836 684 887 duplo
727 836 841 884 emit,
883 848 962 874 non
1003 835 1171 875 festinat
1209 847 1362 886 rapere.
1428 834 1478 873 L.
1505 847 1580 887 ego

207 900 310 937 certe
343 897 412 936 diu
444 898 565 936 nolui.
627 896 668 935 Ο.
696 899 735 935 et
766 909 838 935 nos
869 896 940 935 illo
973 895 1043 934 diu
1075 896 1314 947 perivimus,
1347 897 1387 935 et
1418 895 1582 935 tandem

206 958 381 997 voluisti.
444 958 493 996 L.
520 958 603 995 iam
643 970 784 1007 rapere
825 956 1099 996 susurrabant.
1165 956 1206 996 0.
1232 958 1280 996 tu
1310 958 1460 1007 patere.
1511 958 1583 996 aut

206 1019 266 1056 illi
299 1018 453 1068 aliquid
485 1018 598 1056 nobis
630 1018 914 1067 relinquerent,
947 1019 1020 1056 aut
1050 1019 1097 1056 tu
1128 1017 1243 1057 nobis
1274 1017 1443 1057 iniurias
1474 1018 1583 1056 retu-

206 1080 338 1129 lisses3
364 1079 484 1117 citius
512 1077 562 1116 ad
588 1078 690 1116 illud
710 1079 965 1127 venissemus,
993 1091 1114 1128 quam
1132 1079 1179 1117 tu
1204 1091 1295 1118 cum
1319 1078 1392 1117 illo
1412 1077 1579 1117 rediisti.
1604 1089 1636 1118 125

206 1140 255 1178 L.
283 1153 363 1178 non
395 1152 523 1189 aequa
564 1141 651 1178 erat
682 1139 794 1178 vobis
836 1152 926 1178 cum
957 1139 1040 1178 illis
1078 1151 1225 1190 pugna.
1285 1137 1327 1178 G'.
1355 1139 1399 1178 at
1439 1138 1583 1178 saltem

207 1202 294 1238 erat
324 1200 423 1238 bene
454 1200 568 1238 mori.
626 1199 675 1237 L.
706 1213 786 1238 non
818 1202 1038 1249 succurret,
1079 1199 1123 1237 P.
1159 1197 1214 1248 C,
1255 1198 1361 1249 quod
1394 1197 1444 1238 ad
1476 1198 1583 1238 diem

206 1259 326 1299 veni?
380 1260 420 1299 Ο.
447 1260 522 1298 hac
547 1260 674 1311 igitur
698 1261 855 1299 ratione
876 1262 1055 1299 moratus
1082 1272 1140 1298 es:
1173 1259 1350 1298 nondum
1370 1261 1458 1298 erat
1481 1260 1582 1298 tem-

208 1334 293 1371 pus.
344 1320 411 1359 sed
437 1320 578 1359 reddo:
605 1333 748 1370 nonne,
775 1322 809 1359 si
834 1321 942 1359 ultra
967 1322 1126 1371 tempus
1153 1320 1344 1369 stetisses,
1372 1320 1434 1359 ira
1458 1320 1582 1360 maris

208 1380 285 1420 tibi
316 1379 560 1432 profuisset?
617 1394 687 1420 cur
726 1381 841 1420 nobis
882 1381 988 1420 infra
1028 1383 1186 1431 tempus
1229 1381 1466 1431 obsequium
1496 1381 1582 1419 eius
1601 1393 1638 1420 no

208 1441 394 1492 prodesse
414 1454 494 1480 non
513 1440 674 1492 potuit?
731 1442 780 1480 L.
800 1442 906 1480 hunc
924 1442 1026 1480 mihi
1051 1441 1158 1480 diem
1176 1440 1355 1480 dedistis.
1415 1440 1456 1482 0.
1477 1442 1584 1481 certe

208 1503 249 1540 in
287 1502 384 1541 haec
422 1501 562 1540 verba:
601 1503 706 1541 fame
732 1502 979 1552 laboramus,
1012 1502 1183 1541 salutem
1219 1501 1424 1552 publicam
1457 1501 1582 1541 vehis.

210 1563 387 1601 omnium
407 1564 538 1601 tecum
558 1564 754 1614 navigant
774 1563 941 1602 animae.
987 1563 1145 1602 festina.
1182 1563 1262 1601 nisi
1275 1562 1327 1601 ad
1338 1562 1456 1601 illum
1477 1561 1584 1602 diem

208 1623 376 1671 veneris,
407 1623 509 1661 nihil
540 1623 638 1674 agis.
695 1624 741 1661 tu
773 1626 987 1674 exspectas.
1045 1635 1117 1663 nos
1150 1622 1337 1674 perimus.
1393 1622 1443 1661 L.
1470 1622 1582 1674 igno-

208 1682 347 1721 rabam
385 1683 538 1722 cladem
608 1683 649 1722 0.
676 1696 755 1722 non
797 1686 927 1734 potes,
970 1697 1060 1723 cum
1097 1684 1203 1723 fame
1245 1685 1456 1735 gravatam
1487 1682 1583 1722 civi·
1603 1693 1638 1727 aa

209 1744 335 1782 tatem
367 1743 722 1793 praenuntiaveris.
779 1746 824 1782 tu
856 1744 969 1783 illam
1002 1745 1151 1795 pasci8‚
1181 1756 1254 1783 nos
1282 1745 1429 1784 nostris
1459 1743 1584 1783 vesci·

210 1817 309 1841 mur.
372 1816 451 1842 non
488 1803 675 1843 habitant
711 1817 791 1843 una
829 1805 958 1872 pudor
1005 1806 1046 1844 et
1086 1805 1224 1844 fames
1280 1804 1385 1844 feras
1423 1804 1584 1844 feritate

212 1863 446 1903 excedimus.
503 1865 718 1914 unicuique
750 1877 823 1904 sua
853 1866 987 1917 imago
1020 1867 1160 1905 sancta
1192 1866 1263 1905 est.
1319 1865 1449 1915 primo
1481 1863 1584 1903 nihil

211 1924 423 1975 derogant,
463 1924 543 1963 nisi
573 1926 702 1964 totam
742 1921 820 1977 [in]
857 1926 1126 1976 sepulturam,
1167 1925 1309 1965 deinde
1349 1924 1584 1964 beneficium
1637 1920 1638 1923 '

212 1986 272 2022 est
303 1985 550 2034 exspectare,
590 1985 684 2024 dum
724 1987 904 2024 moritur.
963 1986 1092 2025 adhuc
1130 1998 1254 2038 negas
1293 1985 1583 2036 rempublicam
1602 1987 1638 2031 ad

212 2057 295 2084 esse
326 2044 487 2083 laesam.
544 2047 663 2083 recte.
719 2058 799 2084 non
833 2048 893 2086 est
917 2046 1038 2096 laesa,
1071 2047 1167 2097 quia
1198 2047 1289 2098 plus
1322 2059 1443 2096 quam
1475 2046 1584 2084 laesa
1632 2057 1638 2106 ἐ

212 2107 280 2144 est
338 2117 418 2143 non
451 2106 511 2144 est
535 2105 772 2156 respublica,
806 2107 900 2155 quia
932 2119 1012 2146 non
1041 2107 1123 2146 iam
1154 2120 1217 2146 res
1250 2109 1320 2146 est.
1377 2106 1427 2145 L.
1455 2105 1585 2145 adhuc
1621 2107 1638 2176 ἐζ

242 2181 370 2183 Α--ψ
1631 2181 1638 2204 4

308 2223 329 2254 3
355 2220 544 2265 potestate
575 2226 637 2255 VB
719 2224 741 2254 4
766 2231 895 2266 rarpes
925 2228 1027 2257 RVB
1111 2226 1132 2257 5
1159 2222 1314 2257 solitum
1339 2227 1376 2257 R
1462 2223 1506 2256 17
1534 2220 1585 2255 ad
1630 2206 1638 2271 ξ

212 2268 329 2303 diem:
357 2268 503 2303 addicit
529 2274 578 2312 P,
605 2268 721 2303 addi&
749 2275 789 2312 νς
821 2281 889 2305 om.
910 2275 947 2303 B
1093 2274 1137 2305 18
1164 2270 1347 2306 nondum:
1378 2268 1495 2304 fidum
1526 2274 1588 2307 VR
1624 2273 1638 2315 ’1

211 2320 256 2351 23
282 2317 425 2351 tecum:
457 2327 581 2352 rerum
608 2322 713 2352 RVB
807 2317 965 2363 navigas
992 2318 1092 2353 diem
1120 2325 1156 2354 R
1255 2317 1364 2354 illum
1389 2329 1457 2354 om.
1482 2322 1588 2353 nvn

210 2368 256 2447 Ξῖ)
281 2366 409 2410 potest
432 2370 494 2399 VB
585 2368 630 2400 26
658 2377 709 2400 an
728 2366 1085 2412 praenavigaveris?
1184 2370 1228 2402 27
1254 2365 1485 2402 habitabant
1503 2371 1541 2400 P
1579 2400 1581 2402 .
1604 2318 1638 2560 j

227 2412 408 2449 erocitate
439 2419 499 2448 VB
