1638 2560
392 101 712 139 DECLAMATIO
736 101 807 138 XV
827 106 872 138 14
896 101 984 138 XVI
1004 106 1107 138 1—2.
1352 101 1439 146 291

157 217 265 268 Etsi,
301 217 546 257 sanctissimi
576 218 673 266 viri,
710 217 807 256 olim
838 229 975 256 omnes
1006 215 1146 256 videor
1175 217 1443 256 humanorum
1468 217 1490 253 1

66 280 276 329 pectorum
307 277 487 318 adfectus
517 279 562 317 in
587 278 716 317 solam
746 277 971 317 amicitiam
996 277 1213 317 contulisse
1238 279 1279 317 et
1308 278 1446 328 patior

66 338 264 386 invidiam
299 337 473 378 hominis
511 338 583 389 qni
619 337 696 377 sibi
739 351 820 378 non
857 338 1085 388 reliquerit,
1130 340 1176 376 ut
1213 340 1368 378 amaret
1404 340 1446 377 et
1464 376 1472 384 ,

66 401 251 450 matt-em,
281 399 467 450 quotiens
490 400 627 438 tamen
653 400 883 438 universam
912 399 1079 449 pietatis
1104 411 1217 437 meae
1242 399 1444 438 conscien-

30 473 49 500 5
67 459 171 506 tin-m
205 460 379 510 intueor,
404 460 465 504 „in
501 472 584 510 qua.
622 460 836 498 minimum
878 461 940 498 est
983 458 1091 510 quod
1134 459 1274 498 videor
1316 459 1444 499 bonus

67 521 239 571 amicus,
274 532 357 560 non
386 533 552 571 possum
581 533 663 559 non
693 519 798 559 hanc
827 521 1002 570 primam
1037 520 1245 560 electionis
1281 520 1443 560 nomae

67 581 302 632 conplorare
339 581 564 630 fortunam,
602 580 710 631 quod
739 580 842 619 mihi
871 592 1031 620 necesse
1062 582 1123 619 est
1160 582 1232 619 aut
1270 581 1445 620 amicum

67 641 292 692 relinquere
323 642 396 680 aut
425 643 607 680 matrem.
670 641 847 690 facinus,
885 641 1128 681 severissimi
1158 641 1255 691 visi,
1286 641 1444 681 facinus

66 701 115 741 fit
142 701 495 753 inpatientissimis
526 701 750 741 adfectibus
780 703 881 741 meis
913 701 1021 752 quod
1053 703 1231 742 succurri
1260 714 1342 740 non
1372 715 1444 752 po-

11 775 48 803 1⁰
65 764 148 802 test
171 762 337 802 duobus.
388 761 545 802 excedit
568 774 728 802 omnem
749 762 936 812 querelae
961 774 1074 802 meae
1100 762 1446 813 conplorationem

65 823 176 875 quod
210 825 298 863 tam
328 823 497 863 diversis
527 836 709 862 meorum
746 822 956 862 conatibus
987 822 1156 862 adversa
1188 822 1443 873 conveniunt,

65 886 113 923 ut
143 883 283 923 videar
311 883 470 936 eligere.
521 883 618 934 quid
650 896 730 923 non
761 883 899 922 darem
930 884 1054 923 miser
1083 896 1157 934 pro
1188 884 1277 923 luce
1301 885 1444 923 matris

66 945 150 995 qui,
180 946 228 983 ut
256 944 371 984 illam
400 943 591 994 viderem,
627 945 800 983 amicum
831 942 950 984 dedi?
1010 943 1131 983 fidem
1161 946 1351 995 vesuam,
1382 945 1443 983 iu-

65 1004 192 1055 dices,
228 1018 279 1044 ne
309 1006 418 1044 inter
446 1005 643 1044 maximas
674 1004 932 1044 necessitates
963 1007 1104 1056 pereat
1134 1017 1230 1044 usus
1267 1004 1443 1044 hominis

10 1078 46 1105 1⁶
65 1067 136 1116 qui
173 1067 342 1116 paratus
379 1066 440 1104 est
477 1064 632 1104 duobus
669 1064 844 1115 inpendi.
906 1066 991 1104 iam
1021 1065 1086 1105 hic
1119 1067 1180 1104 est
1215 1067 1305 1105 tota
1334 1067 1443 1104 ratio

65 1126 319 1174 clementiae,
355 1139 406 1165 ne
442 1124 502 1164 ibi
537 1139 601 1164 me
639 1125 873 1175 detineatis,
910 1125 980 1164 ubi
1018 1138 1099 1165 non
1132 1139 1308 1176 prosum.
1370 1138 1443 1165 nec

65 1186 293 1236 dissimulo,
328 1186 573 1226 sanctissimi
603 1186 699 1236 viri,
736 1186 914 1237 perferre
938 1199 1003 1225 mc
1034 1199 1125 1226 cum
1152 1188 1325 1226 maxime
1357 1188 1443 1226 tam

63 1246 312 1287 incredibilis
343 1247 517 1298 exempli
547 1246 679 1296 fidem,
711 1250 757 1285 nt
787 1259 868 1287 non
898 1248 1103 1286 immerito
1134 1247 1286 1297 possim
1314 1247 1443 1287 videri

65 1319 154 1346 cum
185 1310 315 1347 matre
346 1307 571 1347 conludere.
627 1320 701 1360 ego
732 1307 872 1347 videor
903 1308 1149 1359 excogitasse
1181 1308 1305 1347 istum
1337 1308 1443 1347 colo-

9 1381 47 1408 no
63 1380 169 1418 rem,
206 1372 248 1407 et
283 1368 358 1408 hoc
396 1368 505 1419 quod
541 1368 734 1417 detineor,
772 1368 974 1408 amicitiae
1011 1370 1179 1407 vocatur
1215 1367 1440 1408 infirmitas.

63 1429 320 1479 miseremini,
344 1428 508 1478 iudices,
532 1429 730 1479 temptate
755 1442 819 1468 me
845 1431 885 1467 et
911 1428 1117 1468 dimittite.
1168 1441 1221 1468 an
1246 1428 1442 1468 voluerim

62 1490 223 1539 reverti,
256 1489 355 1529 scire
386 1502 467 1528 non
499 1490 681 1539 potestis,
712 1489 809 1541 nisi,
821 1491 1011 1528 revertor.
1081 1530 1090 1540 ,

154 1549 280 1599 Illud,
317 1549 560 1590 sanctissimi
590 1549 760 1599 iudices,
790 1549 894 1588 illud
922 1550 1102 1589 adfectus
1133 1562 1242 1589 meos
1273 1551 1438 1600 torquet
1461 1548 1487 1584 2

64 1622 111 1649 ac
140 1610 294 1650 lacerat
319 1610 426 1660 quod
457 1611 532 1650 sim
563 1612 721 1662 ingenti
752 1612 1028 1661 expectatione
1053 1610 1253 1661 deceptus.
1303 1622 1438 1661 spera-

9 1684 44 1711 25
63 1683 201 1710 veram
226 1671 422 1720 futurum,
450 1672 497 1710 ut
520 1670 595 1710 hoc
620 1671 708 1710 loco
734 1684 819 1710 rem
842 1683 1034 1723 magnam
1059 1671 1211 1710 faceret
1236 1673 1276 1711 et
1300 1674 1440 1710 mater.

63 1821 193 1858 thema
220 1823 349 1867 (mimo
369 1822 475 1868 picta
500 1824 546 1867 P)
663 1813 837 1858 EXPLIC
862 1812 965 1858 ARG
992 1811 1088 1859 icff’
1112 1821 1252 1859 AMICI
1276 1821 1440 1858 VADES

64 1872 106 1906 in
134 1882 246 1917 mar-9.
270 1869 434 1926 ‚CAVSUA
459 1869 587 1905 XVIIa
613 1872 739 1907 omm'a
764 1872 880 1907 minio
899 1872 1006 1927 picta
1032 1877 1076 1906 ,ΙΙ
1225 1918 1233 1926 .

63 1978 131 2004 om.
152 1924 193 2011 V1;
209 1918 598 2003 effa—hffiicmmesstigg
616 1918 980 2014 gdrssgggssgeeffidnzc
990 1920 1156 2004 {rigam
1163 1920 1441 2022 {ztgiituegi'nflzllss

65 2017 221 2059 sentem,
247 2026 376 2052 omnes
401 2015 532 2052 videor
556 2019 618 2052 eet.
639 2022 690 2059 M,
716 2018 758 2052 in
779 2028 892 2064 mary.
920 2016 960 2052 in
981 2016 1068 2052 aliis
1093 2016 1203 2052 libris
1224 2016 1278 2051 sic
1304 2016 1441 2061 incipi-

63 2065 126 2099 tur
151 2074 268 2100 cansa
299 2064 371 2099 etsi
402 2068 464 2100 ect.
489 2078 549 2108 ηις
581 2064 632 2099 tsi
664 2070 690 2099 S
822 2069 843 2100 2
873 2066 1094 2112 {pectorum
1128 2067 1296 2112 (corpore
1328 2066 1392 2110 er.)
1417 2070 1446 2098 t·

64 2140 85 2172 3
111 2135 335 2183 relissquerit
360 2143 398 2172 B
468 2141 491 2172 4
518 2137 693 2183 quotiens
718 2143 756 2172 Β
828 2142 849 2173 5
875 2137 995 2173 benus
1016 2144 1054 2172 Β
1126 2141 1147 2172 6
1172 2125 1307 2183 pegam
1332 2143 1370 2171 Β

2 2195 10 2216 ’·.
62 2195 217 2231 possum
242 2185 342 2221 hanc
368 2191 396 2219 t*
478 2186 623 2221 vestrae
649 2191 686 2220 Β
783 2189 827 2221 10
853 2185 1020 2232 querelle
1045 2192 1083 2221 Β
1180 2191 1222 2221 11
1251 2185 1353 2231 quod
1379 2196 1438 2220 me

63 2234 90 2268 t.
118 2247 143 2268 α
224 2235 353 2269 tamen
377 2239 448 2268 ΒΥ
542 2237 585 2269 12
612 2236 656 2269 ut
680 2245 754 2270 non
779 2234 910 2270 videar
935 2234 1032 2270 scire
1057 2233 1197 2281 eligere
1224 2240 1266 2269 J!
1309 2273 1322 2288 ι
1346 2233 1438 2278 quid

64 2287 122 2326 13
147 2281 249 2327 quod
275 2282 411 2327 reliqui
485 2285 528 2317 16
554 2282 696 2328 prosim
723 2291 742 2325 β
818 2286 860 2318 17
888 2283 1055 2329 proferre
1076 2291 1098 2317 ς
1169 2282 1325 2317 maximi
1346 2291 1367 2315 ς

63 2355 192 2389 tamen
212 2369 254 2399 23
274 2356 355 2389 tum
377 2363 398 2389 ς
467 2358 511 2389 18
537 2354 730 2390 credibilis
751 2370 775 2390 a
846 2359 888 2390 19
909 2342 1015 2391 vid&
1033 2362 1070 2390 Β
1136 2359 1180 2390 21
1201 2353 1382 2389 vanum-im
1401 2358 1442 2387 ιι

65 2405 111 2437 24
135 2402 302 2451 ingentiss
328 2409 365 2437 Β
462 2406 507 2438 25
534 2402 703 2439 futurum
717 2414 998 2449 —paraveram
1020 2416 1059 2449 p.
1080 2406 1168 2446 :29:2,
1183 2407 1203 2438 1
1231 2414 1298 2438 om.
1319 2407 1356 2436 Β

1153 2463 1219 2498 19*
