1638 2560
155 94 243 138 324
554 89 756 127 INFAMIS
780 89 835 125 IN
858 87 1073 124 MATREM
1097 86 1115 122 1

157 210 278 258 deris,
316 209 362 246 ut
392 207 667 258 interrogeris,
702 205 898 255 expectas.
960 216 1041 242 non
1073 201 1249 252 erumpis
1281 199 1332 240 ab
1363 201 1436 241 illo
1465 213 1526 240 se-

157 271 264 309 creto
297 270 364 307 tuo
395 266 585 307 terribilis
617 267 659 304 in
690 262 921 316 publicum?
954 265 994 303 et
1024 263 1143 302 homo
1169 261 1246 301 filii
1269 273 1408 301 eruore
1435 274 1526 314 per—

157 331 267 369 fusus
305 341 383 367 non
419 327 661 378 proclamas,
698 339 778 364 non
809 325 902 364 deos
936 324 1197 373 hominesque
1227 323 1409 372 testaris,
1445 334 1528 362 non

159 389 302 430 occidis
335 390 374 427 et
404 386 602 426 matrem?
652 387 804 426 scilicet
834 384 1030 424 modestia
1060 386 1101 423 te
1132 383 1328 423 scelerum
1352 383 1527 433 tuorum,

159 464 248 489 cum
278 449 447 487 maxime
479 447 602 498 decet,
636 448 676 485 et
705 446 794 486 ideo
826 445 902 485 tibi
929 445 1123 495 relinquis
1154 443 1260 483 unde
1285 444 1341 483 sis
1365 443 1527 494 quietae
1565 456 1581 483 5

112 511 136 548 ὅ
160 509 390 561 patientiae.
451 510 571 547 miser
603 507 733 559 parcis
764 507 897 556 uxori,
928 505 1159 558 coniugales
1192 504 1286 544 deos
1317 506 1359 544 et
1388 502 1534 544 lectuli.

155 572 245 609 iura
280 570 482 608 revereris.
546 582 568 607 0
602 581 722 618 quam
762 580 842 606 non
878 566 1001 606 habet
1038 578 1110 605 nec
1144 565 1253 616 quod
1289 564 1527 604 mentiatur!

248 630 378 668 Malae
410 630 663 668 tractationis
696 628 863 679 agimus.

247 690 385 729 Placet
416 702 529 741 ergo,
559 689 728 738 iudices,
759 691 806 727 ut
836 688 908 727 illa
939 699 1035 727 voce
1067 700 1147 738 qua
1177 686 1529 726 matrimoniorum

158 752 436 801 conquerimur
465 751 650 799 iniurias,
684 750 853 801 gemitu,
892 762 970 799 quo
1004 760 1218 798 corporum
1250 746 1529 797 contumelias,
1548 760 1584 787 m

158 812 320 861 damna,
360 811 488 849 cultus
522 812 562 849 et
592 812 759 862 negatos
796 809 838 848 in
870 809 1076 860 publicum
1108 807 1298 848 deflemus
1335 819 1529 859 egressus,

159 872 349 911 orbitates
382 883 427 910 ac
458 871 673 910 liberorum
705 873 890 921 Suprema
926 867 1202 921 plangantur?
1264 867 1362 919 quid
1392 864 1530 907 tamen

158 933 288 972 facere
319 932 442 970 vultis
473 933 662 970 miserum
694 931 889 980 dolorem,
928 931 963 969 si
993 943 1074 969 non
1104 929 1228 969 habet
1259 929 1382 968 aliam
1414 939 1529 970 sexus

158 993 222 1031 hic
253 993 393 1044 legem,
425 993 460 1030 si
490 993 597 1030 intra
628 993 727 1031 iuris
758 991 876 1030 huius
907 991 1115 1043 angustias
1141 990 1269 1030 omnis
1292 990 1536 1041 nuptiarum

161 1053 322 1103 querela
360 1052 574 1091 constricta
612 1051 698 1091 est?
759 1054 889 1091 mater
921 1065 1024 1102 quae
1057 1051 1104 1090 de
1136 1052 1265 1090 morte
1301 1049 1378 1089 filii
1406 1048 1529 1089 mari-
1548 1063 1583 1092 15

159 1115 247 1152 tum
278 1113 407 1152 malae
438 1113 692 1152 tractationis
725 1115 902 1162 accusat,
934 1126 1015 1152 non
1047 1111 1227 1151 vindicat
1257 1110 1328 1150 sed
1358 1110 1530 1162 probare

162 1175 348 1213 contenta
381 1175 439 1212 est
472 1173 577 1223 quod
608 1186 687 1211 non
720 1173 901 1212 debuerit
933 1173 1070 1213 occidi.

251 1233 492 1273 Omittamus
525 1234 740 1284 paulisper,
771 1233 934 1283 iudices,
966 1233 1152 1272 orbitatis
1177 1232 1437 1272 tristissimae
1462 1230 1530 1270 do·

160 1295 297 1344 lorem,
321 1296 360 1332 91
384 1295 427 1332 111
452 1294 667 1345 parricidio
692 1295 823 1333 malae
849 1294 1103 1334 tractationis
1129 1293 1342 1332 reddamus
1369 1291 1531 1331 aliunde

162 1367 310 1393 causas.
360 1355 419 1393 ita
450 1367 530 1393 non
563 1355 667 1394 iuste
701 1357 932 1404 quereretur
962 1367 1074 1404 uxor,
1106 1355 1142 1394 si
1172 1354 1343 1393 diceret:
1376 1352 1530 1392 adulte-
1550 1366 1586 1394 110

160 1416 264 1453 1111111
296 1415 344 1453 (19
375 1428 438 1453 1119
470 1416 587 1454 facile
620 1416 844 1466 suspicatus
878 1429 934 1465 es,
974 1416 1054 1454 cito
1087 1412 1321 1456 credidisti?
1382 1415 1532 1453 matro-

161 1476 263 1523 nalis
294 1475 424 1525 pudor
453 1476 625 1514 tutelam
656 1489 736 1515 non
769 1489 814 1514 ex
841 1488 912 1515 sua
944 1477 1104 1515 tantum
1135 1474 1367 1514 innocentia
1395 1473 1532 1524 habet,

161 1535 372 1574 infirmitas
404 1535 520 1574 huius
546 1548 661 1575 sexus
687 1549 766 1575 non
798 1539 932 1586 potest
954 1538 1085 1575 totam
1110 1535 1370 1586 inprobitatis
1395 1533 1531 1574 existi-

162 1596 379 1634 mationem
411 1595 550 1635 debere
581 1598 741 1635 tantum
778 1597 954 1636 moribus
989 1597 1089 1636 suis:
1128 1597 1257 1635 omnis
1286 1596 1331 1634 in
1361 1595 1532 1634 feminas

162 1656 274 1694 venit
304 1656 542 1695 maritorum
573 1657 870 1707 praedicatione
900 1658 1138 1707 reverentia,
1171 1668 1306 1696 omnes
1332 1667 1532 1695 sermones
1550 1667 1587 1696 26

164 1716 359 1767 originem
397 1716 444 1755 (19
475 1717 618 1756 vestris
656 1718 882 1767 pectoribus
921 1717 1134 1769 accipiunt.
1197 1717 1355 1756 tristior
1383 1715 1534 1765 vultus,

165 1776 344 1826 querela,
381 1776 606 1827 fastidium,
647 1778 778 1816 fatum
817 1780 876 1817 est
915 1778 1103 1830 coniugii.
1167 1778 1214 1817 (19
1250 1777 1405 1829 pudore
1441 1788 1534 1827 pro-

163 1837 335 1886 nuntiat,
367 1836 494 1875 mittit
523 1839 567 1876 111
598 1850 668 1877 013
700 1838 852 1889 populi,
883 1840 1013 1878 mittit
1042 1840 1086 1877 in
1116 1838 1287 1878 fabulas.
1335 1837 1411 1877 hoc
1442 1848 1533 1888 pm-

262 2003 280 2034 1
308 1999 433 2046 erupis
460 2009 479 2042 β
606 1987 786 2037 secrfituo
812 2008 849 2036 B
873 2003 977 2048 (corr.
999 2004 1035 2049 b)
1159 2005 1182 2037 4
1208 1997 1412 2038 occidisset
1435 2007 1465 2035 V

166 2074 186 2106 5
202 2082 313 2124 rcum:
341 2083 455 2116 quam
480 2081 528 2115 βα
652 2077 672 2108 6
699 2062 804 2119 pateis
830 2080 858 2108 V
975 2077 996 2110 8
1022 2074 1223 2110 tractionis
1248 2080 1295 2119 B,
1320 2075 1363 2109 ta
1387 2084 1489 2119 supr.
1510 2078 1535 2108 ὅ

166 2147 210 2199 lp
237 2144 438 2189 conquitur
462 2151 507 2189 B,
534 2145 776 2190 conqueritur
801 2151 869 2181 bM
976 2151 1019 2182 11
1046 2135 1239 2194 egressuin
1263 2152 1292 2181 V
1384 2148 1430 2181 12
1450 2143 1539 2192 post

163 2190 368 2228 llberorum
393 2205 441 2229 er.
465 2192 633 2229 dolorem
658 2200 687 2228 V
784 2198 828 2229 14
854 2195 993 2230 somnis
1019 2201 1047 2230 V
1141 2200 1184 2231 15
1211 2194 1404 2242 quaerella
1429 2200 1468 2229 B

166 2244 210 2276 16
237 2242 391 2276 accusat
415 2241 539 2277 1113139
564 2242 803 2278 tractationis
823 2251 843 2285 β
917 2246 960 2278 17
988 2243 1162 2280 debuerit
1186 2255 1232 2280 εει·
1257 2242 1436 2279 dubuerit
1453 2248 1492 2278 B

165 2288 305 2324 occidit
331 2288 566 2325 dimittamus
592 2299 612 2333 β
740 2294 784 2326 20
817 2290 1073 2340 adssultcrium
1098 2299 1135 2327 Β
1264 2295 1309 2327 21
1342 2290 1538 2338 suspicata

164 2343 210 2381 B,
237 2348 253 2372 s
279 2349 380 2384 supr.
401 2345 425 2373 ῠ
516 2342 562 2386 22
588 2338 706 2374 habet
730 2350 799 2375 om.-
825 2345 854 2373 V
934 2343 978 2374 23
1004 2340 1208 2386 probitatis
1238 2340 1303 2377 Gn
1386 2342 1432 2376 27
1458 2338 1538 2375 fiac·

164 2386 247 2421 tum
270 2392 299 2420 V
374 2389 419 2422 28
445 2385 548 2422 mitit
574 2393 610 2421 P
682 2387 803 2423 mittit
827 2387 867 2423 in
893 2387 1059 2424 fabulas:
1087 2388 1282 2435 pervenire
1308 2394 1358 2434 Π,
1382 2398 1475 2424 συντ.
1492 2401 1539 2424 uu
