1638 2560
192 117 279 159 408
607 113 866 150 EXCERPTA
891 111 1088 148 PARISIN
1090 111 1133 147 A.

192 229 450 271 saevissime?
504 229 682 269 omnium
713 228 1020 280 parricidiorum
1044 226 1275 266 maximnm.
1331 226 1450 266 illum
1475 226 1562 267 abs-

191 293 323 331 tulisti
359 292 427 342 qui
458 291 561 329 mori
591 303 671 329 non
703 289 872 341 poterat.
930 287 1030 327 mihi
1061 287 1174 326 nulla
1208 298 1300 338 spes
1338 287 1419 327 nisi
1455 287 1563 339 apud

191 366 353 404 magum
392 351 531 390 relicta
579 352 650 390 est.
712 351 819 389 solus
860 349 1038 387 animam
1081 360 1248 388 evocare
1294 348 1447 400 poterit
1491 347 1560 398 qui

191 412 392 452 includere
412 412 557 463 potuit.
608 411 769 460 Mayus.
814 409 1012 448 laboriose
1031 409 1211 448 inclusus
1229 410 1302 448 est.
1352 408 1414 448 M.
1427 408 1561 448 venire

192 474 414 522 nitebatur,
454 474 569 511 tanto
611 471 771 510 facilius
813 469 1056 510 evocabitur.
1118 469 1289 508 dimitte
1355 470 1561 509 sevocatus
1599 482 1615 509 5

193 536 264 572 est.
320 532 573 572 exsecrabilis
605 532 694 581 eris,
725 533 761 571 si
785 531 975 570 libentius
1008 530 1059 569 ad
1087 529 1298 582 ligandum
1328 529 1561 569 muneraris.

472 689 540 728 XI.
574 689 704 728 D1vns
736 699 976 727 ACCVSATVS
1008 699 1285 726 PRODITIONIS.

191 774 379 813 Proditor
403 774 608 812 moriatur.
661 774 928 812 calumniator
952 785 1033 811 non
1058 773 1203 823 minus,
1231 771 1311 812 nisi
1336 771 1562 811 convinerit.

252 847 405 885 pauper
443 836 483 872 et
514 834 624 873 dives
662 834 826 873 inimici.
880 834 1045 884 utrique
1086 832 1191 872 terni
1229 833 1357 872 liberi.
1413 832 1565 872 bellum

250 895 393 933 incidit
431 895 599 934 civitati.
656 894 767 934 dives
809 895 888 933 dux
929 895 1060 934 factus
1106 895 1183 943 est,
1222 895 1267 933 in
1303 894 1437 933 castra
1473 905 1564 944 pro-
1586 907 1620 933 ιο

251 956 377 995 fectus
409 957 479 995 est.
537 968 673 994 rumor
699 958 809 995 ortus
836 957 906 1005 est,
940 955 989 994 ab
1019 967 1065 994 eo
1098 954 1215 1006 prodi
1239 966 1324 993 rem
1347 953 1563 1006 publicam.

252 1017 443 1066 processit
473 1029 627 1066 pauper
658 1017 700 1054 in
738 1017 975 1055 contionem.
1033 1015 1240 1055 accusavit
1276 1014 1445 1054 divitem
1474 1018 1566 1065 pro-

253 1077 428 1115 ditionis.
486 1076 649 1115 absente
674 1089 720 1116 eo
740 1089 764 1116 a
783 1077 933 1128 populo
953 1075 1070 1115 liberi
1095 1075 1270 1128 lapidati
1294 1076 1398 1115 sunt.
1454 1074 1566 1114 dives

252 1150 277 1175 a
306 1137 412 1176 bello
452 1138 582 1176 victor
622 1150 802 1176 reversus
849 1137 952 1176 filios
992 1137 1183 1188 pauperis
1231 1135 1284 1176 ad
1323 1135 1567 1187 supplicium

252 1198 366 1247 petit.
423 1197 538 1236 offert
570 1210 610 1236 se
642 1210 805 1248 pauper.
863 1197 972 1237 dives
1005 1197 1254 1237 contradicit.
1541 1203 1543 1205 '
1588 1209 1622 1236 15

282 1306 413 1345 Dives.
471 1320 677 1356 nunquam
707 1307 750 1345 id
777 1308 1112 1358 exspectaveram,
1142 1306 1308 1356 iudices,
1338 1306 1386 1344 ut
1411 1304 1461 1344 de
1490 1304 1566 1344 ini-

193 1367 288 1404 mici
321 1366 517 1416 supplicio
551 1369 826 1417 quaereretur,
864 1380 937 1406 nec
967 1380 1085 1418 posse
1126 1367 1172 1406 de
1203 1367 1358 1406 ultione
1390 1365 1568 1405 dubitari
1615 1404 1617 1407 .

196 1439 316 1476 quam
347 1427 447 1465 mihi
485 1429 571 1466 tam
610 1428 728 1466 liberi
765 1427 914 1467 doloris
957 1428 1099 1467 civitas
1142 1427 1269 1466 debet.
1327 1425 1568 1479 proditionis

194 1501 256 1526 me
298 1487 483 1526 inimicus
521 1488 690 1527 notavit.
748 1489 917 1537 Pauper.
974 1501 1112 1528 rumor
1149 1489 1239 1526 fuit.
1297 1488 1350 1526 D.
1378 1487 1492 1538 atqui
1522 1487 1570 1525 tu

193 1549 365 1586 rumoris
407 1550 537 1598 caput.
598 1549 641 1587 P.
674 1549 774 1587 mihi
814 1550 900 1588 tam
941 1549 1060 1589 facile
1100 1561 1181 1588 non
1223 1548 1458 1588 crederetur.
1515 1547 1624 1588 1220

194 1608 296 1645 nihil
329 1609 388 1647 est
418 1610 503 1647 tam
535 1622 661 1660 capax
693 1610 972 1649 calamitatum
1011 1623 1132 1660 quam
1162 1609 1325 1649 bellum.
1382 1609 1426 1647 P.
1453 1621 1569 1647 num-

197 1667 292 1717 quid
323 1681 404 1706 non
443 1669 543 1707 mihi
583 1670 688 1708 inter
719 1671 819 1709 alios
858 1671 988 1721 loqui,
1028 1670 1123 1709 flere
1159 1667 1305 1709 licuit?
1360 1668 1572 1719 numquid,

197 1729 291 1778 quia
316 1728 434 1767 rebus
455 1741 582 1779 careo,
606 1730 738 1770 verbis
759 1743 892 1770 carere
912 1729 1063 1770 debeo?
1118 1730 1171 1769 D.
1192 1742 1395 1770 rumorem
1414 1729 1572 1780 creasti,

196 1788 383 1826 adultum
413 1789 456 1826 in
488 1791 717 1829 concionem
748 1791 948 1842 detulisti,
990 1791 1258 1831 calumniatus
1293 1803 1344 1830 es.
1402 1790 1446 1828 P.
1474 1790 1569 1830 esto.

197 1849 327 1887 adhuc
360 1862 511 1888 accuso.
568 1851 796 1891 intenderas
830 1852 938 1902 quid,
971 1852 1040 1890 sed
1071 1852 1289 1891 liberorum
1322 1852 1452 1890 morte
1481 1863 1570 1901 per·
1590 1863 1625 1891 25

195 1909 359 1948 territus
399 1911 513 1948 tuam
553 1912 704 1950 vitasti.
761 1913 813 1951 D.
841 1913 875 1952 si
905 1912 948 1951 id
985 1912 1266 1962 intendissem,
1304 1911 1452 1951 liberos
1489 1923 1571 1950 non

195 1969 458 2019 reliquissem.
515 1971 559 2008 P.
586 1972 779 2011 talionem
805 1973 956 2012 subibo.
1014 1975 1186 2012 mortem
1211 1985 1292 2012 non
1316 1971 1466 2012 vitabo.
1517 1971 1570 2010 D.

296 2089 313 2118 1
342 2084 616 2130 parricidorum
646 2092 707 2120 VB
803 2091 824 2122 5
852 2087 944 2123 satis
972 2090 1148 2124 evocatus
1176 2094 1212 2123 R

296 2172 314 2203 7
341 2168 573 2205 Proditionis
599 2170 764 2216 suspicio
790 2145 842 2206 IaX
860 2171 922 2207 lex
941 2178 978 2207 P
1072 2176 1094 2208 8
1120 2172 1353 2218 proditor—-
1367 2169 1574 2207 convicerit

198 2229 265 2253 om.
298 2223 360 2252 VB
465 2221 485 2252 9
510 2218 610 2253 terni
634 2219 785 2254 tantum
815 2226 877 2255 VB
977 2224 1021 2256 10
1048 2221 1106 2256 est
1131 2232 1198 2257 om.
1220 2226 1325 2257 RVB
1421 2222 1467 2255 18
1487 2222 1575 2264 post
1633 2235 1638 2267 ¹3

198 2265 312 2301 debet
343 2266 429 2302 add.
458 2273 511 2302 R:
539 2266 697 2312 Pauper.
741 2267 807 2302 sed
838 2278 908 2304 nec
937 2279 1007 2315 ego
1032 2281 1069 2314 p.
1092 2281 1121 2304 c.
1150 2280 1173 2304 a
1207 2269 1342 2305 senatu
1372 2269 1454 2303 tam
1485 2278 1573 2302 con·
1631 2275 1638 2306 ἑ

198 2313 405 2350 sultissimo
432 2315 619 2360 exspecto,
644 2316 688 2350 ut
714 2316 815 2361 quod
841 2327 864 2351 a
889 2317 972 2352 tota
995 2317 1150 2353 civitate
1169 2318 1431 2364 perpetratum
1456 2316 1516 2351 est
1532 2314 1573 2350 in
1622 2312 1638 2349 ¹.

198 2362 390 2409 singulare
410 2363 448 2398 et
466 2363 753 2399 imbecillimum
774 2366 890 2410 caput
902 2367 1176 2411 retorqueatur.
1222 2365 1326 2401 dives
1400 2367 1446 2400 22
1464 2363 1572 2399 flere:
1629 2361 1638 2410 :g

199 2410 308 2446 silere
335 2418 373 2447 R
478 2415 521 2446 23
549 2411 658 2456 quid:
685 2412 839 2457 quidem
871 2419 932 2448 VB
1029 2418 1073 2449 25
1099 2414 1321 2460 perterritus
1348 2424 1387 2448 es
1417 2418 1480 2448 VB
1630 2414 1638 2426 ⁸

1603 2498 1638 2560 a
