1638 2560
187 126 276 169 254
680 124 801 160 APEs
828 122 1068 161 PAVPERIS

279 240 385 287 Quid
423 242 558 280 autem
601 253 681 279 non
726 241 897 279 liberum
941 240 1088 279 natura
1132 235 1301 290 genuit?
1362 238 1478 276 taceo
1516 236 1566 277 de

188 301 311 340 servis
339 314 436 351 quos
462 301 659 340 bellorum
684 301 880 352 iniquitas
905 301 947 339 in
975 298 1167 351 praedam
1193 297 1414 338 victoribus
1441 297 1565 348 dedit,

186 362 313 401 isdem
345 362 512 413 legibus,
544 361 683 400 eadem
715 362 857 410 forma,
890 360 1029 400 eadem
1061 359 1300 398 necessitate
1330 359 1459 398 natos.
1517 371 1564 397 ex

187 422 323 461 eodem
357 423 466 461 caelo
499 422 686 472 spiritum
723 423 909 471 trahunt,
947 433 1020 460 nec
1054 421 1202 458 natura
1239 419 1333 458 vilis
1379 418 1447 458 sed
1485 419 1566 458 for-

186 485 285 521 tuna
318 483 523 521 dominum
555 482 675 521 dedit.
733 496 803 522 cur
834 482 1047 521 infrenatis
1079 480 1193 530 equis
1225 480 1356 519 victor
1386 478 1564 519 insidet?
1603 494 1619 521 5

187 557 256 582 cur
293 543 442 582 iniusto
482 543 628 582 cotidie
665 543 760 595 iugo
799 543 920 582 boum
959 543 1063 582 colla
1100 538 1345 580 deterimus?
1407 553 1479 579 cur
1521 540 1564 579 in

187 616 303 642 usum
335 604 506 642 vestium
540 616 656 653 saepe
690 605 824 655 pecori
856 604 974 643 lanae
1006 598 1306 642 detrahuntur?
1367 602 1482 640 taceo
1515 600 1564 640 de

186 664 379 716 sanguine
418 665 458 702 et
496 664 624 714 epulis
662 678 734 714 per
772 666 943 703 mortem
981 663 1147 714 paratis.
1212 661 1245 702 si
1287 662 1423 700 omnia
1460 674 1564 712 quae

186 725 311 763 libera
344 726 596 776 generantur,
629 727 798 764 naturae
827 725 1050 774 reddemus,
1083 722 1267 762 desinitis
1293 721 1440 762 divites
1467 735 1562 762 esse.

186 786 220 824 si
251 797 344 823 vero
377 785 474 824 haec
507 785 687 824 condicio
721 787 798 835 est,
837 787 883 824 ut
916 783 1108 836 quicquid
1140 797 1187 822 ex
1224 783 1287 823 his
1320 782 1562 822 animalibus
1583 797 1618 824 ιο

185 846 226 883 in
265 858 380 883 usum
419 845 591 885 hominis
631 847 766 895 cessit,
804 847 1014 897 proprium
1053 846 1107 886 sit
1143 844 1347 893 habentis,
1382 843 1563 895 profecto

187 906 377 955 quicquid
402 906 487 944 iure
513 907 751 957 possidetur,
777 908 927 946 iniuria
947 907 1130 945 aufertur
1153 906 1200 944 ut
1218 904 1400 944 volucres
1425 906 1563 944 mutae

186 968 226 1004 et
265 966 367 1005 aliae
407 979 508 1017 quae
552 981 624 1017 per
660 969 831 1007 rusticas
871 968 989 1007 villas
1029 979 1210 1018 quaeque
1254 964 1407 1004 ditibus
1451 964 1562 1004 cellis

187 1027 435 1078 saginantur,
466 1028 507 1065 in
536 1028 680 1077 quibus
706 1030 840 1067 tamen
867 1029 1021 1066 domini
1047 1026 1238 1079 ambigua
1263 1026 1462 1077 possessio
1489 1026 1561 1075 est,

186 1088 226 1125 et
258 1099 400 1126 vaccae
433 1088 472 1126 et
504 1091 685 1127 armenta
718 1091 758 1127 et
790 1102 904 1128 omne
936 1088 1136 1139 pecudum
1168 1100 1303 1139 genus.
1582 1098 1616 1127 15

137 1148 162 1184 9
280 1146 356 1185 Sed
393 1148 465 1186 illa
502 1149 703 1199 inpositus
735 1149 894 1188 cohibet
931 1150 1135 1201 magister.
1198 1148 1363 1199 peiusne
1398 1146 1561 1186 domino

185 1208 226 1244 in
258 1207 320 1247 his
351 1207 413 1246 ius
446 1210 506 1247 est
538 1209 682 1259 quibus
715 1209 877 1250 custode
909 1224 989 1249 non
1025 1223 1124 1260 opus
1157 1206 1245 1248 est?
1294 1221 1389 1247 nam
1422 1208 1456 1247 si
1486 1207 1562 1246 hoc

186 1268 337 1317 dicitiS,
375 1269 477 1307 nihil
510 1282 592 1308 esse
624 1273 806 1310 nostrum
840 1270 945 1321 quod
984 1271 1115 1322 perire
1146 1270 1294 1321 possit,
1331 1282 1378 1308 ex
1408 1267 1561 1308 nullius

186 1329 371 1367 animalis
404 1329 548 1368 damno
581 1332 678 1370 haec
711 1331 774 1370 edi
814 1331 987 1370 formula
1019 1333 1164 1383 potest.
1229 1343 1322 1368 nam
1356 1331 1396 1369 et
1428 1340 1561 1368 errare

185 1389 354 1438 pecudes
386 1390 515 1429 solent
547 1393 587 1429 et
618 1392 756 1443 fugere
788 1394 1000 1443 mancipia.
1060 1393 1093 1432 si
1125 1393 1200 1431 hoc
1231 1391 1274 1429 in
1306 1390 1448 1429 ceteris
1479 1401 1560 1428 non
1580 1402 1616 1429 πο

185 1449 502 1502 obstat,.vagari
533 1453 578 1490 tu
611 1452 737 1492 nolles
763 1449 926 1506 <apes>,
958 1454 1001 1491 in
1034 1466 1134 1504 opus
1166 1453 1272 1492 exire
1305 1452 1347 1491 et
1377 1450 1428 1490 ad
1461 1450 1560 1490 coti-

185 1509 349 1548 dianum
387 1524 547 1550 censum
585 1512 734 1551 laboris
773 1513 932 1553 adsidui
964 1527 1044 1554 non
1076 1513 1303 1553 detractare
1341 1509 1560 1551 militiam?

186 1573 229 1607 at
260 1583 389 1609 nonne
427 1572 536 1622 ipsae
570 1573 730 1611 domum
763 1587 835 1613 sua
867 1575 1008 1625 sponte
1046 1574 1234 1613 revolant
1269 1572 1470 1623 finemque
1501 1571 1558 1610 la-

185 1630 291 1669 boris
337 1632 398 1670 sui
439 1632 521 1671 sole
566 1635 800 1684 metiuntur,
845 1637 885 1673 et
922 1635 1050 1674 omnis
1092 1636 1201 1674 intra
1240 1633 1381 1673 solitas
1421 1632 1559 1672 domos
1619 1656 1623 1659 >

283 1762 299 1792 1
330 1760 476 1794 autem:
505 1762 593 1795 ante
620 1769 639 1803 β
762 1766 782 1796 3
808 1761 955 1797 hisdem
982 1770 1008 1797 V
1121 1766 1207 1808 post
1235 1761 1346 1798 natos
1371 1760 1505 1796 habent
1529 1773 1559 1794 ω

185 1817 250 1841 cur
267 1806 464 1842 —insidet
490 1808 511 1843 l.
535 1811 573 1852 53
602 1816 624 1843 b
649 1810 755 1856 siquo
781 1811 946 1846 ordinem
972 1811 1162 1847 verborum
1188 1810 1369 1854 corre-xi&
1392 1808 1559 1845 ordinem

182 1855 383 1901 ymzuinam
408 1857 566 1892 servavit
585 1858 863 1905 Andeyavcnsis
936 1864 958 1895 4
984 1859 1087 1895 vilis:
1115 1859 1193 1894 illis
1215 1867 1236 1894 ς’
1310 1862 1331 1894 5
1356 1858 1403 1902 cf.
1425 1857 1447 1892 l.
1463 1859 1486 1892 3

183 1903 314 1948 aequis
340 1910 385 1947 B,
412 1915 503 1940 corr.
525 1912 547 1939 ι
622 1906 755 1942 insidit
781 1914 861 1951 1:713
887 1907 1022 1944 insidis
1043 1917 1063 1951 β
1147 1911 1167 1943 6
1194 1907 1337 1943 bouum
1357 1912 1401 1950 B,
1428 1911 1559 1942 eorm»

186 1954 204 1986 7
236 1952 393 1999 vestm}
419 1954 448 1998 (t
474 1955 537 2000 er.)
558 1961 600 1989 M
719 1958 740 1990 8
771 1956 924 2002 {omnia
949 1963 986 1991 B
1106 1960 1128 1992 9
1159 1956 1334 1992 redemus
1361 1961 1407 1999 B,
1431 1952 1559 1988 reddi-

182 2012 266 2035 mus
292 2007 332 2043 ὸς
366 2001 496 2037 demus
523 2011 568 2044 βσ
668 2007 708 2038 11
738 2004 881 2039 homini
909 2013 928 2047 β
1027 2009 1071 2040 12
1100 2005 1248 2041 auferet
1273 2010 1317 2048 P,
1346 2014 1438 2040 corr.
1458 2016 1486 2042 ι)

182 2050 240 2084 ut:
270 2051 336 2084 aut
362 2063 385 2083 α
413 2051 515 2095 (corr.
539 2053 575 2096 ὸ)
662 2052 773 2088 mites
801 2061 822 2087 ς
921 2057 964 2088 13
992 2054 1114 2089 aliaee
1134 2061 1180 2099 Β,
1206 2065 1298 2090 corr.
1321 2059 1362 2097 53
1388 2050 1558 2099 gallinae

182 2097 256 2133 Bu.
384 2102 427 2133 14
459 2098 498 2133 in
532 2099 803 2144 quibus—est
835 2105 975 2147 transp.
997 2106 1084 2148 post
1108 2113 1227 2149 genus
1261 2102 1282 2136 l.
1306 2104 1352 2137 15
1379 2100 1459 2136 Sch.

184 2149 226 2180 17
254 2153 391 2229 gszh
397 2148 414 2182 t
439 2147 524 2182 add.
547 2155 570 2182 ὸ
669 2149 817 2185 custodi
843 2156 911 2184 Bt*
933 2151 988 2194 (in
1013 2151 1078 2186 -de
1105 2163 1195 2188 corr.
1217 2152 1283 2197 Β),
1319 2147 1493 2184 custodia,
1519 2152 1562 2181 Μ

281 2205 300 2230 e
319 2205 365 2229 en
394 2207 405 2229 1
716 2209 737 2233 o

183 2233 226 2265 19
253 2230 325 2267 hac
351 2231 439 2267 dedi
460 2238 496 2266 B
569 2236 611 2267 21
639 2234 771 2279 vagari
798 2240 848 2278 B3
875 2246 1013 2281 vagare
1038 2242 1066 2269 Γ
1137 2246 1227 2281 apes
1254 2247 1320 2271 om.
1343 2248 1384 2278 ω,
1411 2231 1498 2268 add.
1521 2235 1566 2266 N

182 2307 226 2338 22
254 2303 465 2340 detrectare
487 2311 528 2339 M
601 2309 644 2339 23
673 2306 722 2340 ad
741 2313 786 2350 B,
813 2318 903 2343 corr.
927 2315 967 2351 ῦς
996 2318 1044 2343 an
1066 2316 1086 2342 ς
1159 2295 1283 2343 nonne
1310 2308 1371 2353 (ne
1396 2315 1497 2352 supr.
1520 2304 1556 2349 ὁ)

180 2383 232 2420 Β;
258 2380 283 2411 1‘1
311 2384 366 2420 Μ,
400 2379 415 2386 ”
444 2387 492 2412 er.
514 2381 547 2412 et
572 2378 599 2413 ιί
622 2389 723 2423 supr.
745 2393 803 2424 m3
836 2391 912 2415 non
939 2387 1009 2423 ι’βσ
1117 2391 1223 2416 suam
1246 2389 1264 2422 β
1372 2354 1557 2425 εροῃξῗιὺα

181 2424 373 2461 crevolant
398 2432 435 2460 Β
532 2429 577 2461 24
605 2426 736 2462 solitas
763 2427 863 2463 intra
891 2435 939 2473 Μ,
967 2432 1106 2475 trausp.
1129 2443 1170 2464 m
