<?xml version="1.0" encoding="UTF-8"?>
<!DOCTYPE html PUBLIC "-//W3C//DTD XHTML 1.0 Transitional//EN"
    "http://www.w3.org/TR/xhtml1/DTD/xhtml1-transitional.dtd">
<html xmlns="http://www.w3.org/1999/xhtml" xml:lang="en" lang="en">
 <head>
  <title>
</title>
<meta http-equiv="Content-Type" content="text/html;charset=utf-8" />
  <meta name='ocr-system' content='tesseract 3.04.00' />
  <meta name='ocr-capabilities' content='ocr_page ocr_carea ocr_par ocr_line ocrx_word'/>
</head>
<body>
  <div class='ocr_page' id='page_1' title='image "./quintilianiquaef00lehnuoft_0420.png"; bbox 0 0 1638 2560; ppageno 0'>
   <div class='ocr_carea' id='block_1_1' title="bbox 215 111 1211 160">
    <p class='ocr_par' dir='ltr' id='par_1_1' title="bbox 215 111 1211 160">
     <span class='ocr_line' id='line_1_1' title="bbox 215 111 1211 160; baseline -0.01 0"><span class='ocrx_word' id='word_1_1' title='bbox 215 116 305 160; x_wconf 88' lang='lat'><strong>384</strong></span> <span class='ocrx_word' id='word_1_2' title='bbox 593 113 854 151; x_wconf 81' lang='lat' dir='ltr'>EXOERPTA</span> <span class='ocrx_word' id='word_1_3' title='bbox 877 111 1211 150; x_wconf 80' lang='lat' dir='ltr'>MONACENSIA.</span> 
     </span>
    </p>
   </div>
   <div class='ocr_carea' id='block_1_2' title="bbox 215 228 1638 2340">
    <p class='ocr_par' dir='ltr' id='par_1_2' title="bbox 215 228 1638 2340">
     <span class='ocr_line' id='line_1_2' title="bbox 217 228 1590 283; baseline -0.002 -12"><span class='ocrx_word' id='word_1_4' title='bbox 217 231 363 283; x_wconf 89' lang='lat' dir='ltr'><strong>quietis</strong></span> <span class='ocrx_word' id='word_1_5' title='bbox 388 230 572 270; x_wconf 87' lang='lat' dir='ltr'><strong>noctibus</strong></span> <span class='ocrx_word' id='word_1_6' title='bbox 597 241 724 281; x_wconf 85' lang='lat' dir='ltr'><strong>vagus</strong></span> <span class='ocrx_word' id='word_1_7' title='bbox 751 230 844 268; x_wconf 87' lang='lat' dir='ltr'><strong>ante</strong></span> <span class='ocrx_word' id='word_1_8' title='bbox 875 229 980 267; x_wconf 89' lang='lat' dir='ltr'><strong>fores</strong></span> <span class='ocrx_word' id='word_1_9' title='bbox 1006 228 1251 279; x_wconf 79' lang='lat' dir='ltr'><strong>lupanar-um</strong></span> <span class='ocrx_word' id='word_1_10' title='bbox 1279 228 1382 281; x_wconf 84' lang='lat' dir='ltr'><strong>vigil</strong></span> <span class='ocrx_word' id='word_1_11' title='bbox 1413 228 1590 279; x_wconf 86' lang='lat' dir='ltr'><strong>expecto,</strong></span> 
     </span>
     <span class='ocr_line' id='line_1_3' title="bbox 215 288 1590 344; baseline -0.004 -12"><span class='ocrx_word' id='word_1_12' title='bbox 215 305 379 344; x_wconf 89' lang='lat' dir='ltr'><strong>possum</strong></span> <span class='ocrx_word' id='word_1_13' title='bbox 409 292 620 342; x_wconf 86' lang='lat' dir='ltr'><strong>navigare,</strong></span> <span class='ocrx_word' id='word_1_14' title='bbox 652 290 780 329; x_wconf 89' lang='lat' dir='ltr'><strong>colere</strong></span> <span class='ocrx_word' id='word_1_15' title='bbox 811 290 958 339; x_wconf 88' lang='lat' dir='ltr'><strong>terras,</strong></span> <span class='ocrx_word' id='word_1_16' title='bbox 989 288 1171 328; x_wconf 86' lang='lat' dir='ltr'><strong>redditus</strong></span> <span class='ocrx_word' id='word_1_17' title='bbox 1202 290 1264 328; x_wconf 79' lang='lat' dir='ltr'><strong>est</strong></span> <span class='ocrx_word' id='word_1_18' title='bbox 1299 288 1402 328; x_wconf 87' lang='lat' dir='ltr'><strong>mihi</strong></span> <span class='ocrx_word' id='word_1_19' title='bbox 1431 289 1590 328; x_wconf 84' lang='lat' dir='ltr'><strong>animus</strong></span> 
     </span>
     <span class='ocr_line' id='line_1_4' title="bbox 217 349 1589 404; baseline -0.002 -13"><span class='ocrx_word' id='word_1_20' title='bbox 217 366 296 404; x_wconf 90' lang='lat' dir='ltr'><strong>quo</strong></span> <span class='ocrx_word' id='word_1_21' title='bbox 327 352 463 391; x_wconf 91' lang='lat' dir='ltr'><strong>fierem</strong></span> <span class='ocrx_word' id='word_1_22' title='bbox 493 351 680 400; x_wconf 89' lang='lat' dir='ltr'><strong>maritus,</strong></span> <span class='ocrx_word' id='word_1_23' title='bbox 721 363 800 401; x_wconf 91' lang='lat' dir='ltr'><strong>quo</strong></span> <span class='ocrx_word' id='word_1_24' title='bbox 833 350 1030 390; x_wconf 70' lang='lat' dir='ltr'><strong>senectuti</strong></span> <span class='ocrx_word' id='word_1_25' title='bbox 1060 349 1277 400; x_wconf 89' lang='lat' dir='ltr'><strong>liberisque</strong></span> <span class='ocrx_word' id='word_1_26' title='bbox 1307 350 1589 401; x_wconf 82' lang='lat' dir='ltr'><strong>prospicerem.</strong></span> 
     </span>
     <span class='ocr_line' id='line_1_5' title="bbox 215 409 1590 464; baseline -0.004 -11"><span class='ocrx_word' id='word_1_27' title='bbox 215 413 379 464; x_wconf 89' lang='lat' dir='ltr'><strong>potione</strong></span> <span class='ocrx_word' id='word_1_28' title='bbox 410 414 450 451; x_wconf 89' lang='lat' dir='ltr'><strong>te</strong></span> <span class='ocrx_word' id='word_1_29' title='bbox 482 412 632 451; x_wconf 88' lang='lat' dir='ltr'><strong>fecerat</strong></span> <span class='ocrx_word' id='word_1_30' title='bbox 662 412 742 450; x_wconf 83' lang='lat' dir='ltr'><strong>ista</strong></span> <span class='ocrx_word' id='word_1_31' title='bbox 773 411 949 460; x_wconf 79' lang='lat' dir='ltr'><strong>felicem,</strong></span> <span class='ocrx_word' id='word_1_32' title='bbox 987 410 1021 450; x_wconf 93' lang='lat' dir='ltr'><strong>si</strong></span> <span class='ocrx_word' id='word_1_33' title='bbox 1053 410 1222 450; x_wconf 85' lang='lat' dir='ltr'><strong>divitem</strong></span> <span class='ocrx_word' id='word_1_34' title='bbox 1250 410 1389 462; x_wconf 85' lang='lat' dir='ltr'><strong>puella</strong></span> <span class='ocrx_word' id='word_1_35' title='bbox 1419 409 1590 450; x_wconf 86' lang='lat' dir='ltr'><strong>fecisset.</strong></span> 
     </span>
     <span class='ocr_line' id='line_1_6' title="bbox 216 470 1628 522; baseline -0.002 -9"><span class='ocrx_word' id='word_1_36' title='bbox 216 474 291 513; x_wconf 88' lang='lat' dir='ltr'><strong>hoc</strong></span> <span class='ocrx_word' id='word_1_37' title='bbox 328 473 457 512; x_wconf 89' lang='lat' dir='ltr'><strong>solum</strong></span> <span class='ocrx_word' id='word_1_38' title='bbox 497 473 621 511; x_wconf 89' lang='lat' dir='ltr'><strong>etiam</strong></span> <span class='ocrx_word' id='word_1_39' title='bbox 660 472 1010 511; x_wconf 74' lang='lat' dir='ltr'><strong>innocentissimae</strong></span> <span class='ocrx_word' id='word_1_40' title='bbox 1046 471 1207 522; x_wconf 89' lang='lat' dir='ltr'><strong>puellae</strong></span> <span class='ocrx_word' id='word_1_41' title='bbox 1246 483 1320 522; x_wconf 91' lang='lat' dir='ltr'><strong>pro</strong></span> <span class='ocrx_word' id='word_1_42' title='bbox 1361 470 1591 511; x_wconf 83' lang='lat' dir='ltr'><strong>defensione</strong></span> <span class='ocrx_word' id='word_1_43' title='bbox 1610 483 1628 510; x_wconf 79' lang='lat'><strong>6</strong></span> 
     </span>
     <span class='ocr_line' id='line_1_7' title="bbox 216 530 1594 583; baseline -0.001 -10"><span class='ocrx_word' id='word_1_44' title='bbox 216 533 418 573; x_wconf 84' lang='lat' dir='ltr'><strong>sufficeret</strong></span> <span class='ocrx_word' id='word_1_45' title='bbox 456 533 562 583; x_wconf 89' lang='lat' dir='ltr'><strong>quod</strong></span> <span class='ocrx_word' id='word_1_46' title='bbox 602 532 703 571; x_wconf 90' lang='lat' dir='ltr'><strong>nihil</strong></span> <span class='ocrx_word' id='word_1_47' title='bbox 743 532 841 571; x_wconf 86' lang='lat' dir='ltr'><strong>fecit</strong></span> <span class='ocrx_word' id='word_1_48' title='bbox 876 532 940 570; x_wconf 92' lang='lat' dir='ltr'><strong>sui</strong></span> <span class='ocrx_word' id='word_1_49' title='bbox 980 544 1111 571; x_wconf 86' lang='lat' dir='ltr'><strong>causa.</strong></span> <span class='ocrx_word' id='word_1_50' title='bbox 1175 533 1398 572; x_wconf 80' lang='lat' dir='ltr'><strong>amatorem</strong></span> <span class='ocrx_word' id='word_1_51' title='bbox 1437 530 1594 571; x_wconf 77' lang='lat' dir='ltr'><strong>dimisit</strong></span> 
     </span>
     <span class='ocr_line' id='line_1_8' title="bbox 218 592 1592 645; baseline -0.001 -12"><span class='ocrx_word' id='word_1_52' title='bbox 218 607 320 644; x_wconf 91' lang='lat' dir='ltr'><strong>quae</strong></span> <span class='ocrx_word' id='word_1_53' title='bbox 352 595 514 645; x_wconf 88' lang='lat' dir='ltr'><strong>captare</strong></span> <span class='ocrx_word' id='word_1_54' title='bbox 541 593 699 643; x_wconf 88' lang='lat' dir='ltr'><strong>dicitur,</strong></span> <span class='ocrx_word' id='word_1_55' title='bbox 731 594 777 632; x_wconf 91' lang='lat' dir='ltr'><strong>ut</strong></span> <span class='ocrx_word' id='word_1_56' title='bbox 803 594 970 642; x_wconf 89' lang='lat' dir='ltr'><strong>ametur,</strong></span> <span class='ocrx_word' id='word_1_57' title='bbox 1004 605 1106 643; x_wconf 91' lang='lat' dir='ltr'><strong>quae</strong></span> <span class='ocrx_word' id='word_1_58' title='bbox 1132 592 1339 642; x_wconf 88' lang='lat' dir='ltr'><strong>sollicitat,</strong></span> <span class='ocrx_word' id='word_1_59' title='bbox 1371 605 1474 643; x_wconf 91' lang='lat' dir='ltr'><strong>quae</strong></span> <span class='ocrx_word' id='word_1_60' title='bbox 1506 605 1592 632; x_wconf 88' lang='lat' dir='ltr'><strong>cor-</strong></span> 
     </span>
     <span class='ocr_line' id='line_1_9' title="bbox 215 653 1592 706; baseline -0.001 -13"><span class='ocrx_word' id='word_1_61' title='bbox 215 655 370 705; x_wconf 84' lang='lat' dir='ltr'><strong>rumpit</strong></span> <span class='ocrx_word' id='word_1_62' title='bbox 401 653 576 693; x_wconf 89' lang='lat' dir='ltr'><strong>affectus.</strong></span> <span class='ocrx_word' id='word_1_63' title='bbox 638 654 808 706; x_wconf 83' lang='lat' dir='ltr'><strong>ingrate,</strong></span> <span class='ocrx_word' id='word_1_64' title='bbox 841 654 995 703; x_wconf 90' lang='lat' dir='ltr'><strong>quanta</strong></span> <span class='ocrx_word' id='word_1_65' title='bbox 1026 653 1074 692; x_wconf 90' lang='lat' dir='ltr'><strong>de</strong></span> <span class='ocrx_word' id='word_1_66' title='bbox 1105 654 1145 692; x_wconf 90' lang='lat' dir='ltr'><strong>te</strong></span> <span class='ocrx_word' id='word_1_67' title='bbox 1170 654 1308 704; x_wconf 89' lang='lat' dir='ltr'><strong>potuit</strong></span> <span class='ocrx_word' id='word_1_68' title='bbox 1338 653 1468 704; x_wconf 87' lang='lat' dir='ltr'><strong>gloria</strong></span> <span class='ocrx_word' id='word_1_69' title='bbox 1499 653 1592 692; x_wconf 76' lang='lat' dir='ltr'><strong>frui.</strong></span> 
     </span>
     <span class='ocr_line' id='line_1_10' title="bbox 217 714 1593 765; baseline -0.001 -11"><span class='ocrx_word' id='word_1_70' title='bbox 217 728 298 754; x_wconf 90' lang='lat' dir='ltr'><strong>non</strong></span> <span class='ocrx_word' id='word_1_71' title='bbox 330 716 436 754; x_wconf 91' lang='lat' dir='ltr'><strong>enim</strong></span> <span class='ocrx_word' id='word_1_72' title='bbox 468 714 622 753; x_wconf 88' lang='lat' dir='ltr'><strong>confers</strong></span> <span class='ocrx_word' id='word_1_73' title='bbox 653 715 786 765; x_wconf 88' lang='lat' dir='ltr'><strong>pretia</strong></span> <span class='ocrx_word' id='word_1_74' title='bbox 810 727 883 764; x_wconf 91' lang='lat' dir='ltr'><strong>pro</strong></span> <span class='ocrx_word' id='word_1_75' title='bbox 916 714 1048 753; x_wconf 90' lang='lat' dir='ltr'><strong>salute</strong></span> <span class='ocrx_word' id='word_1_76' title='bbox 1072 716 1155 752; x_wconf 84' lang='lat' dir='ltr'><strong>tu&#39;a.</strong></span> <span class='ocrx_word' id='word_1_77' title='bbox 1216 715 1260 753; x_wconf 92' lang='lat' dir='ltr'><strong>in</strong></span> <span class='ocrx_word' id='word_1_78' title='bbox 1285 715 1436 753; x_wconf 86' lang='lat' dir='ltr'><strong>crimen</strong></span> <span class='ocrx_word' id='word_1_79' title='bbox 1467 714 1593 752; x_wconf 88' lang='lat' dir='ltr'><strong>maxi-</strong></span> 
     </span>
     <span class='ocr_line' id='line_1_11' title="bbox 217 773 1638 826; baseline -0.001 -11"><span class='ocrx_word' id='word_1_80' title='bbox 217 789 328 815; x_wconf 90' lang='lat' dir='ltr'><strong>mum</strong></span> <span class='ocrx_word' id='word_1_81' title='bbox 360 776 496 826; x_wconf 87' lang='lat' dir='ltr'><strong>captes</strong></span> <span class='ocrx_word' id='word_1_82' title='bbox 527 775 744 814; x_wconf 85' lang='lat' dir='ltr'><strong>transferre</strong></span> <span class='ocrx_word' id='word_1_83' title='bbox 775 773 1021 814; x_wconf 82' lang='lat' dir='ltr'><strong>beneficium.</strong></span> <span class='ocrx_word' id='word_1_84' title='bbox 1073 774 1214 814; x_wconf 82' lang='lat' dir='ltr'><strong>bibisti</strong></span> <span class='ocrx_word' id='word_1_85' title='bbox 1243 775 1452 826; x_wconf 86' lang='lat' dir='ltr'><strong>potionem</strong></span> <span class='ocrx_word' id='word_1_86' title='bbox 1490 787 1593 825; x_wconf 88' lang='lat' dir='ltr'><strong>quae</strong></span> <span class='ocrx_word' id='word_1_87' title='bbox 1613 786 1638 814; x_wconf 73' lang='grc' dir='ltr'><strong>ιι</strong></span> 
     </span>
     <span class='ocr_line' id='line_1_12' title="bbox 217 834 1594 886; baseline -0.001 -11"><span class='ocrx_word' id='word_1_88' title='bbox 217 836 339 875; x_wconf 87' lang='lat' dir='ltr'><strong>finem</strong></span> <span class='ocrx_word' id='word_1_89' title='bbox 381 835 671 886; x_wconf 80' lang='lat' dir='ltr'><strong>cupiditatibus</strong></span> <span class='ocrx_word' id='word_1_90' title='bbox 716 835 848 885; x_wconf 88' lang='lat' dir='ltr'><strong>daret,</strong></span> <span class='ocrx_word' id='word_1_91' title='bbox 896 836 1097 886; x_wconf 89' lang='lat' dir='ltr'><strong>premeret</strong></span> <span class='ocrx_word' id='word_1_92' title='bbox 1141 834 1342 886; x_wconf 89' lang='lat' dir='ltr'><strong>ardorem,</strong></span> <span class='ocrx_word' id='word_1_93' title='bbox 1395 834 1594 875; x_wconf 83' lang='lat' dir='ltr'><strong>desideria.</strong></span> 
     </span>
     <span class='ocr_line' id='line_1_13' title="bbox 217 895 1594 948; baseline -0.001 -13"><span class='ocrx_word' id='word_1_94' title='bbox 217 895 486 948; x_wconf 88' lang='lat' dir='ltr'><strong>restringeret.</strong></span> <span class='ocrx_word' id='word_1_95' title='bbox 531 897 684 948; x_wconf 81' lang='lat' dir='ltr'><strong>gratias</strong></span> <span class='ocrx_word' id='word_1_96' title='bbox 710 909 784 948; x_wconf 87' lang='lat' dir='ltr'><strong>age</strong></span> <span class='ocrx_word' id='word_1_97' title='bbox 813 896 984 947; x_wconf 90' lang='lat' dir='ltr'><strong>puellae,</strong></span> <span class='ocrx_word' id='word_1_98' title='bbox 1011 895 1228 947; x_wconf 74' lang='lat' dir='ltr'><strong>cupiditati</strong></span> <span class='ocrx_word' id='word_1_99' title='bbox 1244 897 1351 936; x_wconf 90' lang='lat' dir='ltr'><strong>tuae.</strong></span> <span class='ocrx_word' id='word_1_100' title='bbox 1391 908 1594 936; x_wconf 87' lang='lat' dir='ltr'><strong>summum</strong></span> 
     </span>
     <span class='ocr_line' id='line_1_14' title="bbox 218 956 1594 1007; baseline 0 -12"><span class='ocrx_word' id='word_1_101' title='bbox 218 956 420 996; x_wconf 71' lang='lat' dir='ltr'><strong>mirabile!</strong></span> <span class='ocrx_word' id='word_1_102' title='bbox 469 957 690 996; x_wconf 84' lang='lat' dir='ltr'><strong>remedium</strong></span> <span class='ocrx_word' id='word_1_103' title='bbox 716 958 863 996; x_wconf 88' lang='lat' dir='ltr'><strong>amoris</strong></span> <span class='ocrx_word' id='word_1_104' title='bbox 888 957 1036 996; x_wconf 87' lang='lat' dir='ltr'><strong>mulier</strong></span> <span class='ocrx_word' id='word_1_105' title='bbox 1053 956 1220 996; x_wconf 80' lang='lat' dir='ltr'><strong>invenit.</strong></span> <span class='ocrx_word' id='word_1_106' title='bbox 1272 956 1369 996; x_wconf 87' lang='lat' dir='ltr'><strong>felix</strong></span> <span class='ocrx_word' id='word_1_107' title='bbox 1392 957 1433 996; x_wconf 91' lang='lat' dir='ltr'><strong>et</strong></span> <span class='ocrx_word' id='word_1_108' title='bbox 1450 957 1594 1007; x_wconf 86' lang='lat' dir='ltr'><strong>potens</strong></span> 
     </span>
     <span class='ocr_line' id='line_1_15' title="bbox 219 1017 1595 1070; baseline 0.001 -15"><span class='ocrx_word' id='word_1_109' title='bbox 219 1017 349 1069; x_wconf 82' lang='lat' dir='ltr'><strong>potio!</strong></span> <span class='ocrx_word' id='word_1_110' title='bbox 412 1017 603 1067; x_wconf 90' lang='lat' dir='ltr'><strong>quicquid</strong></span> <span class='ocrx_word' id='word_1_111' title='bbox 634 1030 714 1056; x_wconf 91' lang='lat' dir='ltr'><strong>non</strong></span> <span class='ocrx_word' id='word_1_112' title='bbox 745 1019 961 1068; x_wconf 86' lang='lat' dir='ltr'><strong>parentum</strong></span> <span class='ocrx_word' id='word_1_113' title='bbox 990 1018 1143 1067; x_wconf 85' lang='lat' dir='ltr'><strong>minae,</strong></span> <span class='ocrx_word' id='word_1_114' title='bbox 1179 1017 1483 1070; x_wconf 78' lang='lat' dir='ltr'><strong>castigationes,</strong></span> <span class='ocrx_word' id='word_1_115' title='bbox 1513 1029 1595 1056; x_wconf 90' lang='lat' dir='ltr'><strong>non</strong></span> 
     </span>
     <span class='ocr_line' id='line_1_16' title="bbox 219 1077 1638 1129; baseline 0 -13"><span class='ocrx_word' id='word_1_116' title='bbox 219 1079 448 1129; x_wconf 88' lang='lat' dir='ltr'><strong>propinqui,</strong></span> <span class='ocrx_word' id='word_1_117' title='bbox 489 1091 570 1117; x_wconf 89' lang='lat' dir='ltr'><strong>non</strong></span> <span class='ocrx_word' id='word_1_118' title='bbox 600 1080 837 1129; x_wconf 83' lang='lat' dir='ltr'><strong>paupertas,</strong></span> <span class='ocrx_word' id='word_1_119' title='bbox 874 1091 955 1117; x_wconf 92' lang='lat' dir='ltr'><strong>non</strong></span> <span class='ocrx_word' id='word_1_120' title='bbox 986 1078 1203 1118; x_wconf 84' lang='lat' dir='ltr'><strong>necessitas</strong></span> <span class='ocrx_word' id='word_1_121' title='bbox 1233 1079 1397 1129; x_wconf 85' lang='lat' dir='ltr'><strong>poterat</strong></span> <span class='ocrx_word' id='word_1_122' title='bbox 1427 1077 1595 1127; x_wconf 86' lang='lat' dir='ltr'><strong>efficere,</strong></span> <span class='ocrx_word' id='word_1_123' title='bbox 1615 1090 1638 1116; x_wconf 84' lang='lat'><strong>11</strong></span> 
     </span>
     <span class='ocr_line' id='line_1_17' title="bbox 219 1138 1596 1190; baseline 0.001 -13"><span class='ocrx_word' id='word_1_124' title='bbox 219 1139 386 1178; x_wconf 87' lang='lat' dir='ltr'><strong>haustus</strong></span> <span class='ocrx_word' id='word_1_125' title='bbox 411 1138 557 1188; x_wconf 86' lang='lat' dir='ltr'><strong>brevis,</strong></span> <span class='ocrx_word' id='word_1_126' title='bbox 582 1139 725 1188; x_wconf 89' lang='lat' dir='ltr'><strong>facilis,</strong></span> <span class='ocrx_word' id='word_1_127' title='bbox 750 1151 853 1178; x_wconf 89' lang='lat' dir='ltr'><strong>unus</strong></span> <span class='ocrx_word' id='word_1_128' title='bbox 874 1140 1095 1189; x_wconf 82' lang='lat' dir='ltr'><strong>extorquet.</strong></span> <span class='ocrx_word' id='word_1_129' title='bbox 1152 1151 1176 1178; x_wconf 94' lang='lat' dir='ltr'><strong>o</strong></span> <span class='ocrx_word' id='word_1_130' title='bbox 1202 1139 1239 1178; x_wconf 90' lang='lat' dir='ltr'><strong>si</strong></span> <span class='ocrx_word' id='word_1_131' title='bbox 1262 1139 1320 1178; x_wconf 89' lang='lat' dir='ltr'><strong>sic</strong></span> <span class='ocrx_word' id='word_1_132' title='bbox 1343 1139 1480 1190; x_wconf 89' lang='lat' dir='ltr'><strong>posset</strong></span> <span class='ocrx_word' id='word_1_133' title='bbox 1505 1139 1596 1189; x_wconf 86' lang='lat' dir='ltr'><strong>quis</strong></span> 
     </span>
     <span class='ocr_line' id='line_1_18' title="bbox 221 1198 1596 1251; baseline 0 -13"><span class='ocrx_word' id='word_1_134' title='bbox 221 1199 400 1238; x_wconf 91' lang='lat' dir='ltr'><strong>omnium</strong></span> <span class='ocrx_word' id='word_1_135' title='bbox 425 1198 561 1238; x_wconf 88' lang='lat' dir='ltr'><strong>odium</strong></span> <span class='ocrx_word' id='word_1_136' title='bbox 591 1199 726 1238; x_wconf 87' lang='lat' dir='ltr'><strong>bibere</strong></span> <span class='ocrx_word' id='word_1_137' title='bbox 751 1200 955 1238; x_wconf 86' lang='lat' dir='ltr'><strong>vitiorum.</strong></span> <span class='ocrx_word' id='word_1_138' title='bbox 1018 1199 1115 1239; x_wconf 83' lang='lat' dir='ltr'><strong>felix</strong></span> <span class='ocrx_word' id='word_1_139' title='bbox 1140 1199 1322 1251; x_wconf 89' lang='lat' dir='ltr'><strong>profecto</strong></span> <span class='ocrx_word' id='word_1_140' title='bbox 1353 1198 1596 1249; x_wconf 85' lang='lat' dir='ltr'><strong>mortalitas,</strong></span> 
     </span>
     <span class='ocr_line' id='line_1_19' title="bbox 221 1259 1596 1316; baseline 0.001 -19"><span class='ocrx_word' id='word_1_141' title='bbox 221 1259 255 1298; x_wconf 90' lang='lat' dir='ltr'><strong>si</strong></span> <span class='ocrx_word' id='word_1_142' title='bbox 280 1259 416 1316; x_wconf 86' lang='lat' dir='ltr'><strong>lapsus</strong></span> <span class='ocrx_word' id='word_1_143' title='bbox 440 1260 618 1310; x_wconf 89' lang='lat' dir='ltr'><strong>reliquos</strong></span> <span class='ocrx_word' id='word_1_144' title='bbox 645 1261 685 1299; x_wconf 91' lang='lat' dir='ltr'><strong>et</strong></span> <span class='ocrx_word' id='word_1_145' title='bbox 709 1261 855 1299; x_wconf 89' lang='lat' dir='ltr'><strong>mentis</strong></span> <span class='ocrx_word' id='word_1_146' title='bbox 878 1272 1031 1299; x_wconf 89' lang='lat' dir='ltr'><strong>errores</strong></span> <span class='ocrx_word' id='word_1_147' title='bbox 1058 1261 1120 1300; x_wconf 89' lang='lat' dir='ltr'><strong>fas</strong></span> <span class='ocrx_word' id='word_1_148' title='bbox 1140 1261 1246 1300; x_wconf 91' lang='lat' dir='ltr'><strong>esset</strong></span> <span class='ocrx_word' id='word_1_149' title='bbox 1271 1260 1407 1299; x_wconf 82' lang='lat' dir='ltr'><strong>infusa</strong></span> <span class='ocrx_word' id='word_1_150' title='bbox 1430 1260 1596 1311; x_wconf 73' lang='lat' dir='ltr'><strong>potione</strong></span> 
     </span>
     <span class='ocr_line' id='line_1_20' title="bbox 221 1321 1596 1372; baseline 0.001 -14"><span class='ocrx_word' id='word_1_151' title='bbox 221 1331 478 1370; x_wconf 89' lang='lat' dir='ltr'><strong>compescere.</strong></span> <span class='ocrx_word' id='word_1_152' title='bbox 547 1333 627 1359; x_wconf 91' lang='lat' dir='ltr'><strong>non</strong></span> <span class='ocrx_word' id='word_1_153' title='bbox 667 1321 747 1360; x_wconf 88' lang='lat' dir='ltr'><strong>nisi</strong></span> <span class='ocrx_word' id='word_1_154' title='bbox 787 1321 878 1360; x_wconf 86' lang='lat' dir='ltr'><strong>odio</strong></span> <span class='ocrx_word' id='word_1_155' title='bbox 924 1322 1061 1361; x_wconf 91' lang='lat' dir='ltr'><strong>sanari</strong></span> <span class='ocrx_word' id='word_1_156' title='bbox 1099 1322 1262 1372; x_wconf 88' lang='lat' dir='ltr'><strong>poteras</strong></span> <span class='ocrx_word' id='word_1_157' title='bbox 1303 1321 1375 1371; x_wconf 87' lang='lat' dir='ltr'><strong>qui</strong></span> <span class='ocrx_word' id='word_1_158' title='bbox 1411 1321 1596 1372; x_wconf 83' lang='lat' dir='ltr'><strong>captivus</strong></span> 
     </span>
     <span class='ocr_line' id='line_1_21' title="bbox 221 1380 1638 1421; baseline -0.001 -3"><span class='ocrx_word' id='word_1_159' title='bbox 221 1380 337 1418; x_wconf 89' lang='lat' dir='ltr'><strong>foedo</strong></span> <span class='ocrx_word' id='word_1_160' title='bbox 369 1380 568 1420; x_wconf 87' lang='lat' dir='ltr'><strong>tenebaris</strong></span> <span class='ocrx_word' id='word_1_161' title='bbox 607 1393 752 1420; x_wconf 88' lang='lat' dir='ltr'><strong>amore.</strong></span> <span class='ocrx_word' id='word_1_162' title='bbox 816 1381 957 1420; x_wconf 86' lang='lat' dir='ltr'><strong>datum</strong></span> <span class='ocrx_word' id='word_1_163' title='bbox 989 1383 1050 1421; x_wconf 89' lang='lat' dir='ltr'><strong>est</strong></span> <span class='ocrx_word' id='word_1_164' title='bbox 1087 1381 1165 1420; x_wconf 93' lang='lat' dir='ltr'><strong>tibi</strong></span> <span class='ocrx_word' id='word_1_165' title='bbox 1203 1381 1424 1421; x_wconf 82' lang='lat' dir='ltr'><strong>remedium</strong></span> <span class='ocrx_word' id='word_1_166' title='bbox 1455 1381 1597 1420; x_wconf 88' lang='lat' dir='ltr'><strong>contra</strong></span> <span class='ocrx_word' id='word_1_167' title='bbox 1616 1392 1638 1419; x_wconf 73' lang='lat'><strong>2&lt;</strong></span> 
     </span>
     <span class='ocr_line' id='line_1_22' title="bbox 221 1441 1598 1492; baseline 0.001 -13"><span class='ocrx_word' id='word_1_168' title='bbox 221 1441 405 1479; x_wconf 87' lang='lat' dir='ltr'><strong>morbum</strong></span> <span class='ocrx_word' id='word_1_169' title='bbox 432 1454 509 1491; x_wconf 89' lang='lat' dir='ltr'><strong>quo</strong></span> <span class='ocrx_word' id='word_1_170' title='bbox 541 1442 661 1480; x_wconf 87' lang='lat' dir='ltr'><strong>multi</strong></span> <span class='ocrx_word' id='word_1_171' title='bbox 685 1442 901 1492; x_wconf 87' lang='lat' dir='ltr'><strong>perierunt.</strong></span> <span class='ocrx_word' id='word_1_172' title='bbox 964 1443 999 1481; x_wconf 90' lang='lat' dir='ltr'><strong>si</strong></span> <span class='ocrx_word' id='word_1_173' title='bbox 1025 1443 1173 1482; x_wconf 89' lang='lat' dir='ltr'><strong>amicos</strong></span> <span class='ocrx_word' id='word_1_174' title='bbox 1201 1442 1347 1481; x_wconf 80' lang='lat' dir='ltr'><strong>divites</strong></span> <span class='ocrx_word' id='word_1_175' title='bbox 1378 1441 1598 1491; x_wconf 85' lang='lat' dir='ltr'><strong>habuisses,</strong></span> 
     </span>
     <span class='ocr_line' id='line_1_23' title="bbox 221 1501 1598 1554; baseline 0.001 -15"><span class='ocrx_word' id='word_1_176' title='bbox 221 1501 395 1540; x_wconf 90' lang='lat' dir='ltr'><strong>multam</strong></span> <span class='ocrx_word' id='word_1_177' title='bbox 424 1503 639 1552; x_wconf 88' lang='lat' dir='ltr'><strong>pecuniam</strong></span> <span class='ocrx_word' id='word_1_178' title='bbox 671 1504 981 1553; x_wconf 86' lang='lat' dir='ltr'><strong>comparassent,</strong></span> <span class='ocrx_word' id='word_1_179' title='bbox 1017 1504 1052 1543; x_wconf 91' lang='lat' dir='ltr'><strong>si</strong></span> <span class='ocrx_word' id='word_1_180' title='bbox 1082 1502 1263 1543; x_wconf 86' lang='lat' dir='ltr'><strong>invenire</strong></span> <span class='ocrx_word' id='word_1_181' title='bbox 1293 1503 1459 1554; x_wconf 88' lang='lat' dir='ltr'><strong>possent</strong></span> <span class='ocrx_word' id='word_1_182' title='bbox 1489 1501 1598 1541; x_wconf 85' lang='lat' dir='ltr'><strong>istud</strong></span> 
     </span>
     <span class='ocr_line' id='line_1_24' title="bbox 221 1561 1598 1614; baseline 0.001 -15"><span class='ocrx_word' id='word_1_183' title='bbox 221 1561 458 1611; x_wconf 89' lang='lat' dir='ltr'><strong>remedium,</strong></span> <span class='ocrx_word' id='word_1_184' title='bbox 505 1562 611 1612; x_wconf 91' lang='lat' dir='ltr'><strong>quod</strong></span> <span class='ocrx_word' id='word_1_185' title='bbox 655 1563 689 1601; x_wconf 91' lang='lat' dir='ltr'><strong>si</strong></span> <span class='ocrx_word' id='word_1_186' title='bbox 725 1576 806 1601; x_wconf 92' lang='lat' dir='ltr'><strong>non</strong></span> <span class='ocrx_word' id='word_1_187' title='bbox 842 1565 1023 1614; x_wconf 88' lang='lat' dir='ltr'><strong>possent,</strong></span> <span class='ocrx_word' id='word_1_188' title='bbox 1068 1564 1240 1603; x_wconf 86' lang='lat' dir='ltr'><strong>vinculis</strong></span> <span class='ocrx_word' id='word_1_189' title='bbox 1271 1565 1312 1603; x_wconf 88' lang='lat' dir='ltr'><strong>te</strong></span> <span class='ocrx_word' id='word_1_190' title='bbox 1354 1563 1395 1602; x_wconf 89' lang='lat' dir='ltr'><strong>et</strong></span> <span class='ocrx_word' id='word_1_191' title='bbox 1431 1562 1598 1602; x_wconf 85' lang='lat' dir='ltr'><strong>nexibus</strong></span> 
     </span>
     <span class='ocr_line' id='line_1_25' title="bbox 223 1622 1597 1674; baseline 0.001 -14"><span class='ocrx_word' id='word_1_192' title='bbox 223 1622 456 1661; x_wconf 87' lang='lat' dir='ltr'><strong>tenuissent.</strong></span> <span class='ocrx_word' id='word_1_193' title='bbox 519 1623 682 1672; x_wconf 90' lang='lat' dir='ltr'><strong>laetare,</strong></span> <span class='ocrx_word' id='word_1_194' title='bbox 713 1624 883 1674; x_wconf 85' lang='lat' dir='ltr'><strong>iuvenis,</strong></span> <span class='ocrx_word' id='word_1_195' title='bbox 914 1624 1210 1663; x_wconf 89' lang='lat' dir='ltr'><strong>nobilissimam</strong></span> <span class='ocrx_word' id='word_1_196' title='bbox 1239 1625 1304 1663; x_wconf 89' lang='lat' dir='ltr'><strong>tui</strong></span> <span class='ocrx_word' id='word_1_197' title='bbox 1333 1625 1493 1674; x_wconf 89' lang='lat' dir='ltr'><strong>partem</strong></span> <span class='ocrx_word' id='word_1_198' title='bbox 1524 1623 1597 1662; x_wconf 90' lang='lat' dir='ltr'><strong>sci-</strong></span> 
     </span>
     <span class='ocr_line' id='line_1_26' title="bbox 223 1681 1638 1735; baseline 0.002 -16"><span class='ocrx_word' id='word_1_199' title='bbox 223 1681 319 1720; x_wconf 90' lang='lat' dir='ltr'><strong>licet</strong></span> <span class='ocrx_word' id='word_1_200' title='bbox 351 1683 527 1721; x_wconf 90' lang='lat' dir='ltr'><strong>animam</strong></span> <span class='ocrx_word' id='word_1_201' title='bbox 560 1696 681 1733; x_wconf 88' lang='lat' dir='ltr'><strong>quam</strong></span> <span class='ocrx_word' id='word_1_202' title='bbox 705 1684 949 1735; x_wconf 84' lang='lat' dir='ltr'><strong>perdideras,</strong></span> <span class='ocrx_word' id='word_1_203' title='bbox 981 1685 1132 1724; x_wconf 90' lang='lat' dir='ltr'><strong>auxilio</strong></span> <span class='ocrx_word' id='word_1_204' title='bbox 1160 1685 1334 1724; x_wconf 86' lang='lat' dir='ltr'><strong>feminae</strong></span> <span class='ocrx_word' id='word_1_205' title='bbox 1363 1683 1597 1735; x_wconf 86' lang='lat' dir='ltr'><strong>repperisse.</strong></span> <span class='ocrx_word' id='word_1_206' title='bbox 1618 1695 1638 1722; x_wconf 72' lang='lat' dir='ltr'><strong>a</strong></span> 
     </span>
     <span class='ocr_line' id='line_1_27' title="bbox 223 1742 1600 1785; baseline 0.001 -5"><span class='ocrx_word' id='word_1_207' title='bbox 223 1742 312 1781; x_wconf 86' lang='lat' dir='ltr'><strong>vita</strong></span> <span class='ocrx_word' id='word_1_208' title='bbox 343 1743 403 1781; x_wconf 88' lang='lat' dir='ltr'><strong>est</strong></span> <span class='ocrx_word' id='word_1_209' title='bbox 432 1742 667 1782; x_wconf 89' lang='lat' dir='ltr'><strong>beneficium</strong></span> <span class='ocrx_word' id='word_1_210' title='bbox 698 1745 889 1784; x_wconf 89' lang='lat' dir='ltr'><strong>mulieris.</strong></span> <span class='ocrx_word' id='word_1_211' title='bbox 952 1746 1098 1785; x_wconf 88' lang='lat' dir='ltr'><strong>mulier</strong></span> <span class='ocrx_word' id='word_1_212' title='bbox 1134 1746 1199 1784; x_wconf 89' lang='lat' dir='ltr'><strong>cui</strong></span> <span class='ocrx_word' id='word_1_213' title='bbox 1231 1745 1283 1784; x_wconf 90' lang='lat' dir='ltr'><strong>ad</strong></span> <span class='ocrx_word' id='word_1_214' title='bbox 1313 1744 1600 1783; x_wconf 84' lang='lat' dir='ltr'><strong>dimittendum</strong></span> 
     </span>
     <span class='ocr_line' id='line_1_28' title="bbox 225 1803 1600 1857; baseline 0.002 -17"><span class='ocrx_word' id='word_1_215' title='bbox 225 1815 402 1842; x_wconf 88' lang='lat' dir='ltr'><strong>amorem</strong></span> <span class='ocrx_word' id='word_1_216' title='bbox 434 1803 667 1854; x_wconf 87' lang='lat' dir='ltr'><strong>sufficiebat,</strong></span> <span class='ocrx_word' id='word_1_217' title='bbox 699 1806 746 1843; x_wconf 90' lang='lat' dir='ltr'><strong>ut</strong></span> <span class='ocrx_word' id='word_1_218' title='bbox 777 1805 937 1855; x_wconf 89' lang='lat' dir='ltr'><strong>odisset,</strong></span> <span class='ocrx_word' id='word_1_219' title='bbox 971 1807 1062 1856; x_wconf 88' lang='lat' dir='ltr'><strong>ipsa</strong></span> <span class='ocrx_word' id='word_1_220' title='bbox 1092 1818 1165 1857; x_wconf 89' lang='lat' dir='ltr'><strong>pro</strong></span> <span class='ocrx_word' id='word_1_221' title='bbox 1197 1807 1238 1845; x_wconf 92' lang='lat' dir='ltr'><strong>te</strong></span> <span class='ocrx_word' id='word_1_222' title='bbox 1271 1806 1496 1845; x_wconf 88' lang='lat' dir='ltr'><strong>commenta</strong></span> <span class='ocrx_word' id='word_1_223' title='bbox 1528 1805 1600 1854; x_wconf 88' lang='lat' dir='ltr'><strong>est,</strong></span> 
     </span>
     <span class='ocr_line' id='line_1_29' title="bbox 225 1863 1600 1914; baseline 0.002 -14"><span class='ocrx_word' id='word_1_224' title='bbox 225 1864 272 1901; x_wconf 90' lang='lat' dir='ltr'><strong>ut</strong></span> <span class='ocrx_word' id='word_1_225' title='bbox 311 1863 426 1901; x_wconf 91' lang='lat' dir='ltr'><strong>illam</strong></span> <span class='ocrx_word' id='word_1_226' title='bbox 466 1865 513 1902; x_wconf 90' lang='lat' dir='ltr'><strong>tu</strong></span> <span class='ocrx_word' id='word_1_227' title='bbox 552 1866 688 1914; x_wconf 89' lang='lat' dir='ltr'><strong>potius</strong></span> <span class='ocrx_word' id='word_1_228' title='bbox 730 1865 890 1905; x_wconf 89' lang='lat' dir='ltr'><strong>odisses.</strong></span> <span class='ocrx_word' id='word_1_229' title='bbox 954 1866 988 1904; x_wconf 89' lang='lat' dir='ltr'><strong>si</strong></span> <span class='ocrx_word' id='word_1_230' title='bbox 1023 1866 1187 1906; x_wconf 88' lang='lat' dir='ltr'><strong>dixeris:</strong></span> <span class='ocrx_word' id='word_1_231' title='bbox 1229 1867 1358 1906; x_wconf 88' lang='lat' dir='ltr'><strong>sentio</strong></span> <span class='ocrx_word' id='word_1_232' title='bbox 1395 1866 1600 1910; x_wconf 26' lang='lat' dir='ltr'><strong>,tormenta</strong></span> 
     </span>
     <span class='ocr_line' id='line_1_30' title="bbox 225 1923 1600 1979; baseline 0.002 -18"><span class='ocrx_word' id='word_1_233' title='bbox 225 1923 405 1973; x_wconf 83' lang='lat' dir='ltr'><strong>remedii,</strong></span> <span class='ocrx_word' id='word_1_234' title='bbox 438 1925 535 1973; x_wconf 89' lang='lat' dir='ltr'><strong>quid</strong></span> <span class='ocrx_word' id='word_1_235' title='bbox 559 1926 717 1975; x_wconf 91' lang='lat' dir='ltr'><strong>mirum,</strong></span> <span class='ocrx_word' id='word_1_236' title='bbox 744 1927 779 1964; x_wconf 92' lang='lat' dir='ltr'><strong>si</strong></span> <span class='ocrx_word' id='word_1_237' title='bbox 804 1927 996 1976; x_wconf 85' lang='lat' dir='ltr'><strong>queratur</strong></span> <span class='ocrx_word' id='word_1_238' title='bbox 1022 1940 1142 1979; x_wconf 87' lang='lat' dir='ltr'><strong>aeger</strong></span> <span class='ocrx_word' id='word_1_239' title='bbox 1171 1926 1438 1966; x_wconf 87' lang='lat' dir='ltr'><strong>abstinentiae</strong></span> <span class='ocrx_word' id='word_1_240' title='bbox 1464 1925 1600 1966; x_wconf 91' lang='lat' dir='ltr'><strong>dolore</strong></span> 
     </span>
     <span class='ocr_line' id='line_1_31' title="bbox 226 1984 1636 2038; baseline 0.001 -17"><span class='ocrx_word' id='word_1_241' title='bbox 226 1985 401 2023; x_wconf 90' lang='lat' dir='ltr'><strong>sanatus.</strong></span> <span class='ocrx_word' id='word_1_242' title='bbox 458 1984 619 2035; x_wconf 88' lang='lat' dir='ltr'><strong>ignibus</strong></span> <span class='ocrx_word' id='word_1_243' title='bbox 652 1987 692 2024; x_wconf 90' lang='lat' dir='ltr'><strong>et</strong></span> <span class='ocrx_word' id='word_1_244' title='bbox 716 1986 947 2026; x_wconf 83' lang='lat' dir='ltr'><strong>vulneribus</strong></span> <span class='ocrx_word' id='word_1_245' title='bbox 981 1989 1077 2026; x_wconf 89' lang='lat' dir='ltr'><strong>sunt</strong></span> <span class='ocrx_word' id='word_1_246' title='bbox 1102 2000 1270 2038; x_wconf 89' lang='lat' dir='ltr'><strong>corpora</strong></span> <span class='ocrx_word' id='word_1_247' title='bbox 1296 1999 1413 2038; x_wconf 89' lang='lat' dir='ltr'><strong>saepe</strong></span> <span class='ocrx_word' id='word_1_248' title='bbox 1446 1986 1599 2026; x_wconf 81' lang='lat' dir='ltr'><strong>sanata.</strong></span> <span class='ocrx_word' id='word_1_249' title='bbox 1620 1998 1636 2024; x_wconf 86' lang='lat'><strong>3</strong></span> 
     </span>
     <span class='ocr_line' id='line_1_32' title="bbox 226 2043 1600 2097; baseline 0.001 -14"><span class='ocrx_word' id='word_1_250' title='bbox 226 2043 276 2083; x_wconf 89' lang='lat' dir='ltr'><strong>ab</strong></span> <span class='ocrx_word' id='word_1_251' title='bbox 308 2044 383 2083; x_wconf 85' lang='lat' dir='ltr'><strong>hoc</strong></span> <span class='ocrx_word' id='word_1_252' title='bbox 409 2045 514 2083; x_wconf 90' lang='lat' dir='ltr'><strong>enim</strong></span> <span class='ocrx_word' id='word_1_253' title='bbox 539 2045 677 2084; x_wconf 88' lang='lat' dir='ltr'><strong>morbo</strong></span> <span class='ocrx_word' id='word_1_254' title='bbox 709 2047 796 2085; x_wconf 91' lang='lat' dir='ltr'><strong>sola</strong></span> <span class='ocrx_word' id='word_1_255' title='bbox 819 2048 1037 2086; x_wconf 86' lang='lat' dir='ltr'><strong>renitentia</strong></span> <span class='ocrx_word' id='word_1_256' title='bbox 1062 2050 1191 2087; x_wconf 88' lang='lat' dir='ltr'><strong>sanat.</strong></span> <span class='ocrx_word' id='word_1_257' title='bbox 1247 2060 1320 2087; x_wconf 88' lang='lat' dir='ltr'><strong>nec</strong></span> <span class='ocrx_word' id='word_1_258' title='bbox 1345 2048 1431 2087; x_wconf 89' lang='lat' dir='ltr'><strong>sine</strong></span> <span class='ocrx_word' id='word_1_259' title='bbox 1463 2047 1600 2097; x_wconf 90' lang='lat' dir='ltr'><strong>aliquo</strong></span> 
     </span>
     <span class='ocr_line' id='line_1_33' title="bbox 225 2106 1600 2158; baseline 0.001 -16"><span class='ocrx_word' id='word_1_260' title='bbox 225 2116 363 2143; x_wconf 89' lang='lat' dir='ltr'><strong>morsu</strong></span> <span class='ocrx_word' id='word_1_261' title='bbox 392 2106 571 2144; x_wconf 86' lang='lat' dir='ltr'><strong>resilitur</strong></span> <span class='ocrx_word' id='word_1_262' title='bbox 603 2118 627 2144; x_wconf 92' lang='lat' dir='ltr'><strong>a</strong></span> <span class='ocrx_word' id='word_1_263' title='bbox 657 2107 776 2145; x_wconf 88' lang='lat' dir='ltr'><strong>malis</strong></span> <span class='ocrx_word' id='word_1_264' title='bbox 809 2120 911 2156; x_wconf 86' lang='lat' dir='ltr'><strong>quae</strong></span> <span class='ocrx_word' id='word_1_265' title='bbox 948 2109 1159 2158; x_wconf 87' lang='lat' dir='ltr'><strong>voluptate</strong></span> <span class='ocrx_word' id='word_1_266' title='bbox 1190 2109 1418 2147; x_wconf 87' lang='lat' dir='ltr'><strong>tenuerunt.</strong></span> <span class='ocrx_word' id='word_1_267' title='bbox 1482 2107 1600 2157; x_wconf 90' lang='lat' dir='ltr'><strong>quale</strong></span> 
     </span>
     <span class='ocr_line' id='line_1_34' title="bbox 226 2164 1600 2219; baseline 0.002 -16"><span class='ocrx_word' id='word_1_268' title='bbox 226 2164 302 2203; x_wconf 89' lang='lat' dir='ltr'><strong>tibi</strong></span> <span class='ocrx_word' id='word_1_269' title='bbox 327 2165 546 2204; x_wconf 88' lang='lat' dir='ltr'><strong>remedium</strong></span> <span class='ocrx_word' id='word_1_270' title='bbox 578 2166 760 2205; x_wconf 87' lang='lat' dir='ltr'><strong>debuerit</strong></span> <span class='ocrx_word' id='word_1_271' title='bbox 794 2167 995 2218; x_wconf 88' lang='lat' dir='ltr'><strong>adhibere,</strong></span> <span class='ocrx_word' id='word_1_272' title='bbox 1022 2181 1069 2206; x_wconf 91' lang='lat' dir='ltr'><strong>ex</strong></span> <span class='ocrx_word' id='word_1_273' title='bbox 1094 2169 1287 2208; x_wconf 86' lang='lat' dir='ltr'><strong>hodierno</strong></span> <span class='ocrx_word' id='word_1_274' title='bbox 1313 2168 1461 2208; x_wconf 88' lang='lat' dir='ltr'><strong>sentire</strong></span> <span class='ocrx_word' id='word_1_275' title='bbox 1485 2168 1600 2219; x_wconf 89' lang='lat' dir='ltr'><strong>potes</strong></span> 
     </span>
     <span class='ocr_line' id='line_1_35' title="bbox 226 2225 1602 2279; baseline 0.002 -16"><span class='ocrx_word' id='word_1_276' title='bbox 226 2225 382 2264; x_wconf 86' lang='lat' dir='ltr'><strong>affectu.</strong></span> <span class='ocrx_word' id='word_1_277' title='bbox 445 2238 518 2276; x_wconf 90' lang='lat' dir='ltr'><strong>pro</strong></span> <span class='ocrx_word' id='word_1_278' title='bbox 556 2226 715 2265; x_wconf 82' lang='lat' dir='ltr'><strong>homine</strong></span> <span class='ocrx_word' id='word_1_279' title='bbox 756 2227 862 2266; x_wconf 89' lang='lat' dir='ltr'><strong>enim</strong></span> <span class='ocrx_word' id='word_1_280' title='bbox 900 2229 969 2277; x_wconf 87' lang='lat' dir='ltr'><strong>qui</strong></span> <span class='ocrx_word' id='word_1_281' title='bbox 1009 2231 1102 2279; x_wconf 89' lang='lat' dir='ltr'><strong>post</strong></span> <span class='ocrx_word' id='word_1_282' title='bbox 1143 2229 1234 2268; x_wconf 87' lang='lat' dir='ltr'><strong>odio</strong></span> <span class='ocrx_word' id='word_1_283' title='bbox 1277 2229 1460 2279; x_wconf 88' lang='lat' dir='ltr'><strong>queritur</strong></span> <span class='ocrx_word' id='word_1_284' title='bbox 1495 2227 1602 2278; x_wconf 89' lang='lat' dir='ltr'><strong>quod</strong></span> 
     </span>
     <span class='ocr_line' id='line_1_36' title="bbox 227 2287 1638 2340; baseline 0.003 -17"><span class='ocrx_word' id='word_1_285' title='bbox 227 2299 309 2324; x_wconf 87' lang='lat' dir='ltr'><strong>non</strong></span> <span class='ocrx_word' id='word_1_286' title='bbox 340 2287 461 2336; x_wconf 86' lang='lat' dir='ltr'><strong>amat,</strong></span> <span class='ocrx_word' id='word_1_287' title='bbox 493 2299 637 2336; x_wconf 88' lang='lat' dir='ltr'><strong>parum</strong></span> <span class='ocrx_word' id='word_1_288' title='bbox 661 2287 751 2337; x_wconf 86' lang='lat' dir='ltr'><strong>fuit,</strong></span> <span class='ocrx_word' id='word_1_289' title='bbox 784 2289 818 2326; x_wconf 88' lang='lat' dir='ltr'><strong>si</strong></span> <span class='ocrx_word' id='word_1_290' title='bbox 847 2300 981 2327; x_wconf 88' lang='lat' dir='ltr'><strong>amare</strong></span> <span class='ocrx_word' id='word_1_291' title='bbox 1008 2289 1218 2330; x_wconf 89' lang='lat' dir='ltr'><strong>desineret.</strong></span> <span class='ocrx_word' id='word_1_292' title='bbox 1283 2289 1381 2339; x_wconf 89' lang='lat' dir='ltr'><strong>quid</strong></span> <span class='ocrx_word' id='word_1_293' title='bbox 1412 2289 1509 2340; x_wconf 86' lang='lat' dir='ltr'><strong>agis,</strong></span> <span class='ocrx_word' id='word_1_294' title='bbox 1540 2289 1602 2326; x_wconf 91' lang='lat' dir='ltr'><strong>in-</strong></span> <span class='ocrx_word' id='word_1_295' title='bbox 1621 2300 1638 2327; x_wconf 77' lang='lat'>3</span> 
     </span>
    </p>
   </div>
   <div class='ocr_carea' id='block_1_3' title="bbox 229 2369 517 2373">
    <p class='ocr_par' dir='ltr' id='par_1_3' title="bbox 229 2369 517 2373">
     <span class='ocr_line' id='line_1_37' title="bbox 229 2369 517 2373; baseline 0 0"><span class='ocrx_word' id='word_1_296' title='bbox 229 2369 517 2373; x_wconf 95' lang='lat' dir='ltr'><strong> </strong></span> 
     </span>
    </p>
   </div>
   <div class='ocr_carea' id='block_1_4' title="bbox 327 2413 1483 2461">
    <p class='ocr_par' dir='ltr' id='par_1_4' title="bbox 327 2413 1483 2461">
     <span class='ocr_line' id='line_1_38' title="bbox 327 2413 1483 2461; baseline 0.002 -13"><span class='ocrx_word' id='word_1_297' title='bbox 327 2417 369 2448; x_wconf 84' lang='lat'><strong>12</strong></span> <span class='ocrx_word' id='word_1_298' title='bbox 397 2413 660 2459; x_wconf 76' lang='lat' dir='ltr'><strong>cupiditati?.9</strong></span> <span class='ocrx_word' id='word_1_299' title='bbox 686 2415 813 2461; x_wconf 61' lang='lat' dir='ltr'><strong>(legere</strong></span> <span class='ocrx_word' id='word_1_300' title='bbox 837 2426 914 2451; x_wconf 74' lang='lat' dir='ltr'><strong>non</strong></span> <span class='ocrx_word' id='word_1_301' title='bbox 934 2416 1059 2461; x_wconf 74' lang='lat' dir='ltr'><strong>potui)</strong></span> <span class='ocrx_word' id='word_1_302' title='bbox 1085 2423 1128 2451; x_wconf 81' lang='lat' dir='ltr'><em>M</em></span> <span class='ocrx_word' id='word_1_303' title='bbox 1225 2420 1269 2451; x_wconf 83' lang='lat'><strong>14</strong></span> <span class='ocrx_word' id='word_1_304' title='bbox 1294 2416 1413 2452; x_wconf 90' lang='lat' dir='ltr'><strong>mirae</strong></span> <span class='ocrx_word' id='word_1_305' title='bbox 1440 2420 1483 2450; x_wconf 76' lang='grc' dir='ltr'><em>Μ</em></span> 
     </span>
    </p>
   </div>
  </div>
 </body>
</html>
