1638 2560
507 92 827 130 DECLAMATm
853 91 957 129 xvn
978 95 1131 129 10-12.
1423 93 1512 136 311

126 221 264 261 casus,
302 209 357 250 ad.
381 209 503 261 *quod
540 209 726 262 languor,
767 209 893 260 dolor,
931 208 982 248 ad
1021 208 1129 259 quod
1166 209 1402 261 confugeret
1440 207 1515 248 im-

129 271 294 323 provisa
323 267 539 310 debilitas?

220 331 428 371 Miramini
464 330 572 382 quod
608 331 685 371 hoc
721 331 885 371 fecerim
921 331 1041 370 homo
1081 331 1151 382 qui
1188 330 1295 371 circa
1331 343 1395 370 me
1433 330 1514 370 for·
1535 329 1587 367 12

129 394 290 444 tnmam,
323 393 394 443 qui
425 392 658 432 discrimina
693 392 872 431 humana
910 390 1091 432 lassavi?
1153 392 1219 431 cui
1250 392 1383 431 nescio
1417 389 1516 442 quid

93 468 111 495 5
131 453 262 493 adhuc
298 454 416 505 paret
451 453 602 492 totiens
633 453 743 492 victa
775 451 956 492 delatio?
1017 451 1159 492 debuit
1188 452 1335 492 habere
1366 453 1410 491 in
1442 464 1515 492 sua

130 516 331 566 potestate
362 515 534 553 mortem
567 526 686 564 quem
716 515 801 552 iam
832 515 948 565 pater
979 515 1141 564 poterat
1171 513 1362 553 occidere.

222 571 330 614 ‘Non
355 570 445 624 est',
475 574 623 625 inquit,
651 571 870 624 ‘credibile,
902 577 949 613 ut
973 570 1083 613 mori
1103 574 1280 614 volueris
1307 574 1514 614 absolutus

129 646 211 686 qm
238 648 330 676 reus
374 632 570 675 noluisti?
634 637 819 686 poteram
857 634 1020 685 quidem
1058 631 1208 675 dicere:
1246 637 1380 686 pater,
1419 634 1514 685 vin',

129 695 228 736 dum
259 708 376 747 spero
407 697 470 736 fas
503 708 598 746 esse,
631 698 679 735 ut
708 697 881 747 incipias
915 695 1134 746 aliquando
1165 695 1364 746 misereri,
1395 697 1444 734 ut
1472 696 1514 734 te

76 772 111 799 10
130 757 296 808 squalor
331 769 445 796 meus
482 757 665 808 frangat,
702 757 895 809 mitigent
931 757 1141 807 lacrimae,
1183 756 1318 808 pallor
1361 757 1514 807 exoret3

130 817 199 857 sed
230 819 393 871 ignosce
424 818 693 867 innocentiae,
725 819 822 857 tunc
847 831 910 856 me
936 817 1071 857 decuit
1102 819 1289 868 pertinax
1315 819 1357 856 et
1380 814 1515 869 rigida

129 878 320 918 defensio.
370 878 466 929 vixi,
498 891 548 917 ne
579 892 643 918 me
674 878 881 917 videretur
919 878 1118 929 expulisse
1149 878 1198 916 de
1230 878 1390 918 saeculo
1422 891 1513 929 pro—

128 939 346 979 fundorum
371 939 566 979 scelerum
585 939 832 989 deprehensa
856 939 1094 990 trepidatio:
1121 952 1170 978 ne
1197 952 1317 990 super
1342 939 1516 978 cadaver

128 1013 263 1039 meum
287 1000 536 1051 proclamare
563 1012 718 1051 posses:
746 996 867 1039 ‘certe
893 1001 1037 1039 merito
1062 1001 1196 1050 timui,
1226 1000 1372 1040 merito
1397 1011 1514 1050 prae-

75 1075 109 1102 15
129 1060 231 1100 dixi:
261 1057 437 1114 (duxit)
461 1073 660 1099 venenum
687 1061 757 1111 qui
775 1060 940 1100 vivendi
965 1074 1045 1100 non
1070 1060 1246 1100 habebat
1272 1057 1511 1100 audaciam.’

128 1134 178 1161 ne
204 1122 401 1173 supremis
432 1121 532 1161 meis
558 1120 854 1172 conviciareris,
886 1134 936 1161 ne
962 1121 1060 1172 quid
1085 1134 1222 1172 posses
1249 1121 1404 1161 obicere
1429 1122 1514 1160 iam

129 1194 210 1222 non
247 1183 458 1234 negaturo.
520 1195 664 1221 verum
694 1182 773 1221 tibi
804 1182 852 1221 de
890 1183 1150 1233 impatientia
1181 1195 1271 1221 mea
1302 1182 1514 1221 fatendum

130 1244 203 1292 est,
235 1242 375 1282 eadem
400 1244 535 1283 mente
560 1243 675 1282 nolui
699 1244 815 1293 mori,
841 1255 932 1282 cum
958 1242 1178 1292 abdicares,
1204 1257 1283 1294 qua
1308 1256 1389 1282 non
1415 1242 1513 1293 bibi,

129 1316 220 1343 cum
250 1304 420 1343 iuberes.

73 1379 110 1405 20
221 1363 301 1404 Sed
331 1365 463 1404 fruere
495 1365 656 1414 iterum,
687 1364 819 1403 fruere
852 1365 1011 1414 saepius
1042 1363 1289 1403 confessione
1319 1365 1406 1403 tam
1437 1364 1512 1402 mi-

129 1436 230 1475 sera,
262 1426 314 1475 et,
347 1424 443 1475 quia
475 1425 610 1464 oculos
637 1425 865 1476 spectaculo
890 1437 972 1464 non
1003 1425 1121 1464 licuit
1151 1425 1332 1475 implere,
1364 1425 1512 1464 satien-

130 1486 199 1524 tur
231 1498 367 1524 aures:
404 1486 517 1524 volui
547 1487 662 1524 mori.
726 1485 856 1535 adice,
889 1485 923 1524 si
955 1485 1126 1535 videtur,
1158 1485 1262 1524 hanc
1292 1485 1410 1524 malis
1442 1498 1513 1524 no-

130 1545 223 1585 stris
261 1546 564 1596 contumeliam,
604 1548 651 1584 ut
688 1546 910 1598 interroges
950 1559 1074 1596 quare
1106 1545 1293 1585 abdicare
1325 1558 1389 1584 me
1421 1546 1512 1585 sub-

128 1606 222 1645 inde
246 1605 444 1646 voluisti‘?
487 1606 583 1657 quid
611 1607 683 1656 ais,
702 1619 838 1645 rerum
862 1608 1023 1657 natura,
1048 1605 1207 1657 pietas?
1239 1606 1300 1645 ita
1323 1606 1511 1646 iustiores

75 1681 109 1708 25
130 1679 271 1706 causas
311 1666 435 1706 habet
478 1668 724 1718 inpatientia
763 1681 884 1718 quam
922 1679 1134 1718 corporum
1178 1667 1343 1717 damna,
1390 1661 1513 1718 quam

129 1727 391 1789 facultatium
434 1728 564 1766 tristis
606 1727 787 1767 eversio?
850 1729 894 1767 in
935 1740 1122 1779 suprema
1162 1728 1408 1779 praecipitat
1448 1740 1511 1767 me

228 1823 246 1854 1
276 1817 492 1865 confugii-et
510 1825 586 1864 BV,
606 1830 698 1855 corr.
719 1825 757 1854 B
822 1823 843 1855 3
871 1819 973 1855 circa
991 1831 1037 1855 ex
1056 1830 1167 1855 cai-ca
1186 1826 1224 1854 B
1290 1823 1312 1854 4
1339 1819 1512 1863 didiscri-

128 1867 233 1903 mina
258 1873 296 1902 B
368 1866 477 1913 quid:
506 1867 572 1912 qui
597 1873 635 1902 Β
707 1871 728 1903 6
755 1879 884 1913 quem:
913 1868 953 1914 qi
972 1874 1009 1903 Β
1080 1869 1216 1915 pater}
1241 1868 1278 1914 (3
1298 1868 1366 1904 litt.
1388 1870 1452 1914 er.)
1473 1874 1517 1903 Μ

129 1919 151 1951 8
176 1915 531 1962 pater—misereri
558 1915 579 1951 l.
602 1919 626 1952 9
651 1927 719 1953 om.
741 1922 786 1962 Β,
813 1918 856 1952 in
880 1928 996 1964 τηαν-9.
1017 1917 1150 1962 infima
1169 1916 1256 1952 add.
1272 1923 1295 1951 ὁ
1372 1919 1416 1952 10
1442 1916 1512 1952 1111-

128 1965 256 2035 11186ηὲ
267 1994 305 2024 Β
370 1990 500 2024 exoret
513 2000 558 2024 ex
571 1988 620 2024 -it
631 1995 670 2024 Β
731 1993 774 2025 11
789 2000 850 2025 1116
860 2000 929 2025 om.
945 1995 995 2034 M,
1009 2001 1112 2036 supr.
1126 2004 1169 2024 m
1236 1988 1422 2025 medicuit
1441 1996 1469 2024 V

128 2036 304 2082 pertinax
326 2048 372 2073 eoe
390 2037 570 2083 partinax
583 2042 620 2072 Β
691 2038 730 2072 et
749 2049 816 2074 om.
839 2052 864 2074 a
937 2037 1064 2084 rigida
1083 2049 1128 2074 ea:
1146 2038 1282 2084 regida
1294 2044 1346 2083 Β;
1366 2038 1512 2085 rigida-

129 2096 204 2131 que
230 2091 273 2120 M
345 2089 389 2121 12
415 2097 463 2121 116
490 2097 558 2121 om.
579 2091 649 2120 BV
719 2089 763 2121 14
789 2097 901 2133 posse
919 2092 990 2122 BV
1061 2090 1104 2122 15
1132 2086 1241 2122 duxit
1260 2086 1347 2122 add.
1372 2086 1437 2122 Gr.

128 2133 319 2169 habebam
346 2139 389 2169 Μ
486 2137 529 2169 16
556 2135 769 2180 sappi-emis
788 2141 859 2170 BV
936 2134 1228 2170 convinciareris
1255 2149 1279 2170 α
1305 2137 1343 2182 (11
1370 2135 1437 2170 del.
1459 2141 1511 2178 153

123 2193 177 2218 er.
193 2183 247 2228 M)
316 2183 448 2228 posset
467 2188 536 2217 BV
606 2186 650 2218 17
676 2182 868 2229 patientia
887 2189 967 2218 ΒΜ
983 2182 1057 2229 (vel
1075 2183 1321 2229 impatientia
1339 2195 1440 2229 supr.
1455 2185 1511 2228 m)

130 2233 176 2265 20
201 2230 326 2266 fruere
346 2234 432 2267 ante
457 2230 610 2277 saepius
635 2241 703 2267 om.
725 2238 769 2277 P,
795 2234 838 2268 in
856 2243 973 2278 marq.
994 2231 1082 2267 add.
1101 2246 1130 2272 p
1205 2236 1247 2267 21
1277 2231 1465 2267 saoienter
1490 2237 1519 2265 V

130 2279 259 2326 661116Β
279 2297 323 2326 Μ
393 2295 438 2327 23
466 2291 628 2327 subinde
647 2302 708 2328 me
729 2301 748 2335 β
817 2295 863 2328 24
882 2293 1042 2327 naturae
1063 2299 1100 2336 σς
1127 2293 1267 2328 natura
1287 2293 1326 2328 et
1345 2301 1365 2335 β
1435 2302 1512 2327 11011

128 2350 308 2387 iustiores
329 2351 409 2388 Sch.
511 2355 556 2386 25
582 2339 682 2387 habe
707 2358 745 2387 Β
850 2355 896 2387 26
929 2351 1157 2388 facultatum
1189 2359 1263 2395 Υβσ*
1368 2351 1425 2386 in:
1457 2352 1511 2386 im

130 2405 174 2434 M
249 2400 439 2445 praecitat
465 2405 515 2445 Μ,
533 2400 582 2446 *pi
606 2412 708 2446 supr.
729 2415 771 2435 m
1466 2401 1468 2403 ’
