1638 2560
146 535 170 572 4

195 121 279 164 192
554 116 845 154 SEPVLORVM
869 114 1197 151 lNOANTATVM

192 235 399 286 intellego,
444 247 533 272 cum
570 234 675 271 inter
714 231 908 283 gementis
945 230 1049 269 iacet
1086 229 1262 268 medium
1299 229 1482 279 cadaver,
1520 230 1561 268 et

194 309 283 335 cum
315 295 442 334 omnis
473 294 632 333 videtur
662 292 860 331 remisisse
893 303 1019 340 curas,
1050 291 1146 328 tunc
1178 290 1302 329 sentit
1333 289 1490 340 aliquid
1521 290 1562 329 et

193 355 392 405 intellegit
423 356 463 393 et
487 355 592 392 inter
617 365 710 392 suos
734 352 897 390 iudicat.
948 363 1091 390 moneo
1123 352 1177 400 te,
1209 349 1374 400 orbitas,
1404 363 1561 400 moneo,

194 416 354 454 effusius
391 414 504 464 fleas,
548 414 710 453 effusius
755 412 910 462 efferas,
955 424 1175 461 numquam
1217 411 1367 461 perisse
1411 410 1559 450 credas.

193 476 268 514 filii
299 476 360 513 sui
390 475 532 513 umbra
563 475 628 513 cui
659 487 739 512 non
771 473 949 523 apparet,
980 472 1178 510 irascitur.
1597 483 1613 510 5

284 535 371 574 Iam
409 534 533 586 gelidi
569 535 683 585 piger
721 534 898 583 corporis
935 533 1098 583 sanguis
1137 544 1273 570 omnes
1310 532 1353 570 in
1390 531 1561 570 mortem

194 597 407 635 strinxerat
432 607 566 643 venas,
599 595 639 632 et
669 594 902 632 nutantium
934 593 1068 644 fulgor
1097 593 1296 631 extremus
1321 591 1562 631 vanescebat

193 656 415 704 oculorum,
454 657 493 693 et
523 656 604 693 iam
637 653 937 704 desperantibus
975 652 1140 692 medicis
1173 651 1395 691 crediderat
1432 653 1560 702 pater,

194 716 321 754 adhuc
352 717 488 754 tamen
520 716 671 765 spirare
702 715 825 752 matri
849 713 1073 764 videbatur,
1106 714 1147 751 et
1172 725 1450 762 quamcunque
1475 725 1560 751 cor-

192 777 299 826 poris
330 778 485 826 partem
517 775 661 814 osculis
692 776 838 813 misera
867 774 1125 824 tepefecerat,
1155 773 1227 812 illo
1253 774 1362 812 vitae
1387 773 1561 812 calorem
1580 786 1614 812 ιο

191 836 338 875 redisse
364 835 574 875 clamabat.
625 835 763 874 oderat
787 836 912 886 ignes,
938 834 1078 873 oderat
1101 846 1233 885 rogos,
1252 835 1392 884 reponi
1417 845 1560 884 corpus

194 898 234 935 et
273 897 424 935 servari
466 896 644 934 membra
688 895 883 946 cupiebat.
954 896 994 933 et
1038 906 1143 932 nunc
1185 894 1388 933 infelicem
1429 894 1560 945 magis

192 958 361 995 matrem
397 957 576 1007 paenitet
614 955 720 1006 quod
765 956 943 1005 sepultus
985 956 1046 994 est
1083 956 1154 1004 qui
1195 955 1357 1005 poterat
1399 955 1557 993 reverti.

193 1017 302 1055 scitis
328 1018 407 1066 ipsi
427 1029 505 1066 quo
533 1017 789 1066 exequiarum
809 1016 892 1054 dies
917 1015 1053 1054 labore
1075 1016 1254 1054 extracta
1274 1016 1338 1065 sit,
1366 1014 1559 1065 quamdiu

193 1076 320 1115 filium
338 1078 512 1115 tenuerit
538 1076 857 1115 adlambentibus
883 1076 1066 1115 fiammis.
1117 1075 1222 1114 unde
1243 1076 1350 1114 enim
1369 1076 1560 1126 speraret,
1581 1087 1614 1114 15

192 1139 239 1175 ut
269 1138 409 1187 postea
438 1137 572 1176 videre
606 1135 882 1188 contingeret?
920 1138 966 1174 ut
998 1138 1110 1175 extra
1142 1136 1359 1175 orbitatem
1395 1135 1561 1175 haberet

194 1195 356 1236 oculos?
417 1198 499 1235 iam
533 1210 695 1249 magum
733 1198 878 1236 misera
923 1196 1157 1247 quaerebat,
1201 1198 1247 1235 ut
1284 1196 1426 1235 umbra
1470 1208 1560 1235 evo-

195 1258 360 1296 caretur.

282 1317 470 1367 Reliqua,
501 1319 630 1356 mater
660 1318 818 1366 infeliX,
856 1319 901 1356 tu
934 1318 985 1356 ad
1015 1317 1166 1356 iudices
1198 1317 1345 1356 referre
1377 1316 1560 1367 debebas,

193 1379 233 1415 et
263 1377 342 1416 nisi
373 1377 563 1427 orbitate,
601 1379 679 1417 nisi
715 1379 890 1417 lacrimis
923 1391 1000 1416 vox
1037 1380 1262 1417 mutaretur
1294 1379 1338 1416 in
1375 1378 1561 1430 gemitus,
1580 1389 1616 1416 20

193 1439 327 1477 noctes
356 1439 446 1477 tuas
473 1439 622 1488 quanto
648 1438 790 1478 melius
815 1441 885 1477 tuo
913 1451 979 1477 ore
1004 1437 1190 1489 lugeres?
1242 1451 1328 1490 ego,
1358 1439 1560 1488 utcunque

193 1500 343 1547 potero,
374 1499 582 1548 perferam.
634 1499 792 1546 satiare,
824 1500 982 1548 misera,
1014 1500 1162 1538 satiare
1195 1499 1338 1550 saltem
1366 1499 1561 1537 memoria

195 1557 272 1596 diei
314 1558 424 1597 illius
476 1572 553 1608 quo
598 1560 783 1609 exequias
827 1560 936 1598 unici
978 1559 1173 1599 duximus.
1236 1560 1319 1598 iam
1362 1559 1560 1610 planctus,

193 1618 344 1667 inquit,
375 1619 638 1668 lacrimasque
673 1632 995 1669 consumpseram
1028 1621 1068 1658 et
1098 1619 1283 1660 tenebras
1314 1619 1443 1658 veluti
1472 1632 1560 1670 per-

194 1679 335 1727 petuas
369 1678 503 1717 venire
535 1679 766 1730 gaudebam.
817 1681 900 1718 iam
937 1680 1111 1732 fatigata
1151 1680 1470 1731 propinquorum
1502 1679 1560 1718 of-
1580 1691 1614 1719 8⁵

194 1737 284 1776 ficia
322 1738 564 1788 defecerant,
601 1741 683 1778 iam
719 1741 954 1792 plangorem
991 1740 1170 1780 familiae
1209 1740 1314 1780 altus
1352 1752 1472 1790 sopor
1501 1741 1561 1779 vi-

148 1796 171 1833 5
198 1800 315 1836 cerat.
378 1811 492 1849 rogo,
530 1813 578 1838 ne
611 1800 700 1849 quis
738 1802 823 1839 tam
861 1802 1170 1840 contumeliosus
1209 1802 1262 1840 sit
1298 1801 1341 1839 in
1378 1801 1561 1850 matrem,

292 1904 309 1935 1
337 1902 528 1946 gementes
554 1908 658 1936 BMts
740 1906 760 1937 2
788 1914 915 1938 omnes
942 1910 1030 1946 Mgw
1105 1903 1260 1940 remisse
1291 1910 1331 1949 νς
1357 1903 1561 1939 redemisse

193 1955 232 1992 J,
258 1960 348 1984 corr.
370 1957 384 1982 i
457 1951 562 1985 tunc:
590 1952 632 1985 tn
659 1959 677 1992 β
751 1954 772 1985 4
798 1950 897 1987 feras
922 1958 967 1995 B,
995 1951 1035 1987 ef
1057 1964 1156 1998 supr.
1179 1959 1202 1986 b
1277 1955 1297 1987 6
1329 1951 1432 1998 pigri
1457 1958 1493 1986 P

194 1997 314 2032 omnis
340 2003 377 2031 B
498 2001 516 2032 7
544 1998 720 2033 strixerat
746 2006 781 2033 P
886 2000 1102 2035 natantium
1130 2001 1195 2037 Gr.
1319 2004 1341 2036 8
1367 1999 1561 2036 oculorum

194 2046 380 2080 extremus
405 2046 632 2081 vanescebat
662 2053 690 2080 V
759 2050 778 2081 9
807 2048 949 2093 spirare
976 2055 1030 2084 M:
1058 2059 1209 2094 sperare
1234 2049 1370 2095 reliqui
1440 2049 1562 2084 mater

193 2101 264 2134 γᾶς
339 2098 381 2129 10
409 2093 526 2129 oculis
554 2103 572 2136 β
645 2094 711 2130 1110
737 2106 782 2130 ex
806 2095 872 2131 ille
892 2103 933 2131 M
1004 2097 1216 2142 squalorem
1244 2103 1287 2132 M
1359 2100 1401 2132 11
1429 2097 1563 2132 oderat

194 2141 327 2176 oderat
347 2143 516 2188 (alterum
536 2143 667 2178 oderat
686 2154 752 2179 om.
770 2150 818 2188 11,
844 2155 943 2190 supr.
959 2147 1000 2190 Ιι)
1026 2146 1134 2192 ignes
1154 2145 1287 2191 reponi
1312 2154 1340 2180 ό·
1412 2148 1455 2180 13
1480 2156 1562 2181 ma-

192 2189 289 2225 trem
313 2190 436 2236 magis
463 2199 482 2233 β
580 2194 624 2226 14
657 2191 736 2226 dies
766 2192 847 2227 Gr:
881 2193 942 2228 die
969 2208 998 2227 ω
1098 2197 1141 2229 15
1174 2205 1197 2229 a
1227 2193 1483 2229 lambentibus
1508 2199 1560 2238 B3

194 2248 216 2273 a
241 2237 459 2273 labentibus
491 2245 543 2273 Vq
637 2243 679 2274 17
705 2250 886 2286 magnum
911 2248 947 2275 B
1017 2242 1157 2277 misera
1180 2253 1336 2289 magum
1362 2250 1382 2285 β
1452 2251 1561 2277 voca-

192 2287 296 2322 retur
314 2292 351 2321 B
424 2290 468 2322 19
495 2287 633 2322 debeas
659 2294 726 2322 VM
742 2289 847 2334 (corr.
867 2290 921 2335 m)
997 2294 1042 2325 20
1069 2292 1107 2325 et
1126 2301 1193 2326 om.
1216 2297 1259 2325 M
1329 2294 1372 2326 22
1399 2289 1563 2337 misera}

198 2340 227 2368 V
295 2338 340 2370 23
366 2334 470 2370 illius
497 2335 573 2370 diei
600 2345 618 2378 β
693 2336 852 2371 dicimus
880 2346 899 2379 β
972 2342 1017 2374 25
1043 2338 1172 2373 venire
1197 2350 1265 2375 om.
1286 2345 1332 2384 B,
1358 2338 1444 2375 add.
1466 2345 1489 2373 b

192 2406 408 2454 gaudebam
432 2414 460 2442 V
546 2411 590 2443 26
619 2396 811 2444 defecerat
835 2415 872 2444 B
954 2410 1203 2456 planguorem
1228 2417 1298 2446 BV
1391 2413 1436 2446 27
1463 2410 1517 2446 sic
1542 2418 1562 2453 β
