1638 2560
413 90 830 129 DECLAMATIONES
856 91 1100 139 xvmsxlx,
1366 93 1461 135 427

63 207 265 260 respondi.
321 208 382 251 M
410 220 434 246 ο
461 219 583 257 quam
611 219 740 258 prava
764 207 991 258 responsio!
1045 206 1171 258 quid?
1204 207 1239 247 si
1265 209 1456 248 innocens

65 271 166 309 erat.
228 269 273 308 P.
301 266 427 319 quid?
460 280 512 307 an
537 267 742 317 innocens,
774 268 809 307 si
835 268 949 307 aliud
981 268 1166 308 omnibus
1191 267 1350 319 liquet?
1394 270 1456 309 M.

65 330 173 379 date,
202 329 248 368 P.
274 327 330 378 0.,
362 328 469 378 date,
500 328 633 368 verbis
666 341 718 367 an
749 328 870 368 rebus
899 329 1169 368 examinanda
1202 331 1263 368 est
1293 329 1456 370 veritas.

63 403 276 442 nunquam
302 402 420 429 reum
444 389 596 429 facient
627 389 751 428 verba
777 403 898 440 quem
927 402 992 429 res
1022 391 1115 440 ipsa
1140 389 1327 430 absolvit.
1385 403 1458 430 cur

28 464 46 492 5
64 451 196 491 filium
227 449 439 492 occidisti?
493 450 539 488 P.
567 451 664 500 quia
696 450 896 500 amabam,
927 463 1010 490 non
1039 451 1200 501 osculis,
1233 464 1315 491 non
1345 451 1455 491 infir-

63 513 219 562 mitate,
249 524 332 551 non
356 511 549 559 lacrimis,
580 511 651 550 sed
675 511 842 561 viribus,
874 511 1025 561 dolore,
1057 512 1268 562 patientia.
1327 512 1458 563 eripui

63 573 260 622 malitiae,
290 571 443 612 abstuli
466 572 671 611 infamiae.
730 585 847 611 nemo
873 572 1004 612 filium
1028 585 1147 612 suum
1179 573 1274 612 odio
1297 573 1456 612 occidit.

63 634 230 674 maioris
262 633 428 673 affectus
471 634 531 672 est
568 633 699 671 filium
740 633 921 672 occidere
954 645 1078 684 quam
1118 633 1337 673 vindicare.
1393 635 1455 674 M.

62 693 192 746 quid?
232 694 341 745 quod
366 694 466 733 dicit
490 695 639 732 mater:
672 694 820 743 amavi,
848 694 957 744 quod
982 696 1118 744 pater:
1151 693 1307 734 occidi?
1348 707 1456 734 mors

0 769 45 796 ιο
64 757 106 795 et
136 768 251 795 amor
281 768 363 794 non
388 755 645 794 conveniunt.
702 755 818 794 nefas
844 756 906 794 est
930 756 1149 805 utrumque
1180 755 1458 795 innocentiam

62 818 228 867 putare,
258 815 374 856 nefas
406 817 468 855 est
499 817 719 866 utrumque
750 815 836 855 filio
868 815 1024 855 debere.
1088 829 1160 856 cur
1190 815 1317 855 filium
1353 817 1455 856 occi-

63 876 190 917 dista?
245 877 291 915 P.
317 876 379 916 vis
421 877 522 916 scire
566 875 772 915 breviter?
835 877 933 927 quia
970 889 1053 915 non
1094 878 1257 928 poterat
1297 878 1335 915 ei
1377 878 1457 916 nisi

62 939 192 978 morte
224 937 416 978 succurri.
473 937 536 976 vis
563 936 702 976 aliud?
759 950 810 976 ne
835 950 876 977 se
902 938 1036 988 ipsum
1062 937 1275 987 occideret,
1308 939 1344 977 si
1375 950 1456 977 non

63 998 226 1049 sufficit,
258 999 356 1049 quia
386 998 431 1037 in
455 997 586 1037 filium
610 998 720 1048 patri
746 998 855 1037 vitae
881 999 1071 1049 necisque
1103 998 1326 1038 arbitrium
1350 1011 1456 1038 com-

0 1072 44 1100 ¹15
62 1061 233 1100 missum
256 1061 328 1099 est.
385 1060 447 1099 M.
474 1061 573 1098 esto.
630 1059 701 1099 sed
722 1072 798 1109 per
822 1058 943 1098 fidem
974 1060 1238 1109 paternitatis
1270 1073 1352 1109 oro⁷
1386 1073 1458 1099 cur

61 1122 150 1172 ipse
193 1119 407 1161 occidisti?
471 1120 516 1159 P.
542 1132 638 1170 pars
679 1121 826 1160 secreti
865 1121 963 1168 fuit,
1005 1122 1052 1160 ut
1091 1122 1179 1171 ipse
1221 1120 1454 1160 occiderem.

61 1182 124 1222 M.
149 1181 267 1221 dono.
324 1195 396 1221 cur
426 1193 521 1220 vero
547 1180 602 1229 id,
636 1180 743 1231 quod
767 1182 859 1231 ipsa
883 1182 1014 1220 morte
1046 1181 1248 1221 crudelius
1280 1183 1353 1231 est⁷
1386 1194 1458 1220 cur

60 1241 247 1282 torsisti?
307 1242 353 1281 P.
380 1243 428 1280 ut
463 1243 689 1280 invenirem
722 1242 821 1292 quid
853 1242 1066 1281 crederem.
1122 1243 1184 1281 M.
1212 1240 1339 1292 quid?
1395 1243 1456 1281 vis

60 1304 164 1343 scire
215 1303 315 1353 quid
363 1304 542 1352 primum
598 1301 755 1342 facias?
811 1315 1013 1342 sermones
1063 1302 1250 1351 observa,
1302 1305 1456 1342 secreta

7 1377 44 1404 20
60 1364 233 1413 custodi,
263 1363 349 1403 dies
375 1364 594 1413 noctesque
622 1365 814 1402 scrutare.
873 1363 973 1413 quid
1002 1363 1081 1402 tibi
1106 1376 1198 1403 cum
1229 1363 1458 1414 supremis?

63 1424 234 1465 Excedit
259 1437 420 1463 omnem
445 1423 667 1463 stultitiam
692 1426 894 1474 torquere,
926 1426 973 1463 ut
998 1425 1102 1464 scias
1129 1437 1182 1463 311
1206 1424 1456 1475 torquendus

63 1487 127 1526 sit.
183 1486 384 1525 incestum
421 1485 507 1524 iam
550 1484 688 1524 credas
730 1486 910 1553 oportet,
952 1487 998 1523 ut
1036 1487 1239 1535 torqueas.
1296 1485 1342 1524 P.
1375 1498 1457 1524 non

62 1547 151 1586 erat
181 1547 406 1586 maximum
442 1546 600 1585 facinus
639 1558 663 1584 a
695 1546 875 1585 minimis
913 1546 1212 1596 inquirendum.
1269 1546 1364 1585 inde
1394 1547 1455 1585 in-

63 1607 295 1676 cipiendum
335 1605 443 1646 unde
483 1607 632 1645 valeat.
690 1607 751 1645 M.
788 1607 987 1655 omnium,
1033 1606 1076 1644 P
1112 1605 1165 1655 O„
1206 1607 1456 1648 incertorum

7 1681 44 1708 25
64 1669 312 1719 suspiciones
344 1680 368 1706 a
401 1667 635 1718 corporibus
677 1668 850 1717 pessime
887 1668 1109 1717 incipiunt3
1150 1680 1223 1707 nec
1260 1669 1370 1707 recte
1408 1668 1457 1707 de

63 1728 243 1769 moribus
283 1729 400 1767 illam
446 1730 607 1778 partem
652 1729 877 1780 interroges
920 1740 1025 1778 quae
1065 1741 1147 1767 non
1193 1728 1345 1768 iudicio
1388 1729 1457 1768 sed

63 1790 197 1829 dolori
225 1789 453 1840 respondet.
511 1789 581 1828 sed
611 1788 733 1828 fidem
764 1789 992 1838 hominum,
1037 1802 1109 1829 cur
1139 1788 1332 1840 torques?
1395 1791 1455 1829 in·

64 1851 219 1891 costum
251 1851 287 1890 si
318 1863 399 1889 non
432 1850 573 1898 credis,
605 1851 794 1899 torquere
826 1863 908 1888 non
940 1849 1079 1899 debes,
1112 1851 1147 1889 si
1178 1850 1320 1898 credis,
1353 1852 1455 1890 occi-

64 1911 167 1951 dere.
224 1911 269 1950 P.
290 1911 445 1950 rumori
463 1911 696 1950 satisfacere
723 1911 846 1949 volui.
897 1911 958 1950 M.
978 1910 1120 1950 itane?
1178 1911 1295 1961 atqui
1321 1924 1457 1951 coram

6 1985 46 2013 zo
65 1972 250 2012 omnibus
281 1971 530 2021 torquendus
562 1973 642 2020 est,
674 1971 723 2010 de
756 1984 836 2022 quo
868 1972 1092 2021 loquuntur
1123 1985 1273 2012 omnes.
1330 1985 1456 2012 secre-

65 2034 154 2072 tum
185 2032 436 2084 quaestionis
474 2045 548 2072 nec
584 2033 739 2072 incesto
778 2031 947 2071 debetur
977 2032 1080 2081 filio,
1122 2046 1195 2073 nec
1236 2034 1455 2072 innocenti.

63 2095 273 2144 praestare
305 2092 423 2132 debes
457 2096 528 2132 aut
560 2093 656 2141 tibi,
697 2094 733 2133 si
764 2093 970 2133 confessus
1002 2094 1147 2142 fuerit,
1189 2096 1260 2132 aut
1292 2093 1389 2142 filio,
1422 2095 1457 2132 si

163 2262 183 2293 2
211 2257 300 2293 aliis
334 2263 371 2292 R
519 2261 541 2292 4
566 2257 682 2293 verba
713 2269 782 2293 om.
818 2263 878 2292 VB
1024 2269 1137 2303 quem
1172 2259 1267 2294 Bw:
1302 2269 1399 2303 quae
1426 2272 1456 2291 ω

67 2309 88 2342 5
115 2305 223 2351 quia:
251 2305 352 2352 quod
381 2311 408 2340 1·
503 2309 525 2341 6
551 2305 687 2341 erubui
712 2311 773 2340 VB
870 2309 891 2341 9
919 2305 1109 2352 quidquid
1129 2320 1159 2340 ω
1260 2305 1357 2341 dicis
1377 2320 1406 2340 ω

65 2354 182 2390 matri
213 2360 287 2389 VB.
364 2353 458 2401 quid
478 2368 509 2388 ω
604 2357 648 2390 10
675 2356 938 2399 utrumque—
954 2356 1012 2390 est
1038 2366 1107 2390 om.
1134 2361 1196 2389 VB
1282 2358 1324 2389 17
1353 2354 1455 2399 quod

66 2403 160 2439 Bw:
188 2413 304 2448 quam
330 2417 359 2437 ω
460 2406 505 2438 25
532 2405 652 2438 recte:
679 2404 781 2438 certe
811 2409 846 2439 11
946 2406 991 2438 30
1018 2403 1237 2438 hominibus
1266 2409 1301 2438 R
