1638 2560
490 105 810 142 Dncnmnc
835 105 924 142 vm
943 109 1048 142 '1—9.
1378 106 1466 150 153

84 220 179 271 fert,
209 234 264 261 au
291 233 366 272 per
394 220 470 260 hoc
500 221 669 261 alterius
700 221 777 273 filii
808 222 945 261 anima
969 220 1220 260 redimatur?
1270 223 1306 262 si
1335 223 1467 272 pan-i—

86 281 239 323 oidium
267 281 331 322 fas
361 283 424 321 est
453 281 561 321 ullas
586 283 768 333 accipere
792 294 946 332 causas,
977 281 1085 322 filius
1116 284 1285 334 propter
1308 296 1351 322 se
1374 284 1465 322 tan-

85 343 176 384 tum
206 341 326 383 debet
356 341 495 382 occidi.

175 401 351 452 Adicite,
368 402 534 453 iudices,
552 404 804 443 immanitati
822 403 930 454 quod
950 403 1099 443 oceidit
1118 416 1295 456 aegrum.
1337 405 1467 443 omni-

50 475 69 503 5
85 462 162 504 bus
193 462 380 514 equidem
415 464 656 504 mortalibus
686 465 884 504 maiorem
915 464 1153 504 crediderim
1184 465 1234 503 de
1271 465 1468 517 languore

86 524 224 565 venire
246 525 528 574 reverentiam,
561 526 603 565 et
625 525 791 564 illorum
817 538 976 576 quoque
1002 538 1102 576 quos
1132 526 1241 565 inter
1265 525 1468 576 supplicia

85 585 293 636 pomanus
325 585 445 625 avido
477 588 706 637 spectamus
745 586 935 636 adsensu,
971 587 1087 626 iuxta
1118 586 1371 626 valetudines
1403 588 1467 625 ta·

85 658 179 686 men
214 645 525 697 morborumque
556 647 795 686 violentiam
827 647 1003 697 quodam
1038 647 1294 686 innocentiae
1325 647 1467 686 favore

45 711 48 713 ’
84 706 333 747 miseremur.
383 708 427 746 in
453 707 679 747 carceribus
705 710 746 747 et
775 709 819 746 in
843 708 917 746 illa
942 708 1144 759 profunda
1168 710 1287 747 nocte
1317 720 1469 758 poena-

31 779 69 806 ιο
84 779 179 807 rum
207 767 437 820 religiosius
474 768 545 808 ille
576 768 713 807 anheli
742 769 919 819 pectoris
956 769 1089 819 pallor
1122 770 1349 820 inspicitur,
1385 781 1468 808 non

86 828 146 868 sic
176 829 430 868 confundunt
460 829 600 869 obvios
635 830 826 881 gravibus
858 830 1011 869 catenis
1043 830 1147 869 colla
1178 829 1394 869 stridentia
1426 831 1469 869 et

86 887 246 928 diutino
276 889 464 940 squalore
496 892 682 929 concreta
713 891 838 929 facies
868 892 917 929 ut
948 891 1020 929 ille
1053 903 1172 940 quem
1203 890 1256 929 ad
1286 891 1468 942 singulos

86 951 256 990 conatus
287 962 526 1002 gressusque
556 951 760 990 labentem
785 952 854 990 vix
878 951 1007 990 trahit
1034 952 1290 1002 impellitque
1321 952 1468 1004 longus

87 1009 185 1050 ordo
216 1011 463 1061 vinctorum,
502 1013 543 1050 et
579 1012 687 1051 inter
723 1013 788 1050 tot
824 1011 1048 1052 destinatos
1085 1014 1227 1062 totque
1264 1013 1468 1063 perituros

30 1065 67 1109 15
85 1071 266 1111 omnium
302 1072 441 1111 tamen
475 1072 520 1110 in
551 1084 593 1112 se
623 1074 834 1123 retorquet
864 1073 1001 1112 oculos
1032 1086 1135 1112 unus
1174 1086 1304 1124 aeger.
1367 1072 1467 1123 quid
1490 1073 1518 1110 9

86 1129 175 1171 ais?
206 1133 253 1171 tu
276 1132 395 1172 illum
420 1146 540 1183 quem
565 1146 671 1172 nunc
696 1134 811 1173 nefas
838 1136 900 1174 est
924 1135 1137 1186 castigare,
1164 1133 1469 1184 reprehendere,

86 1193 201 1233 cuius
233 1192 398 1233 auribus
434 1206 600 1244 parcere
633 1194 859 1233 debuerunt
888 1196 1073 1234 saeviora
1104 1194 1246 1244 verba,
1282 1207 1402 1245 quem
1433 1195 1470 1234 si

88 1253 186 1304 quid
217 1267 404 1306 negares,
435 1254 628 1294 videreris
659 1255 858 1305 occidere,
895 1256 1021 1305 ferro,
1054 1255 1288 1295 vulneribus
1325 1268 1469 1307 aggre-

87 1312 222 1354 deris?

32 1384 70 1412 ὀ
177 1375 271 1414 Non
300 1376 437 1426 potest
473 1375 567 1415 hinc
604 1377 683 1415 tibi
713 1378 851 1415 venire
882 1376 1081 1426 defensio,
1118 1378 1165 1415 ut
1195 1377 1270 1416 hoc
1302 1377 1356 1416 sis
1393 1389 1470 1426 pro

87 1435 255 1476 alterius
287 1437 418 1476 salute
449 1439 711 1476 commentus.
759 1438 868 1476 inter
898 1437 997 1477 duos
1029 1438 1177 1477 liberos
1208 1438 1300 1489 pari
1330 1436 1470 1488 despe-

86 1497 246 1536 ratione
270 1497 522 1549 languentes,
554 1497 606 1536 da
630 1497 781 1537 bonum
806 1499 976 1548 patrem,
1008 1511 1089 1537 non
1116 1497 1468 1548 praeponderabit.

88 1556 332 1597 alterutrum
363 1571 444 1597 non
476 1559 617 1610 eliget,
655 1558 742 1607 sed,
779 1560 826 1597 ut
857 1560 1056 1598 incertum
1088 1559 1277 1598 orbitatis
1309 1558 1470 1608 evadat,

88 1618 175 1669 ipse
206 1619 412 1658 morietur-

34 1687 71 1715 85
180 1679 374 1729 Temptat
403 1679 478 1718 hoc
503 1679 605 1729 loco,
634 1679 800 1729 iudices,
832 1680 1130 1719 crudelissimus
1162 1693 1281 1719 senex
1308 1693 1470 1720 excusa-

88 1739 242 1779 tionem
279 1740 524 1779 temeritatis
561 1753 657 1780 suae
696 1740 744 1779 de
781 1741 1028 1780 medicorum
1064 1741 1225 1780 trahere
1262 1753 1469 1781 consensu.

91 1795 449 1851 ‘desperaverant'‚
479 1802 628 1851 inquit,
659 1797 725 1840 ‘de
750 1798 932 1841 duobus.'
984 1814 1132 1852 sepono
1159 1802 1368 1852 paulisper
1395 1802 1470 1840 im-

89 1862 330 1901 manitatem
361 1862 491 1912 patris
523 1863 595 1913 qui
626 1862 808 1911 credidit,
840 1864 881 1902 et
911 1862 961 1902 de
993 1864 1348 1914 arrogantissimae
1379 1875 1470 1913 per-

190 1993 209 2024 1
236 1977 466 2035 pai-icidium
490 1995 529 2024 Β
619 1994 640 2025 2
666 1989 754 2026 illas
781 1997 818 2025 P
906 1993 927 2025 3
955 1990 1070 2025 debes
1097 1997 1134 2025 P
1220 1993 1240 2025 7
1267 1992 1470 2037 pereuntes

90 2043 182 2081 Ιρσ
276 2040 517 2084 expectemus
549 2044 589 2082 V?
615 2037 884 2084 spectabamus
910 2047 938 2074 «r
1031 2038 1263 2075 valitudines
1288 2045 1375 2082 Bw}

93 2089 138 2122 10
162 2085 293 2122 haneli
316 2092 345 2121 V
416 2091 459 2122 11
487 2086 617 2122 obvios
643 2098 689 2123 ex
713 2087 875 2123 oblivios
894 2093 933 2122 Β
1004 2087 1195 2123 stedentia
1214 2094 1259 2131 P,
1284 2099 1304 2122 r
1321 2099 1423 2133 supr.
1443 2101 1471 2127 p

93 2137 139 2170 16
171 2135 255 2182 agis
281 2141 319 2171 Β
410 2139 454 2171 17
481 2146 592 2180 quem
619 2146 688 2172 om.
710 2144 786 2178 αγσ
881 2139 926 2172 18
953 2135 1144 2182 egrederis
1170 2142 1222 2180 Β;
1251 2135 1471 2182 agredgeris

91 2183 120 2230 (i
137 2185 285 2220 videtur
303 2186 367 2230 er.)
382 2190 438 2229 Μς
459 2184 722 2230 aggredereris
742 2193 770 2219 tr
828 2188 874 2219 20
901 2183 1089 2219 defensio:
1111 2184 1270 2220 offensio
1289 2191 1330 2228 J,
1349 2196 1440 2220 corr
1457 2192 1471 2218 s

93 2235 139 2268 22
163 2212 503 2279 praeponderabit:
529 2231 634 2278 pond
658 2233 700 2268 in
725 2245 799 2270 ras.
819 2239 872 2277 B3
897 2232 1181 2278 praeponderat
1201 2239 1411 2277 neor-⁷11»

94 2321 139 2354 23
166 2316 285 2363 eliget
309 2328 354 2353 ea:
378 2316 490 2364 eligit
514 2323 552 2352 Β
630 2320 674 2352 26
700 2291 1006 2353 ὺθῑηθῐίὺειὺίῗιῃῗίῖ
1030 2323 1068 2352 Β
1146 2321 1190 2352 27
1212 2321 1299 2363 post
1324 2316 1472 2352 duobus

94 2366 228 2413 legitur
254 2366 320 2401 sed
344 2368 390 2401 ut
414 2366 601 2401 incertum
633 2365 811 2401 orbitatis
843 2366 983 2401 evadat
1011 2368 1206 2412 repetitum
1234 2378 1280 2401 ex
1311 2366 1334 2401 1.
1355 2368 1405 2401 23
1430 2366 1472 2400 in

94 2422 171 2457 αγσ
266 2425 508 2468 seponopono
540 2421 568 2448 V
662 2417 708 2450 28
733 2414 925 2460 persuasis
952 2415 1057 2460 (corr.
1078 2426 1177 2450 man.
1197 2415 1236 2460 2)
1263 2422 1291 2449 σ
