1638 2560
190 117 276 159 396
613 114 872 151 EXCERPTA
897 97 1139 150 PARISINA.

187 243 364 282 causam,
397 232 430 270 si
462 231 578 269 illum
604 230 788 280 redditio,
819 243 881 268 me
914 229 1137 280 redemptio
1170 229 1403 270 reduxisset.
1466 230 1511 270 Ρ.
1541 245 1564 271 o

187 293 315 331 multo
351 292 559 342 aptiorem,
590 291 736 330 fortem
766 290 945 339 evadere,
978 289 1150 329 debilem
1174 290 1382 341 redimere,
1406 292 1566 342 patrem

189 365 363 403 pascere.
419 353 468 391 F.
502 352 608 402 quod
649 365 739 389 eum
779 352 909 402 magis
948 350 1151 400 dilexeris,
1193 351 1317 390 etiam
1359 349 1564 392 convictus

188 413 343 463 probat.
409 413 472 450 illi
512 425 667 462 semper
708 412 827 462 lenis,
869 412 970 450 mihi
1011 424 1128 462 asper
1169 411 1372 451 exstitisti.
1438 413 1566 452 Pstu

187 475 306 524 frugi,
339 473 407 511 ille
434 473 609 524 fragilis,
635 475 675 511 te
702 473 816 521 serie,
842 472 958 511 illum
990 472 1134 512 misere
1160 471 1388 524 diligebam.
1447 473 1566 512 aliter

187 536 305 583 atque
338 534 473 583 aliter,
511 546 591 572 non
626 534 755 584 magis
788 534 910 583 atque
942 534 1086 572 minus.
1144 534 1192 572 F.
1227 533 1316 583 quis
1348 546 1429 573 non
1459 533 1565 573 indi-

187 595 332 645 gnetur
352 593 458 644 quod
476 593 634 632 validus
654 593 803 644 fragili,
825 593 931 643 quod
951 606 1072 632 sanus
1093 594 1258 646 aegroto
1279 593 1564 645 postponitur?

184 655 228 692 P.
257 654 345 704 quis
372 654 463 693 inde
495 656 629 704 potius
655 653 899 705 indignetur,
932 654 1010 693 nisi
1043 655 1077 694 si
1105 654 1197 705 plus
1223 653 1414 694 amatur?
1445 654 1566 694 irasci

186 716 291 753 enim
323 714 430 765 quod
467 727 547 753 non
587 715 643 754 sic
674 717 967 765 praeponatur,
1005 714 1257 765 impatientis
1299 718 1360 755 est
1390 714 1564 756 hominis

188 777 257 825 qui
287 775 417 826 magis
450 774 644 827 diligitur.
708 776 756 814 F.
788 775 874 825 ipse
905 775 1041 826 pirata
1066 776 1271 816 utrumvis
1304 775 1464 816 obtulit.
1519 777 1563 815 P.

187 835 385 884 condicio,
418 849 496 874 non
528 837 608 874 nisi
640 836 740 874 duro
772 836 1019 887 redemptori
1050 837 1228 887 ponitur.
1292 837 1341 876 F.
1374 838 1409 876 si
1441 837 1565 876 durus

189 909 304 946 esses,
337 896 495 935 etiamsi
526 909 606 934 non
637 898 720 935 iam
750 899 881 936 certus
912 898 955 935 in
987 910 1050 935 me
1076 897 1283 937 haesisses.
1345 898 1390 936 P.
1423 898 1565 948 fateor,

185 956 291 1006 quod
331 956 467 995 odium
499 958 575 1007 est,
618 957 660 995 P.
689 956 742 1007 G,
775 957 995 997 deliberavi
1036 971 1162 1008 eoque
1200 958 1390 1010 languori
1425 958 1564 998 adieci.

185 1017 309 1056 sensit
349 1030 467 1069 aeger
508 1017 605 1067 quid
646 1030 771 1057 essem
812 1019 954 1057 neutro
999 1019 1216 1070 languente
1258 1019 1451 1058 facturus.
1514 1020 1563 1058 F.

182 1077 329 1127 probat
360 1091 480 1127 quam
511 1078 746 1117 irrationale
784 1079 909 1118 fuerit
939 1079 1102 1118 redimi:
1137 1092 1218 1119 non
1248 1081 1384 1130 potuit
1414 1079 1563 1131 reduci,

184 1151 305 1188 quam
330 1138 491 1177 inutile:
523 1140 706 1179 mortuus
734 1141 804 1178 est.
866 1140 911 1178 P.
939 1139 1053 1190 atqui
1079 1139 1227 1190 probat
1250 1140 1415 1179 fortuna
1441 1153 1563 1191 quam

181 1198 391 1248 rationale,
424 1198 518 1237 dum
549 1200 654 1238 facit·
679 1200 884 1239 residuum
915 1199 1099 1250 rediisse,
1131 1213 1255 1251 quam
1285 1201 1406 1240 utile:
1446 1203 1564 1252 pater

181 1259 397 1298 homicidio
423 1259 525 1298 liber
556 1261 626 1299 est.
683 1261 732 1300 F.
760 1274 830 1300 cur
854 1274 933 1300 non
960 1262 1090 1300 maius
1118 1262 1304 1312 attulisti,
1337 1263 1386 1300 ut
1417 1263 1458 1301 et
1489 1274 1563 1314 ego

184 1318 427 1358 redimerer?
483 1321 526 1359 P.
560 1334 676 1360 nemo
709 1335 781 1371 pro
808 1321 945 1360 liberis
977 1322 1070 1372 plus
1097 1321 1208 1361 dedit
1235 1334 1357 1372 quam
1384 1321 1455 1372 qui
1485 1322 1563 1362 sibi

182 1380 284 1418 nihil
325 1381 501 1430 reliquit.
573 1382 650 1420 feci
691 1382 797 1432 quod
838 1382 965 1432 potui.
1035 1383 1081 1420 tu
1122 1382 1242 1421 redde
1285 1382 1393 1433 quod
1433 1382 1562 1422 debes.

183 1441 231 1478 F.
265 1440 315 1478 ab
349 1454 393 1479 eo
425 1442 649 1491 pascendus
676 1455 728 1493 es,
761 1456 833 1493 pro
868 1456 947 1493 quo
980 1443 1185 1482 mendicus
1213 1443 1376 1483 effectus
1409 1456 1462 1483 es.
1517 1444 1563 1482 P.

184 1513 255 1550 pro
289 1501 443 1540 duobus
474 1503 649 1552 pretium
682 1503 872 1542 contraxi.
930 1503 991 1542 vis
1025 1503 1124 1543 scire
1158 1503 1254 1554 quid
1285 1505 1434 1555 pirata,
1466 1504 1565 1555 quid

181 1563 297 1611 pater
329 1561 482 1613 egerit?
539 1563 637 1602 duos
675 1563 845 1614 redemi,
886 1577 1013 1602 unum
1054 1564 1198 1614 recepi.
1256 1565 1304 1604 F.
1339 1577 1412 1617 ego
1452 1564 1563 1615 mihi,

182 1634 261 1659 non
286 1621 363 1660 tibi
388 1622 511 1661 debeo
539 1623 646 1673 quod
671 1624 783 1662 redii.
834 1625 877 1662 P.
907 1626 1079 1664 evasisse
1104 1627 1146 1664 te
1172 1624 1321 1676 putas?
1376 1625 1563 1665 dimissus

184 1694 234 1719 es.
284 1694 417 1720 meum
448 1683 491 1721 id
522 1684 618 1722 fecit
651 1684 791 1723 datum
823 1685 1035 1724 amborum
1066 1687 1261 1736 pretium,
1299 1698 1389 1724 mea
1419 1686 1562 1736 pietas.

185 1754 208 1778 a
250 1743 380 1791 primo
421 1744 676 1795 neglegentes
719 1747 812 1784 sunt
858 1747 899 1784 in
946 1746 1132 1785 secundo.
1205 1745 1298 1785 inde
1338 1747 1563 1786 remittunt.

183 1813 300 1852 pasce
319 1803 456 1853 igitur.
499 1806 539 1842 et
558 1806 697 1853 merui,
726 1808 766 1844 et
784 1806 848 1844 lex
866 1807 1076 1857 praecipit.
1127 1808 1177 1847 F.
1197 1808 1315 1858 pater
1339 1806 1563 1858 pascendus

185 1864 256 1911 est,
289 1863 359 1901 sed
389 1863 526 1903 bonus.
583 1866 627 1903 P.
662 1866 759 1916 quid
793 1867 875 1918 legi
912 1866 1134 1917 imprecer?
1191 1869 1263 1906 aut
1292 1879 1453 1919 pascas,
1492 1869 1564 1906 aut

181 1923 383 1962 vinciaris.
445 1925 542 1963 vah!
580 1926 640 1964 ita
671 1927 803 1977 pascit
836 1929 905 1977 qui
937 1928 1106 1979 cogitur.
1163 1928 1225 1967 vis
1257 1927 1387 1978 patris
1418 1941 1564 1967 nomen

181 1996 262 2021 non
295 1983 523 2035 corrumpi?
563 1985 714 2024 bonum
745 1989 903 2036 patrem
937 1988 1044 2027 filius
1077 1989 1180 2038 alat,
1213 1989 1277 2026 lex
1307 1989 1472 2028 malum.
1509 1989 1562 2040 *si

182 2043 256 2093 vis,
293 2044 479 2083 affectum
517 2046 652 2096 debes,
695 2047 728 2086 si
769 2049 920 2098 minus,
962 2049 1208 2088 servitutem.
1271 2049 1405 2088 nullus
1446 2047 1564 2099 pater

178 2212 183 2217 ε
280 2175 297 2205 1
326 2171 560 2208 reduxissem
585 2179 655 2207 BV
775 2178 794 2209 7
828 2185 942 2220 aegro
967 2182 1071 2211 BVR
1195 2175 1444 2223 praeponitur
1469 2182 1506 2211 P

182 2221 202 2253 9
229 2220 483 2265 postponatur
502 2227 607 2256 RVB
703 2222 914 2268 impatietis
941 2225 999 2259 est
1021 2231 1076 2268 R;
1103 2224 1302 2270 impatiest
1325 2230 1442 2268 PVB3
1469 2235 1560 2261 corr.

182 2268 257 2303 Bu.
359 2267 533 2304 odiosum
558 2275 668 2304 BRV
762 2275 806 2305 14
833 2271 934 2316 quod
966 2278 1027 2306 VB
1134 2276 1177 2308 15
1204 2272 1467 2308 irrationabile
1490 2278 1563 2308 PR

182 2314 323 2361 (bi'del.
345 2317 409 2361 Ρ);
430 2316 644 2353 irrationali
669 2323 730 2353 VB
804 2322 847 2354 17
868 2319 1096 2364 rationabile
1114 2327 1150 2355 Ρ
1222 2332 1303 2356 esse
1323 2335 1353 2356 ω
1427 2324 1471 2356 21
1491 2331 1561 2368 pro

178 2374 248 2446 pm.
275 2370 336 2399 VB
420 2369 464 2400 23
490 2365 627 2401 redimi
653 2373 681 2400 V
761 2370 804 2402 30
831 2367 973 2402 malum
999 2370 1041 2404 in
1066 2380 1138 2405 ras.
1161 2381 1260 2405 man.
1280 2372 1307 2406 2
1330 2375 1370 2414 νς
1395 2368 1457 2405 lex
1481 2379 1563 2404 ma-

194 2424 258 2447 um
284 2424 352 2449 om.
378 2419 416 2449 B

1603 486 1619 513 5

1586 790 1620 816 10

1585 1092 1618 1119 15

1583 1395 1619 1421 20

1584 1699 1618 1725 25

1582 2001 1618 2026 30
