1638 2560
478 172 484 180 .
500 123 819 160 DECLAMATIO
845 123 914 160 ΧΠ
933 127 1039 160 5-7,
1368 124 1458 167 223

167 239 253 280 Nos
282 240 445 279 interim
480 242 620 278 coacta
650 240 782 290 primo
815 253 863 279 ex
895 238 1002 290 agris
1039 251 1185 289 pecora
1217 239 1458 289 diripuimus

77 302 131 350 et,
160 313 212 340 ne
235 301 405 340 venturo
432 300 576 339 saltem
603 313 708 339 anno
734 299 911 351 prospici
935 301 1084 350 posset,
1115 313 1196 339 non
1220 300 1458 350 reliquimus

78 360 149 411 qui
180 362 361 411 ararent,
398 360 532 400 boves.
595 360 677 399 iam
712 362 837 400 servis
875 361 993 412 fugas
1031 360 1337 410 imperavimus,
1374 361 1458 399 iam

76 421 382 473 procumbentes
408 423 502 460 ante
528 421 672 461 limina
696 422 927 472 principum
952 433 1150 472 pauperes
1174 422 1218 460 in
1243 422 1342 472 ipsis
1367 435 1458 472 pre-

39 495 56 522 5
77 482 190 521 cibus
228 483 423 533 expirant.
485 481 741 532 plorantibus
779 482 917 521 liberis
954 482 1136 533 legatum
1166 482 1456 532 promittimus.

75 543 159 582 iam
195 543 358 582 tantum
395 542 472 582 sibi
511 543 679 593 quisque
719 555 814 582 cura
859 544 928 582 est.
991 542 1095 581 nihil
1136 543 1273 581 tamen
1313 543 1458 582 horum

76 603 201 642 etiam
231 615 337 642 nunc
366 602 410 641 in
441 603 638 642 invidiam
669 603 796 654 legati
828 616 984 654 queror,
1017 603 1148 642 adhuc
1178 604 1290 654 prior
1316 615 1456 643 cursus

76 665 148 703 est.
197 663 391 703 hactenus
417 666 555 703 nostra
580 664 689 702 mala
720 664 902 714 tulimus,
934 665 978 702 in
1002 663 1159 715 reliqua
1190 665 1349 716 legatus
1381 676 1453 703 nos
1483 665 1502 701 7

74 723 248 764 vicarios
280 724 403 763 dedit.
453 724 489 763 si
521 724 739 775 quicquam
770 725 847 763 tibi
878 724 1046 763 humani
1077 726 1286 776 sanguinis
1318 737 1454 775 super-

21 798 57 825 ιο
76 785 148 834 est,
180 786 260 825 nisi
284 785 411 824 nimia
436 786 652 824 saturitate
678 786 835 824 alienae
860 785 1047 824 fortunae
1073 786 1269 837 cogitatio
1297 785 1456 835 excidit,

75 846 229 896 respice
254 846 412 897 patriae
439 858 586 896 casum,
618 847 773 896 respice
799 847 1079 898 gravissimam
1110 846 1328 885 fortunam.
1381 847 1454 884 mi-

76 906 155 944 seri
184 907 226 945 te
257 907 455 956 misimus,
488 908 701 956 expectant
731 906 877 957 pallidi
909 919 1211 959 exsanguesque
1243 908 1350 946 cives
1381 907 1456 957 tui,

76 968 118 1006 et
149 967 344 1018 quicquid
375 967 543 1006 extremi
575 967 740 1017 spiritus
767 967 897 1006 adhuc
922 969 1116 1017 superest,
1148 980 1218 1018 spe
1243 968 1306 1006 tui
1330 967 1455 1006 trahi—

73 1028 153 1066 tur.
203 1027 334 1080 figura
364 1027 441 1066 tibi
467 1040 602 1067 exesos
628 1028 778 1078 vultus,
811 1028 1103 1067 decrescentem
1131 1028 1341 1079 populum,
1372 1029 1456 1067 iam

22 1100 55 1127 15
74 1079 353 1138 praemortuas
384 1089 501 1127 vires.
565 1100 637 1127 nec
668 1089 885 1139 quicquam
921 1089 1065 1127 horum
1102 1091 1218 1140 potes
1256 1089 1455 1141 ignorare,

75 1149 110 1187 si
143 1148 241 1199 quid
271 1148 348 1188 tibi
380 1149 596 1199 credimus,
634 1149 740 1188 fame
778 1149 1031 1188 laborantem
1065 1150 1272 1189 civitatem
1303 1149 1453 1189 vidisti.

74 1209 235 1259 festina,
255 1208 349 1248 dum
370 1210 585 1260 supersunt
605 1209 749 1259 quibus
768 1210 1015 1262 legationem
1033 1210 1253 1249 renunties.
1294 1210 1454 1259 festina,

75 1269 171 1308 dum
200 1271 305 1308 mori
335 1270 527 1309 ultimum
558 1272 628 1309 est.
692 1271 895 1310 frumento
928 1271 1042 1322 digni
1073 1284 1220 1310 sumus.
1279 1271 1380 1321 quid
1411 1271 1454 1309 in

73 1342 146 1369 nos
188 1330 387 1369 convertis
431 1332 554 1369 etiam
600 1331 756 1370 alienae
797 1331 976 1370 civitatis
1016 1330 1192 1370 famem?
1255 1334 1454 1382 quatenus

20 1403 56 1430 20
74 1390 189 1430 nobis
216 1391 532 1441 computandum
564 1394 642 1430 est:
674 1393 839 1442 propter
871 1393 910 1430 te
943 1392 1111 1442 duplum
1142 1392 1242 1431 mali
1273 1392 1452 1431 tulimus.

74 1452 120 1490 tu
152 1463 274 1502 supra
304 1451 551 1491 frumentum
583 1452 790 1502 publicum
822 1452 958 1491 stertis
992 1454 1032 1491 et
1064 1453 1192 1492 omnis
1224 1452 1348 1491 maris
1380 1452 1452 1491 cir-

74 1514 304 1551 cumvectus
337 1525 426 1551 oras
458 1513 581 1550 litora
613 1514 834 1563 portusque
868 1514 1084 1564 cognoscis.
1136 1515 1183 1552 tu
1214 1514 1322 1552 inter
1353 1513 1452 1552 duas

74 1572 261 1612 civitates
299 1573 478 1612 fatorum
517 1572 677 1622 arbiter,
716 1573 872 1612 alienae
912 1574 1106 1624 conditor,
1149 1575 1244 1613 tuae
1283 1587 1453 1623 eversor,

74 1633 247 1672 salutem
266 1635 447 1672 nostram
472 1634 693 1685 peregrinis
714 1634 920 1673 admetiris
947 1636 987 1672 et
1012 1635 1186 1673 secunda
1211 1636 1453 1686 tempestate

21 1705 54 1732 εις
74 1694 118 1732 in
161 1694 338 1743 patriam
381 1694 535 1732 ferente
579 1696 803 1734 contrarios
843 1696 983 1734 ventos
1029 1697 1206 1746 exoptas.
1268 1708 1340 1735 nos
1382 1709 1454 1745 per

75 1756 232 1793 arentes
264 1753 379 1793 effusi
411 1767 572 1804 campos
603 1756 863 1794 morientium
902 1756 1120 1794 herbarum
1150 1755 1305 1795 radices
1337 1757 1451 1796 velli-

72 1826 174 1864 mus,
206 1815 336 1854 omnis
367 1815 521 1854 radices
547 1815 746 1866 vellimus,
779 1829 825 1855 eo
852 1815 1013 1866 quidem
1038 1817 1196 1866 fortius,
1228 1819 1274 1855 ut
1306 1818 1339 1856 si
1365 1816 1453 1855 fieri

170 1993 190 2025 2
217 1989 467 2036 relinquimus
493 1997 563 2026 BV
583 1992 622 2037 (n
649 1991 715 2026 del.
737 1993 774 2037 b)
859 1995 880 2027 3
907 1991 1025 2027 bovus
1050 1998 1096 2037 B,
1123 2003 1214 2028 corr.
1237 2000 1260 2027 ὸ
1349 1996 1368 2027 7
1394 1993 1452 2028 in-

71 2038 215 2074 vidiam
241 2041 261 2074 e
286 2038 406 2086 legati
431 2045 469 2074 B
585 2043 628 2075 10
654 2039 774 2075 minia
799 2046 827 2074 V
945 2040 1070 2076 excidi
1095 2047 1141 2086 B,
1167 2042 1184 2076 t
1208 2053 1309 2087 supr.
1332 2048 1355 2075 ιι
1388 2034 1390 2046 '

74 2090 118 2122 13
144 2087 203 2122 tui
229 2099 277 2123 an
305 2087 366 2123 cui
393 2086 462 2122 ?B
542 2091 585 2122 15
613 2088 800 2134 quidquid
827 2095 863 2123 P
923 2090 1061 2138 ¹potest
1084 2096 1122 2124 B
1199 2093 1241 2124 17
1265 2090 1320 2126 bis
1345 2089 1451 2125 festi-

71 2135 240 2170 nandum
265 2141 320 2170 VJ
402 2139 446 2171 18
468 2140 554 2181 post
579 2138 637 2171 est
662 2136 748 2173 add.
776 2136 935 2186 festinat
972 2138 1064 2172 dum
1102 2139 1275 2184 superest
1312 2138 1450 2184 quibus

71 2182 302 2229 legationem
333 2184 527 2219 renunties
552 2191 604 2229 Βς
639 2184 898 2220 festinandum
931 2187 1126 2232 super-{est
1159 2189 1190 2232 (s
1216 2189 1279 2232 er.)
1312 2186 1450 2233 quibus

71 2231 303 2279 legationem
329 2232 523 2268 renunties
548 2239 577 2267 V
646 2237 689 2268 21
718 2245 833 2279 supra
858 2246 925 2269 om.
948 2243 967 2277 β
1040 2234 1237 2280 publicum
1264 2247 1332 2271 om.
1356 2242 1385 2269 V

72 2291 202 2316 omnes
227 2287 299 2323 νβσ
394 2282 624 2317 circovectus
651 2288 687 2316 Ρ
794 2286 839 2318 22
865 2283 978 2318 horas
1005 2290 1032 2318 V
1135 2283 1332 2330 cognoscit
1356 2289 1384 2317 V

73 2332 116 2364 23
145 2329 322 2364 adversor
348 2335 390 2364 Μ
485 2333 530 2364 24
556 2330 875 2376 peregrinationis
901 2338 981 2366 ΒΜ
1076 2331 1272 2367 admeritis
1298 2338 1350 2375 B;
1385 2331 1449 2366 ad-

70 2377 182 2412 metis
203 2383 246 2412 Μ
317 2381 361 2412 25
388 2377 532 2414 ferente
561 2387 597 2413 e:
624 2378 788 2414 ferentes
815 2379 895 2425 (-tis
917 2381 973 2426 11)
995 2394 1041 2424 ως
1068 2380 1231 2416 ferentes
1257 2380 1402 2415 habens
1430 2388 1451 2413 ς

73 2428 116 2460 27
144 2426 265 2461 omnis
289 2426 438 2462 radices
463 2426 636 2462 vellimus
663 2439 730 2463 om.
754 2434 813 2470 Μβ
