1638 2560
174 107 245 144 XII
721 106 1012 153 PRAEFATIO.

178 224 354 273 capitula
387 223 489 269 XX,
529 222 712 272 sequitur
749 222 868 261 index
906 222 1266 261 declamationum:
1304 223 1480 272 capitula
1516 223 1563 262 im

178 285 277 323 libro
321 285 648 323 exclamationum
686 283 747 321 M.
784 283 890 322 Fabi
933 283 1171 332 Quintiliani
1214 294 1315 331 quae
1354 286 1448 322 sunt
1486 295 1562 322 nu-

175 356 282 384 mero
316 344 403 382 XX
414 375 542 383 ......
572 356 690 393 quem
722 343 926 394 excipiunt
957 356 1097 382 versus
1128 343 1188 382 hi:

382 405 538 444 invidia
569 403 770 452 quondam
800 415 1036 452 suppressus
1067 405 1348 443 rhetoricorum

441 467 487 504 in
519 466 642 504 lucem
672 464 786 503 redeo
821 464 1092 513 Quintilianus
1125 476 1202 513 eqo.

175 526 275 565 folio
310 527 366 564 90
396 525 440 563 in
473 525 580 564 calce
613 524 916 564 declamationis
948 524 1043 563 XIX
1073 525 1302 564 rubricator
1332 524 1562 564 uncialibus

175 587 323 626 litteris
354 586 454 625 haec
491 586 695 637 appinxit:
734 586 870 623 Marci
904 586 1027 624 Fabii
1060 585 1297 635 Quintiliani
1327 579 1559 638 desssclama-

177 649 328 686 tionum
358 647 440 685 sive
472 658 688 685 causarum
720 655 790 684 seu
816 647 1045 685 acuminum
1075 646 1174 685 liber
1197 646 1364 695 feliciter
1396 647 1562 696 explicit.

178 707 322 757 quibus
362 720 508 746 nomen
550 719 667 745 suum
707 707 899 756 apposuit
933 705 1105 745 Petrus
1137 706 1386 746 Pithoeus.
1426 706 1564 757 primo

175 768 274 807 folio
307 767 457 819 legitur
488 780 512 806 a
543 779 667 805 manu
705 767 856 806 saeculi
886 766 980 805 XV:
1018 766 1085 805 Ex
1117 767 1231 806 libris
1266 765 1427 816 Colleqii
1461 766 1565 807 Ora--

175 829 266 867 torti·
300 828 515 867 Trecensis.
573 827 676 866 sicut
706 828 749 865 in
775 826 974 866 Vossiano
1008 827 1251 866 declamatio
1284 827 1414 866 altera
1444 839 1566 878 prae-

176 888 283 928 cedit
314 889 498 938 primam.

268 948 468 994 Quattuor
494 948 595 987 alios
622 947 745 989 libros
771 948 1065 986 Vaticanum
1094 949 1247 997 1773,
1275 948 1565 987 Perizonia—

176 1023 287 1047 num
313 1009 361 1047 in
388 1009 511 1047 folio
542 1009 609 1058 14,
634 1008 1014 1057 Hunterianum,
1045 1008 1431 1047 Laurentianum
1456 1009 1559 1060 plut.

177 1071 250 1108 sin.
283 1069 411 1118 XXH,
445 1070 469 1107 8
510 1082 556 1107 ex
600 1068 739 1107 eodem
781 1069 892 1107 fonte
933 1069 1073 1107 ductos
1115 1081 1199 1108 esse
1242 1070 1363 1119 atque
1404 1069 1564 1108 Monte-

176 1130 435 1181 pessulanum
477 1130 732 1181 cognoscitur
770 1141 835 1178 eo,
877 1129 983 1180 quod
1016 1142 1152 1168 omnes
1195 1129 1385 1168 exhibent
1416 1131 1458 1169 et
1488 1130 1564 1169 tri·

176 1191 327 1229 bunum
358 1190 586 1228 Marianum
617 1189 741 1228 nullis
773 1189 864 1229 aliis
903 1189 1105 1229 codicibus
1138 1191 1343 1229 servatum
1374 1192 1415 1229 et
1447 1190 1561 1230 disti—

177 1252 295 1289 chum
332 1250 453 1289 illud:
490 1251 646 1289 invidia
683 1251 883 1298 quondam
915 1263 995 1301 eqs.
1030 1250 1080 1289 ad
1117 1250 1391 1290 recensionem
1428 1251 1565 1290 decla—

176 1312 402 1349 mationum
439 1313 574 1349 tamen
613 1311 763 1349 nullius
797 1312 891 1349 sunt
921 1311 1134 1360 momenti,
1176 1324 1267 1349 cum
1307 1312 1422 1350 nulla
1454 1324 1566 1351 noua.

176 1371 356 1410 subsidia
377 1371 427 1409 ad
448 1371 765 1421 cognoscendam
791 1371 1002 1422 archetypi
1027 1371 1203 1410 indolem
1229 1373 1352 1421 atque
1371 1374 1562 1411 naturam

175 1431 406 1482 praebeant.
464 1433 557 1471 sunt
599 1433 704 1470 enim
745 1432 885 1470 multis
926 1432 1130 1481 inquinati
1171 1432 1283 1471 vitiis
1325 1433 1365 1470 et
1406 1433 1561 1472 coniec-

176 1493 290 1541 turis,
323 1497 446 1541 atque
477 1493 727 1542 irrepserunt
756 1493 800 1529 in
825 1492 1145 1530 Laurentianum
1178 1494 1218 1531 et
1250 1491 1563 1531 Perizonianum

176 1553 432 1602 potissimum
472 1553 624 1590 multae
656 1552 849 1591 lectiones
882 1553 1064 1591 codicum
1103 1552 1266 1591 infimae
1308 1555 1439 1592 notae.
1497 1555 1556 1592 at-

176 1614 310 1651 tamen
343 1613 384 1650 in
418 1612 569 1651 edendo
600 1612 766 1651 tribuno
798 1612 999 1662 Mariano,
1039 1626 1130 1652 cum
1160 1613 1394 1652 melioribus
1426 1626 1564 1653 carea—

176 1686 264 1711 mus
291 1673 452 1711 auxiliis
475 1672 666 1711 Vaticani
693 1674 733 1711 et
752 1672 1005 1712 Perizoniani
1030 1674 1222 1713 lectiones
1247 1675 1292 1712 in
1318 1676 1560 1724 apparatum

175 1734 327 1783 recepi,
359 1746 438 1783 quo
471 1733 591 1770 simul
623 1733 939 1771 demonstrarem
972 1736 1169 1783 quantum
1201 1734 1252 1773 ab
1283 1734 1562 1785 Montepessu-

175 1793 270 1832 lano
304 1792 511 1832 distarent.

268 1854 329 1891 Ex
361 1853 505 1902 quibus
531 1854 802 1892 Vaticanus
833 1855 1020 1893 latinus
1050 1855 1182 1895 1773
1211 1849 1332 1908 (0)¹)
1358 1854 1558 1893 membra-

176 1926 324 1953 naceus
345 1914 496 1952 saeculi
515 1913 622 1962 XIV,
643 1914 773 1952 forma
792 1915 968 1952 maxima
988 1915 1178 1953 foliorum
1201 1916 1268 1963 74,
1287 1914 1475 1953 binarum
1495 1928 1561 1954 co-

176 1974 407 2012 lumnarum
433 1986 620 2012 versuum
643 1975 697 2012 56
727 1976 905 2013 continet
929 1977 1090 2024 praeter
1116 1974 1429 2014 declamationes
1456 1988 1559 2026 quae
1632 1989 1638 2001 ³

177 2035 245 2073 fol.
289 2035 434 2072 1—54
478 2033 677 2082 obtinent,
722 2037 908 2085 excerpta
953 2048 998 2072 ex
1044 2036 1326 2074 controversiis
1372 2034 1557 2074 Senecae.

178 2096 265 2134 erat
303 2094 398 2133 olim
433 2093 649 2144 Gasparini
687 2094 735 2132 de
768 2095 959 2133 Barziziis
999 2096 1069 2145 qui
1106 2095 1255 2134 multas
1293 2096 1338 2134 in
1374 2097 1556 2147 margine

178 2154 394 2205 adscripsit
432 2154 729 2194 observationes
769 2156 810 2194 et
843 2155 1033 2194 lectiones
1073 2155 1252 2193 codicum
1290 2156 1556 2206 interpolato—

176 2229 276 2254 rum.
336 2214 433 2264 quid
474 2215 521 2252 de
560 2215 851 2254 declamatione
882 2209 964 2254 IIIb
996 2215 1256 2264 iudicaverit,
1294 2217 1407 2268 legas
1450 2216 1557 2266 apud

177 2276 447 2315 Dessauerum
477 2274 502 2312 l.
530 2275 555 2312 l.

277 2392 310 2436 1)
338 2389 384 2425 cf.
411 2388 636 2433 Hammer,
663 2402 699 2435 p.
723 2394 779 2435 20,
807 2389 1055 2435 Deseauer,
1080 2403 1116 2436 p.
1141 2395 1196 2426 16.
1233 2390 1245 2405 ⁶
