1638 2560
433 106 753 144 DEOLAMATIO
779 107 850 143 ΧΠ
871 110 1024 144 17—19.
1334 107 1424 151 235

36 224 174 275 postas
207 234 368 274 quoque
399 223 583 273 aliquam
614 236 759 263 navem
796 224 840 262 in
871 236 1006 262 meum
1043 223 1144 262 litus
1182 222 1426 275 impingeret

35 297 110 324 nec
142 297 191 323 ex
221 283 349 324 classe
381 296 594 324 numerosa
632 297 770 324 omnes
802 285 958 323 fructus
995 284 1255 323 exhausisset.
1317 285 1426 334 perit

35 345 297 395 frumentum,
330 345 426 395 quia
458 345 598 385 classis
630 346 744 384 venit
774 346 819 384 in
849 347 1024 395 portum.
1076 344 1136 384 ita
1167 356 1241 384 nos
1267 344 1424 383 alienae

35 405 217 445 civitatis
247 405 430 457 legatum
461 405 663 455 misimus,
696 407 738 445 et
768 406 869 445 vilia
901 419 948 445 ac
980 405 1127 445 devota
1158 406 1295 456 capita
1326 405 1422 444 vici-

0 479 16 507 5
35 478 181 506 norum
210 465 367 506 deliciis
398 467 605 505 morimur.
668 467 784 506 nobis
816 467 920 505 nihil
951 467 1035 505 iam
1066 466 1217 505 residui
1255 466 1423 516 spiritus

34 527 234 578 superest,
278 539 350 566 nos
390 527 434 565 in
471 529 688 578 conspectu
726 528 869 567 mortis
907 529 1079 576 stamus,
1124 539 1196 566 nos
1241 527 1423 579 legatum

34 587 362 638 frumentumque
410 589 594 627 nostrum
645 600 713 628 ore
765 590 907 638 aperto
953 589 1230 639 expectamus,
1282 587 1421 627 classis

32 649 173 688 nostra
210 649 419 688 vecturam
455 648 557 688 facit
595 650 636 688 et
673 650 901 688 vicinarum
940 650 1155 688 civitatum
1190 649 1328 699 copias
1359 661 1421 687 re-

33 709 233 748 conducit.
295 722 424 760 paene
462 721 487 747 a
525 711 744 760 conspectu
781 711 920 749 nostro
952 710 1044 748 vela
1083 722 1275 749 conversa
1314 711 1420 757 sunt,

0 783 14 810 n
33 770 232 820 quantulo
257 770 390 809 minus
411 782 535 820 quam
557 771 740 822 congesti
764 770 960 809 frumenti
985 771 1195 820 pulverem
1214 768 1420 809 vidimus?

31 831 194 870 tantum
224 831 308 870 iam
339 830 534 881 temporis
566 832 776 880 transivit,
810 844 877 873 ex,
890 844 969 881 quo
1000 831 1215 882 pecuniam
1246 830 1419 870 contuli-

31 902 133 940 mus,
158 891 340 943 legatum
360 891 594 930 creavimus.
646 892 730 930 iam
749 891 1016 931 dinumeratis
1035 891 1287 942 temporibus
1314 904 1417 941 quae

31 951 197 991 secundi
239 952 352 991 venti
395 951 582 991 breviora
626 953 824 1002 fecerunt,
870 952 1018 992 cotidie
1063 965 1198 1003 spero,
1244 954 1284 991 et
1321 964 1418 992 sane

29 1025 156 1063 prope
188 1014 260 1052 est.
311 1014 356 1051 at
387 1012 545 1064 legatus
576 1026 689 1052 meus
722 1012 774 1052 ad
806 1013 1019 1052 emendum
1046 1013 1166 1052 modo
1198 1013 1417 1064 proficisci-

0 1074 109 1113 stur.
159 1073 238 1112 tibi
269 1085 363 1125 ergo
394 1075 458 1112 tot
490 1075 643 1113 civium
674 1074 816 1113 mortis
841 1075 999 1124 inputo,
1030 1073 1108 1113 tibi
1141 1075 1319 1126 stragem
1346 1086 1415 1124 po·
1440 1084 1491 1121 19

30 1133 136 1185 puli,
179 1134 258 1173 tibi
294 1134 466 1173 liberum
512 1137 807 1185 parentumque
847 1135 1094 1174 miserrimas
1133 1147 1301 1185 poenas,
1339 1134 1418 1173 tibi

31 1194 224 1245 quicquid
259 1195 371 1245 passi
408 1207 562 1244 sumus,
607 1195 702 1245 tibi,
748 1195 855 1246 quod
894 1196 1058 1248 gravius
1098 1198 1176 1245 est,
1222 1195 1417 1246 quicquid

32 1254 212 1294 fecimus.

122 1315 176 1355 Et
207 1315 362 1355 scilicet
392 1329 542 1367 speras,
575 1319 621 1355 ut
646 1318 807 1356 tantam
837 1316 997 1356 sceleris
1026 1316 1226 1356 invidiam
1252 1316 1302 1355 ab
1330 1315 1414 1356 ani-

0 1376 106 1417 ³mis
125 1377 274 1416 nostris
300 1376 448 1427 duplae
474 1378 670 1428 pecuniae
690 1378 884 1427 strepitus
905 1375 1093 1416 avertat?
1137 1378 1267 1416 nescis
1293 1389 1416 1427 quam

29 1437 161 1476 multa
190 1437 430 1477 vendideris.
494 1437 619 1489 duplo
651 1438 825 1477 vendidi.
882 1439 943 1477 ita
975 1438 1196 1477 infelicitas
1228 1450 1319 1477 mea
1352 1450 1415 1477 co-

19 1497 211 1537 .cionanti
242 1498 319 1537 tibi
344 1498 575 1538 lenocinata
600 1501 672 1537 est.
721 1496 844 1549 ‘quod
876 1499 983 1537 fame
1009 1499 1140 1550 perire
1166 1499 1273 1537 cives
1305 1511 1415 1538 meos

29 1558 176 1609 patior,
210 1558 335 1609 quod,
367 1560 414 1597 ut
445 1561 623 1598 vestram
655 1560 864 1599 civitatem
896 1571 1068 1610 servem,
1100 1572 1233 1599 meam
1265 1561 1414 1609 everto,

31 1618 139 1669 quod
177 1632 201 1658 a
238 1620 324 1658 tam
361 1619 506 1658 vicinis
543 1619 732 1660 litoribus
771 1620 939 1660 classem
979 1621 1168 1670 torqueo,
1214 1620 1324 1670 quod
1363 1619 1415 1658 ad

0 1679 137 1719 sdiem
166 1679 299 1719 redire
330 1692 412 1718 non
442 1692 618 1731 possum,
650 1681 758 1732 quod
789 1694 915 1732 prope
948 1681 1099 1720 civium
1124 1680 1310 1720 constitit
1335 1680 1414 1720 dis-

129 1823 147 1855 1
174 1830 235 1855 me
259 1830 387 1855 meum
413 1826 449 1854 P
471 1821 545 1866 (me
572 1820 638 1856 del.
659 1822 718 1867 p);
745 1820 913 1856 medium
940 1829 967 1856 <r
1040 1820 1150 1856 littus
1177 1829 1197 1864 β
1295 1824 1316 1856 2
1343 1831 1414 1856 nec

29 1891 128 1928 Sca:
155 1893 194 1928 et
219 1906 249 1927 ω
335 1891 471 1928 finctus
498 1904 550 1928 an
575 1891 720 1928 fructus
748 1893 902 1929 dubium
928 1899 980 1938 Β;
1007 1893 1144 1929 fluctus
1170 1900 1199 1928 V
1281 1869 1414 1930 extans-

30 1939 142 1976 sisset
160 1946 198 1976 Β
271 1940 388 1987 periit
413 1949 440 1976 «r
529 1945 551 1976 4
577 1940 762 1977 devocata
782 1948 852 1976 BV
919 1942 1129 1977 vicinerum
1154 1941 1231 1986 ?M,
1258 1954 1351 1979 corr.
1371 1957 1414 1977 m

30 1991 51 2023 7
77 1989 386 2036 expectavimus}
410 1995 439 2024 Γ
514 1993 535 2025 8
562 1991 732 2026 nostram
757 1996 809 2025 Γᾶ
882 1990 975 2026 fecit
995 1997 1038 2026 M
1104 1994 1148 2026 10
1176 1991 1348 2037 congesti
1375 1999 1412 2026 5:

29 2037 187 2073 comesti
206 2052 236 2073 ω
306 2041 349 2073 11
376 2037 532 2074 transiit
557 2044 585 2072 Γ
650 2042 693 2074 12
721 2039 889 2074 cavimus
910 2045 960 2083 M,
987 2050 1080 2076 corr.
1101 2053 1144 2074 m
1220 2043 1264 2075 13
1290 2039 1411 2075 venti:

29 2095 84 2158 eilt
109 2128 146 2158 Β
169 2124 231 2169 (en
255 2135 358 2170 supr.
379 2125 414 2168 b)
517 2126 562 2158 14
595 2122 784 2170 allegatus
809 2130 890 2159 ΒΜ
913 2125 1018 2170 (corr.
1041 2125 1094 2170 M)
1196 2128 1239 2159 15
1271 2126 1412 2160 mortes

28 2181 152 2208 cmm-s
170 2175 322 2217 praeter
345 2178 383 2206 Β
458 2175 501 2206 16
527 2171 732 2207 liberorum
764 2178 856 2207 ΠΜ
928 2175 973 2207 20
1002 2172 1124 2208 nescit
1143 2179 1180 2207 Β
1253 2176 1297 2208 21
1325 2183 1412 2208 ven-

30 2217 130 2255 deris
156 2225 199 2255 M
294 2224 379 2255 ante
405 2219 523 2266 duplo
549 2224 675 2256 notam
700 2220 734 2255 K
758 2221 894 2257 habent
918 2226 1034 2265 BMy3
1063 2221 1110 2265 ef.
1126 2233 1167 2267 p.
1187 2224 1276 2266 236,
1291 2224 1316 2257 8

29 2277 113 2303 meo
139 2273 176 2302 Β
297 2268 512 2304 coeionanti
538 2268 644 2304 Dess.
666 2280 705 2315 p.
723 2271 788 2304 73:
823 2269 1065 2304 concionanti
1091 2278 1145 2304 ασ
1173 2270 1295 2315 (infra
1327 2280 1412 2305 mea

30 2316 243 2361 negotianti
268 2323 335 2362 Β);
368 2316 582 2364 negotianti
615 2325 657 2360 βγ
779 2321 823 2352 22
858 2317 1066 2353 lenocinati
1099 2324 1143 2362 P,
1175 2329 1267 2354 corr.
1287 2333 1315 2358 ,ι

31 2366 78 2398 24
108 2362 302 2400 littoribus
330 2372 365 2400 P
486 2369 530 2401 25
565 2365 945 2411 quod—discrimen
977 2377 1045 2402 om.
1067 2372 1146 2401 ΒΜ
1175 2366 1275 2414 (add.
1296 2380 1338 2401 m
1370 2366 1413 2401 in

30 2414 162 2459 mary.)
186 2421 214 2448 cr
