1638 2560
209 116 295 160 144
617 114 647 149 Τ
651 113 892 150 ORMENTA
917 111 1157 149 PAVPERIS

204 231 403 280 flammas,
441 232 486 268 tu
517 242 598 268 non
634 229 756 268 habes
793 228 836 266 in
867 240 955 266 meo
987 227 1123 267 dolore
1161 225 1415 277 patientiam.
1476 237 1575 278 rogo

206 291 303 342 quid
334 291 444 329 aliud
475 291 626 329 faceret
657 289 727 340 qui
759 286 997 328 occidisset?

296 351 400 397 Quid
442 362 546 388 nunc
591 362 707 401 agam
750 347 899 388 miser?
960 348 1134 400 gratiam
1178 346 1436 387 confessionis
1481 348 1576 388 ante

205 413 405 451 tormenta
442 411 681 460 consumpsi.
745 409 825 449 scio
872 411 1023 459 quanto
1068 407 1298 447 credibilius
1335 408 1496 458 fuisset,
1539 406 1575 448 si

204 472 278 511 hoc
304 472 442 510 statim
473 472 579 510 inter
602 471 728 522 ignes,
759 471 865 508 inter
895 469 1058 521 flagella
1083 469 1282 507 dixissem.
1334 469 1375 507 et
1398 469 1574 508 multum
1611 481 1628 509 5

203 532 252 570 de
284 532 524 571 auctoritate
561 531 714 581 primae
751 531 1078 580 proclamationis
1118 528 1246 568 amisi.
1308 541 1390 568 non
1421 530 1482 568 est
1511 530 1572 568 ta-

202 605 293 631 men
331 592 437 643 quod
474 604 720 642 supervacua
756 592 907 641 putetis
947 603 1030 630 esse
1067 591 1288 639 tormenta,
1327 601 1574 641 quamquam

132 653 182 690 12
204 653 371 691 dixerim
403 652 593 702 quicquid
625 652 807 691 sciebam.
858 651 984 690 habeo
1018 651 1149 690 adhuc
1180 663 1228 689 ex
1257 650 1330 689 illo
1355 650 1487 689 multa
1511 663 1574 690 re-

202 713 303 751 ferre
336 715 485 751 secreto
519 725 621 762 quae
655 713 892 763 argumenta
923 712 1044 750 faciet
1073 711 1196 750 dolor.
1248 723 1329 750 non
1352 711 1487 760 refert,
1520 723 1573 750 an

141 779 143 784 ’
201 787 264 812 1110
289 773 434 812 vidisse
460 773 638 822 dixerim,
669 773 880 811 tormentis
905 772 980 811 hoc
1004 771 1249 823 probaturus
1275 783 1365 810 sum
1389 770 1572 811 debuisse
1593 785 1628 812 ιο

201 834 301 872 1111111
332 833 438 872 credi
469 835 562 872 31110
593 834 805 873 tormenta.

293 892 325 932 O
359 896 605 944 quantopere
636 906 752 943 nunc,
783 892 955 943 inimice,
987 892 1197 944 torqueris,
1230 893 1339 944 quod
1365 894 1407 932 te
1438 905 1574 933 coram

201 954 400 993 iudicibus
431 956 646 1005 interrogo,
683 954 789 1004 quod
820 954 894 993 hoc
925 966 1006 992 non
1037 955 1152 1004 potes
1183 953 1283 992 mihi
1314 954 1446 993 fateri.
1503 953 1574 993 sed

202 1015 237 1053 si
266 1014 365 1053 bene
400 1014 539 1066 gaudii
575 1015 636 1053 tui
673 1015 871 1065 perspicio
910 1016 1125 1064 secretum,
1162 1027 1244 1053 11011
1274 1015 1395 1065 putas
1433 1016 1474 1053 10
1504 1027 1571 1053 ne-

203 1087 313 1125 gare,
347 1075 441 1124 quia
472 1075 566 1114 vidi.
630 1075 961 1126 adrogantissime
992 1087 1287 1125 percussorum,
1326 1075 1499 1114 evasisse
1530 1076 1571 1114 te
1592 1087 1626 1115 15

200 1135 390 1185 putabas,
428 1135 534 1185 quod
569 1135 671 1174 illud
704 1135 781 1174 duo
814 1137 974 1174 tantum
1005 1133 1255 1175 sciebamus?
1316 1136 1434 1186 meis,
1470 1136 1571 1175 meis

201 1195 275 1234 hoc
311 1195 471 1246 ignibus
509 1209 612 1246 nega
649 1197 705 1245 et,
745 1196 839 1234 dum
876 1210 940 1235 me
970 1210 1043 1246 per
1080 1196 1259 1248 singulos
1292 1197 1404 1236 artus
1441 1197 1573 1236 tortor

200 1256 434 1307 interrogat,
459 1257 591 1306 perfer
616 1257 759 1295 saltem
783 1270 864 1295 non
890 1257 1075 1295 credendi
1099 1258 1354 1307 patientiam,
1379 1269 1471 1296 cum
1495 1269 1570 1308 ego

199 1328 262 1354 me
288 1316 434 1355 vidisse
465 1318 718 1367 proclamem,
750 1318 796 1355 tu
821 1317 975 1355 nullam
1008 1317 1165 1357 adferas
1190 1318 1446 1357 innocentiae
1474 1330 1570 1368 pro-

199 1375 412 1415 bationem.
474 1390 553 1415 non
593 1379 706 1427 potes
748 1377 868 1416 aliter
908 1378 1064 1417 absolvi
1102 1391 1224 1428 quam
1263 1379 1311 1417 ut
1349 1378 1454 1417 illud
1494 1390 1569 1430 ego
1588 1391 1624 1418 20

198 1449 349 1486 negem.
400 1450 471 1476 1100
503 1439 650 1487 tamen,
681 1438 843 1487 iudices,
880 1440 1029 1488 putetis
1062 1439 1145 1478 solo
1177 1452 1241 1478 me
1273 1438 1570 1478 calamitatium

199 1496 353 1535 ambitu
390 1499 523 1548 petere
556 1500 847 1548 quaestionem,
885 1499 1005 1549 dabo,
1042 1501 1209 1550 propter
1241 1498 1348 1549 quod
1384 1512 1449 1538 me
1485 1500 1568 1538 tor-

201 1559 355 1606 queatis
380 1559 486 1596 irati.
537 1558 665 1597 filium
689 1573 834 1608 meum,
865 1560 983 1598 illum
1015 1560 1185 1612 singulis
1211 1559 1325 1599 vobis
1351 1560 1568 1599 universis-

201 1629 276 1666 que
307 1617 569 1668 laudandum,
607 1620 721 1658 iuxta
753 1633 872 1669 quem
908 1620 1023 1670 felix,
1060 1622 1175 1660 iuxta
1214 1633 1334 1671 quem
1368 1620 1567 1673 adrogans

199 1689 325 1726 eram,
357 1678 503 1717 occidit
533 1692 622 1718 mea
652 1681 778 1718 nimia
809 1680 985 1720 libertas.
1048 1682 1109 1720 ita
1141 1694 1214 1733 ego
1245 1682 1287 1720 te
1318 1694 1400 1720 non
1431 1681 1566 1720 eculeo
1587 1694 1621 1722 25

199 1736 376 1786 efferam,
413 1751 492 1777 non
531 1752 649 1789 super
685 1740 861 1780 ardentis
903 1754 1045 1780 exuam
1084 1740 1295 1781 flammas?
1357 1754 1463 1781 nunc
1502 1755 1567 1781 me

197 1797 388 1847 vindicas,
414 1811 519 1837 nunc
543 1801 678 1839 tueris.
728 1801 858 1850 modo,
886 1801 1004 1840 modo
1031 1815 1165 1841 coram
1189 1816 1254 1841 me
1278 1801 1408 1841 filium
1431 1815 1567 1841 meum

198 1857 308 1897 dives
340 1858 485 1897 occidit
521 1859 666 1899 fiducia
697 1862 769 1899 tui.
832 1864 1055 1901 concurrite
1087 1875 1223 1902 omnes
1255 1862 1391 1912 liberi,
1429 1875 1565 1902 omnes

196 1920 400 1968 parentes,
437 1921 559 1968 urite,
602 1920 775 1959 lacerate
812 1922 884 1961 hos
922 1923 992 1962 hos
1030 1924 1207 1973 primum
1249 1924 1379 1974 patris
1417 1923 1565 1973 oculos,

293 2073 313 2104 5
340 2069 411 2105 hoc
436 2081 502 2106 om.
524 2077 580 2115 M,
606 2083 705 2118 supr.
726 2087 768 2107 m
865 2073 965 2119 ignis
991 2081 1027 2108 P
1123 2079 1142 2110 7
1170 2085 1417 2122 quamquam:
1446 2075 1564 2120 quod-

196 2118 298 2162 quod
323 2123 360 2152 P
478 2122 498 2153 9
526 2130 575 2154 an
599 2131 644 2155 eoe
670 2131 748 2164 am,
774 2133 911 2157 rasura
936 2128 973 2157 B
1094 2126 1138 2158 10
1171 2123 1366 2159 debuisset
1390 2123 1465 2159 Bu.

198 2169 242 2200 12
273 2167 416 2211 quanto
442 2177 554 2212 opere
578 2174 616 2202 Β
737 2173 781 2204 14
813 2169 908 2204 1111111
932 2182 1007 2205 11011
1031 2173 1144 2216 putas
1170 2172 1276 2208 Dess.
1398 2171 1510 2218 putes
1541 2177 1571 2206 V

197 2217 241 2249 15
267 2225 523 2259 percussorem
553 2223 581 2250 V
674 2220 718 2253 18
742 2219 872 2252 13111011
898 2218 1033 2254 53110111
1057 2226 1086 2253 V
1180 2223 1223 2255 19
1250 2219 1511 2266 ignoscentiae
1530 2226 1568 2255 P

195 2265 242 2296 20
267 2273 398 2308 quam:
425 2264 526 2308 quod
552 2271 588 2299 Ρ
670 2269 714 2300 21
742 2265 1004 2302 calamitatum
1030 2274 1082 2302 νιν
1164 2271 1208 2303 22
1236 2268 1384 2304 ambitu
1408 2279 1564 2313 querere

192 2311 323 2356 petere
353 2317 382 2345 V
498 2316 542 2347 25
576 2313 960 2350 occidit—libertas:
995 2315 1117 2351 occidi
1147 2316 1309 2351 nimium
1332 2316 1428 2352 mea'
1449 2316 1564 2352 liber-

193 2359 254 2393 tas
277 2365 316 2394 Β
410 2363 456 2395 26
489 2361 663 2397 ardentes
690 2368 778 2405 Μβσ
885 2367 928 2398 27
961 2364 1131 2399 vindicas
1161 2376 1181 2400 ο
1207 2364 1367 2400 libertas
1397 2375 1498 2400 nunc
1523 2370 1569 2400 M

195 2410 239 2442 28
265 2407 333 2443 tua
364 2413 393 2442 V
484 2409 670 2445 cucurrite
695 2417 732 2445 P
825 2410 937 2446 liberi
962 2423 1090 2448 omnes
1117 2424 1183 2448 om.
1204 2419 1242 2448 Β
