1638 2560
157 111 244 155 302
588 105 835 143 VENENVM
860 103 1090 141 EFEVSVM

156 227 321 265 venerat
355 226 480 275 pater.
542 222 687 262 videtis
730 220 858 259 adhuc
899 219 973 258 illa
1017 218 1160 257 secreti
1196 217 1325 257 nostri
1365 217 1527 256 conten-

157 286 267 325 tione
297 286 502 324 rixantem.
554 281 749 333 quidquid
781 282 882 319 citra
914 291 1111 329 suprema,
1143 278 1247 317 citra
1278 277 1430 318 exitum
1455 279 1528 327 est,

159 345 447 385 contumaciam
479 345 608 392 vocat,
645 343 840 392 quantum
873 340 1166 379 absolutionem
1198 337 1357 389 aspicit,
1387 337 1526 378 vitam.

160 402 361 457 (viderit)
389 405 458 455 qui
488 405 580 454 post
604 403 678 442 hoc
704 403 872 452 quaerat
905 413 950 440 ac
982 399 1142 438 dubitet
1174 411 1252 449 quo
1277 412 1341 438 me
1366 398 1529 438 adfectu

158 467 318 505 iusserit
342 465 450 513 virus
476 464 649 502 haurire.
695 464 764 513 qui
795 461 1056 512 parricidium
1080 461 1200 500 vocat
1225 459 1333 510 quod
1362 471 1444 498 non
1467 458 1528 498 bi·
1566 473 1583 500 5

157 527 293 575 berim,
312 525 577 576 permissurus
602 524 695 572 fuit,
720 523 753 562 si
778 522 912 561 bibere
932 521 1159 560 voluissem.
1204 532 1353 571 quaeso
1377 520 1529 570 itaque,

157 587 318 636 iudices,
349 585 562 624 delationis
592 584 807 623 hodiernae
838 582 998 633 penitus
1024 581 1160 621 velitis
1185 581 1410 632 perspicere
1435 592 1529 620 cau-

159 659 232 686 sas.
283 646 436 685 obicere
467 645 621 696 putatis
646 643 908 695 parricidium
939 644 1098 693 patrem
1129 654 1203 693 pro
1230 639 1299 681 se?
1347 642 1530 691 necatur,

157 707 306 757 uritur,
349 707 434 745 sine
472 705 592 744 dubio
629 706 852 755 torquetur.
909 704 1037 742 vitam
1075 715 1122 741 ex
1159 702 1234 742 hoc
1270 704 1408 741 tamen
1447 713 1530 741 non

157 769 290 818 potest
326 767 428 805 ferre
473 766 579 816 quod
616 767 718 804 mori
760 764 888 803 filium
924 763 1060 814 iussit,
1099 776 1172 802 nec
1203 761 1335 815 coegit
1375 763 1416 801 et
1453 762 1530 801 scit
1549 776 1586 804 ιο

157 828 312 867 facinus
342 827 465 866 fuisse
496 827 539 864 in
569 826 743 876 inperio,
776 826 809 864 si
840 825 1070 864 innocentia
1103 825 1164 863 est
1195 822 1304 874 quod
1334 824 1528 863 recusavi.

158 901 252 927 suae
285 887 391 938 quod
429 886 679 926 crudelitatis
718 888 797 935 est⁷
834 886 897 924 vel
936 885 985 924 ab
1024 884 1178 924 invidia
1216 897 1257 924 se
1296 883 1530 923 criminibus

157 949 255 987 meis
287 947 481 997 defendit,
514 949 694 996 excusat,
728 949 767 985 et
798 959 846 985 ne
878 958 1015 985 vocem
1052 945 1168 984 illam
1199 947 1409 995 tamquam
1438 956 1535 995 per-

159 1010 291 1047 actum
315 1008 469 1046 facinus
496 1007 671 1057 oderitis,
703 1006 912 1046 substituit
937 1019 1008 1057 pro
1035 1005 1143 1045 malo
1177 1007 1292 1057 patre
1323 1004 1527 1044 miserum.

111 1069 134 1105 2
160 1069 224 1108 hic
256 1070 327 1117 est,
357 1068 519 1118 iudices,
551 1068 817 1118 deprehensae
847 1067 1069 1117 impietatis
1102 1068 1250 1105 aestus.
1305 1078 1422 1104 nemo
1454 1078 1527 1104 un-
1547 1079 1584 1107 15

159 1142 279 1179 quam
297 1129 406 1168 volet
424 1129 674 1167 innocentem
699 1127 827 1166 filium
852 1127 980 1167 videri
1003 1140 1123 1178 quem
1142 1126 1319 1167 voluerit
1337 1125 1528 1166 occidere.

247 1189 354 1227 Illud
381 1202 549 1239 quoque,
573 1188 735 1239 iudices,
762 1201 786 1227 a
812 1188 1012 1239 gravitate
1038 1187 1202 1238 publica
1227 1189 1335 1238 peto,
1360 1199 1410 1225 ne
1437 1187 1527 1238 quis

157 1263 220 1288 me
251 1249 353 1288 mori
384 1249 557 1288 voluisse
588 1262 667 1288 non
697 1248 844 1288 credat.
895 1249 1185 1287 contumaciter
1211 1247 1352 1296 adhuc,
1382 1247 1530 1298 prioris

159 1310 408 1349 constantiae
439 1322 551 1348 meae
575 1323 697 1361 more,
730 1309 935 1348 defendor:
968 1308 1050 1347 alia
1077 1311 1138 1348 est
1162 1307 1263 1347 mihi
1286 1309 1406 1358 ratio,
1437 1320 1530 1347 cum

158 1369 246 1409 vici.
299 1369 443 1409 fortior
475 1383 562 1409 sum
592 1382 682 1409 reus
715 1383 838 1420 quam
871 1369 1089 1410 absolutus.
1141 1369 1210 1409 sed
1241 1370 1337 1408 tunc
1368 1369 1530 1407 tantum
1549 1382 1586 1409 20

157 1443 232 1480 par
261 1442 345 1469 esse
373 1443 453 1469 non
484 1442 647 1481 possum
673 1429 973 1469 calamitatibus
998 1430 1110 1480 meis,
1141 1442 1232 1469 cum
1256 1442 1320 1468 me
1346 1429 1530 1468 constare

160 1491 290 1541 coepit
320 1490 421 1529 nihil
454 1490 565 1529 aliud
597 1503 680 1530 esse
708 1503 828 1541 quam
860 1490 1060 1529 miserum.
1109 1490 1223 1540 bene,
1255 1489 1364 1540 quod
1391 1500 1530 1529 rursus

159 1551 319 1589 vocavit
348 1550 391 1589 in
428 1551 577 1601 forum,
614 1552 732 1590 iussit
769 1551 1016 1603 integritatis
1053 1563 1171 1602 agere
1204 1562 1384 1600 causam,
1421 1550 1531 1599 fecit,

159 1612 205 1648 ut
245 1610 345 1648 mihi
382 1610 520 1650 videar
564 1611 783 1662 perdidisse
826 1613 1006 1650 mortem.
1071 1611 1105 1650 si
1147 1610 1330 1662 paenitet
1371 1611 1531 1662 patrem

160 1670 266 1721 quod
301 1683 364 1709 me
403 1670 538 1710 bibere
575 1671 691 1710 iussit
727 1685 941 1721 venenum,
986 1685 1059 1723 ego
1100 1672 1204 1711 ferre
1245 1684 1325 1710 non
1365 1683 1530 1722 possum
1549 1683 1585 1711 25

257 1776 275 1808 1
303 1772 431 1808 viditis
458 1780 509 1818 Β;
534 1773 681 1809 vidistis
708 1781 765 1809 ὃν
871 1774 1045 1810 contione
1070 1781 1108 1810 Β
1217 1778 1238 1810 2
1265 1773 1358 1819 quid
1384 1782 1438 1808 ασ

160 1820 323 1856 excitum
348 1827 399 1865 Β;
427 1822 583 1857 exitium
611 1831 631 1856 ς
752 1827 773 1858 3
800 1822 1092 1858 absolutionem:
1124 1822 1451 1859 absolutionentas
1476 1827 1529 1866 B3

160 1868 436 1904 absolutionem
462 1870 635 1906 voluntas
662 1877 687 1905 V
781 1871 934 1916 aspicit:
961 1871 1114 1907 fastidit
1142 1872 1224 1908 Obr.
1301 1871 1341 1906 et
1363 1870 1482 1906 vitam
1507 1876 1536 1905 V

160 1922 182 1952 4
206 1917 344 1952 viderit
369 1918 454 1953 add.
482 1919 586 1955 Dess.
608 1931 647 1964 p.
669 1922 721 1954 88
813 1919 896 1964 quis
924 1928 944 1954 ς
1040 1931 1100 1955 me
1126 1931 1193 1956 om.
1220 1926 1249 1954 V
1341 1922 1363 1954 5
1388 1917 1533 1954 biberit

158 1971 239 2000 mn
319 1969 339 2001 e
367 1966 415 2010 si;
443 1957 515 2014 sisi
541 1973 593 2011 B3
621 1967 652 2002 si
677 1966 731 2002 ibi
758 1973 801 2002 M
881 1971 898 2002 τ
928 1967 1123 2003 dilationis
1149 1974 1230 2013 BV3
1258 1967 1461 2003 delationis
1486 1978 1533 2003 ex

161 2012 382 2049 delectionis
403 2020 458 2058 ³113
480 2014 688 2050 delationes
709 2022 745 2050 P
810 2018 830 2050 8
857 2027 924 2061 pro
946 2027 984 2051 se
1004 2031 1050 2052 m:
1077 2027 1211 2062 perose
1230 2017 1336 2052 Dess.
1354 2027 1392 2061 p.
1409 2018 1458 2051 99

159 2063 271 2097 necat
289 2068 368 2106 Βῆ
396 2064 511 2108 negat
532 2069 573 2097 M
644 2066 663 2097 9
691 2066 934 2109 extorquetur
958 2071 986 2098 V
1057 2068 1100 2100 10
1128 2075 1202 2110 quo
1228 2071 1278 2109 Μ,
1304 2075 1395 2101 corr.
1416 2077 1459 2099 m

158 2110 254 2145 mori
276 2121 321 2146 επ
345 2121 447 2146 more
467 2117 504 2145 B
578 2115 619 2146 11
648 2112 724 2147 sive
749 2119 776 2146 1⁷
845 2112 946 2156 quod
965 2124 1032 2148 om.
1055 2119 1110 2157 M3
1137 2123 1252 2158 quam
1272 2119 1309 2148 P
1381 2116 1425 2148 12
1453 2122 1532 2147 cre-

160 2193 334 2249 dulitatis
349 2201 406 2229 α]
452 2195 526 2230 vel:
548 2196 649 2240 quod
664 2201 706 2230 M
766 2200 810 2231 14
831 2172 1008 2232 substituit
1020 2203 1057 2231 Β
1113 2173 1296 2233 ωἰὲιιωω
1305 2202 1351 2241 Β,
1367 2208 1383 2232 s
1395 2207 1497 2242 supr.
1508 2202 1532 2230 ὀ

161 2270 206 2302 15
231 2254 427 2312 inpietatis
453 2273 490 2301 Β
609 2278 678 2303 nec
702 2278 839 2303 novum
865 2279 1032 2313 unquam
1057 2276 1138 2314 BV3
1174 2280 1244 2305 nec
1271 2279 1466 2314 nunquam
1492 2273 1536 2303 Μ

162 2318 205 2350 16
231 2315 429 2350 nocentem
456 2330 480 2349 α
550 2318 593 2350 17
620 2316 685 2360 qui
707 2319 753 2350 Β
812 2319 855 2351 18
881 2315 1043 2351 voluisse
1069 2329 1136 2353 om.
1158 2324 1186 2352 V
1241 2330 1317 2353 non
1336 2328 1404 2353 om.
1420 2322 1463 2351 M

160 2362 423 2398 certumaciter
436 2369 473 2398 Ρ
525 2363 665 2399 adhuc:
692 2365 755 2408 fol.
771 2367 858 2400 116⁶
882 2365 1059 2401 librarius
1077 2367 1206 2402 tertius
1226 2366 1380 2402 scribere
1397 2365 1534 2410 incipit

163 2418 191 2446 V
256 2414 300 2447 19
327 2411 471 2447 convici
491 2418 528 2446 P
593 2415 638 2447 20
663 2412 763 2447 hunc
783 2418 809 2447 S
878 2416 923 2447 24
948 2413 1144 2465 pepenitet
1165 2420 1200 2448 Β
1267 2418 1311 2449 25
1331 2413 1454 2449 vivere
1466 2418 1538 2447 BV
