1638 2560
158 323 208 359 19

228 84 317 127 264
720 83 842 119 APES
868 82 1108 119 PAVPEms

227 199 411 238 veniente
444 198 628 238 doctrina
664 199 766 237 hanc
804 199 932 237 artem
969 196 1109 237 nasci?
1171 197 1268 248 quid
1304 211 1385 238 non
1416 191 1599 238 divihum

226 259 387 310 habent,
418 260 498 297 nisi
530 259 637 309 quod
667 257 922 297 moriuntur?

316 319 382 357 An
419 331 512 358 vero
558 320 762 358 auctorem
800 319 884 357 vini
927 318 1116 358 Liberum
1161 319 1350 368 colimus,
1393 320 1599 371 primitiae

227 380 389 431 frugum
422 378 555 418 Cereri
592 379 831 428 referuntur,
868 380 1070 419 inventrix
1102 379 1213 419 oleae
1244 379 1428 419 Minerva
1460 393 1599 420 narra-

226 442 304 489 tur,
342 440 463 479 mella
495 439 678 491 genuisse
709 441 842 478 minus
868 442 929 479 est
961 442 1001 478 et
1037 440 1331 491 interponenda
1363 442 1504 493 gustus
1529 454 1597 480 vo·
1623 457 1638 480 w

225 500 382 550 luptate
419 501 580 539 tantum
618 500 792 539 effecisse
825 502 1022 550 quantum
1058 514 1107 539 ne
1145 500 1235 551 ipsa
1267 500 1429 551 quidem
1464 515 1599 541 rerum

226 562 371 599 natura
402 574 475 611 per
505 573 546 600 se
577 559 739 611 potuit?
802 560 852 599 ad
886 561 1154 611 plurimarum
1191 562 1374 601 incursus
1406 562 1599 602 valitudi-

223 634 322 659 num
351 621 574 659 remedium
612 622 690 670 est,
728 622 1053 671 praesentissima
1090 622 1300 661 medicina.
1363 635 1458 661 nam
1492 622 1600 674 quod

226 680 277 719 ad
309 680 417 720 cibos
444 681 605 731 quidem
637 683 825 732 pertinet,
857 681 1002 722 divites
1027 682 1214 722 viderint.
1264 683 1328 722 his
1356 683 1598 722 animalibus

226 742 373 791 aliquis
404 741 588 781 insidiari
619 742 767 792 potuit,
799 743 840 781 et
866 743 1063 793 insidiari,
1096 756 1219 793 quare
1244 743 1368 783 mella
1392 742 1599 784 facerent?
1619 760 1638 786 ιι

224 802 322 840 haec
353 802 555 852 pestiferis
581 803 684 841 sucis
712 803 911 852 exquisita
938 817 1011 853 per
1035 803 1220 843 fraudem
1244 805 1374 844 morte
1400 803 1600 844 confecit?

226 863 267 900 et
299 862 404 912 quod
430 863 485 901 sit
513 863 850 914 indignissimum,
884 876 962 913 quo
995 864 1154 904 facilius
1183 865 1397 915 deciperet,
1428 866 1599 905 fortasse

226 935 378 961 venena
408 923 526 962 melle
557 922 820 974 permiscuit?
870 937 972 974 quae
997 926 1083 963 tam
1108 925 1328 964 inhumana
1353 924 1599 965 crudelitas?

226 983 315 1033 quis
358 984 443 1022 tam
486 983 692 1023 inauditus
737 982 869 1023 livor?
944 985 1046 1023 nihil
1089 987 1151 1025 est
1189 986 1296 1025 enim
1335 986 1459 1036 quod,
1496 982 1599 1039 (ut)

226 1044 354 1082 utaris
391 1045 615 1094 patrocinio
652 1046 743 1093 tuo,
788 1045 915 1095 dives,
956 1058 1177 1095 paucorum
1218 1046 1365 1086 damno
1409 1047 1599 1086 foliorum
1618 1063 1638 1089 ιε

227 1103 399 1143 doluisse
430 1106 470 1142 te
503 1105 678 1143 simulas.
742 1105 849 1144 Dum
881 1119 990 1145 meas
1023 1119 1117 1156 apes
1156 1107 1334 1147 occidere
1366 1108 1446 1158 vis,
1482 1107 1598 1148 flores

225 1165 317 1202 tuos
348 1165 511 1204 inutiles
543 1165 684 1204 fecisti.

324 1294 345 1325 3
376 1292 464 1327 haee
497 1293 706 1338 saepissime
738 1305 762 1328 α
793 1294 1034 1339 scriptoribus
1064 1299 1311 1340 usurpantur,
1341 1297 1415 1340 ita,
1444 1300 1488 1332 ut
1517 1298 1600 1332 iure

225 1339 380 1383 dubites,
398 1351 489 1375 num
503 1341 750 1386 posteriorum
776 1343 817 1387 (e.
837 1353 870 1388 9.
893 1341 1069 1377 PANEG.
1085 1347 1117 1386 4,
1135 1346 1179 1378 17
1205 1343 1386 1379 ARNOB.
1406 1345 1485 1380 nat.
1507 1348 1598 1389 1,38

225 1386 365 1424 TERT.
388 1388 485 1433 apol.
509 1391 568 1435 11)
594 1389 664 1425 loci
686 1390 829 1436 yemelli
852 1402 897 1425 επ
920 1391 990 1427 hac
1014 1391 1276 1428 declamatione
1300 1392 1487 1438 fluxerint.

322 1512 343 1542 4
371 1507 495 1543 Cereri
519 1521 564 1544 eae
590 1510 705 1545 ceteri
732 1517 787 1555 313
813 1511 926 1546 tereri
953 1517 979 1546 S
1065 1512 1253 1549 inventrix
1277 1525 1322 1549 ex
1346 1514 1396 1549 -is
1420 1520 1458 1549 Β
1537 1524 1599 1549 me

224 1566 340 1591 nerva
363 1558 565 1592 narrantur
590 1564 627 1592 Β
734 1562 754 1593 5
788 1560 937 1605 gustus:
971 1562 1086 1605 gustu
1113 1572 1179 1597 suo
1205 1568 1242 1597 B
1355 1561 1550 1598 voluntate
1574 1568 1604 1596 V

227 1607 246 1638 7
273 1603 533 1639 valetudinum
559 1614 607 1648 βᾶ
689 1611 709 1641 8
735 1607 964 1643 medicinam
988 1614 1026 1643 B
1096 1621 1185 1645 nam
1211 1621 1278 1646 om.
1299 1616 1379 1645 ΒΜ
1467 1613 1488 1646 9
1513 1621 1598 1657 per-

224 1651 349 1687 tinent
373 1659 419 1697 Β,
444 1665 469 1687 n
496 1653 562 1689 del.
583 1661 623 1698 153
650 1655 842 1700 pertinent
872 1662 940 1690 ΓΜ
1015 1657 1047 1692 is
1073 1664 1119 1701 B,
1146 1657 1171 1693 h
1196 1670 1298 1705 supr.
1319 1666 1343 1694 δ
1431 1662 1472 1694 11
1499 1669 1598 1694 mor-

225 1702 303 1735 tem
329 1706 400 1735 MJ
514 1706 557 1737 13
583 1713 768 1738 venenum
795 1712 816 1738 ς
940 1708 983 1739 14
1009 1707 1052 1741 ut
1077 1718 1145 1742 om.
1167 1722 1215 1751 ως
1241 1707 1328 1743 add.
1350 1708 1502 1744 Bestius

227 1752 271 1783 15
298 1748 460 1784 filiorum
485 1756 522 1784 Β
932 1801 941 1815 1

322 1810 622 1856 subscriptionem
648 1823 715 1847 om.
740 1819 777 1847 Β
920 1815 959 1850 Μ
985 1814 1119 1873 ΡΑΒΞΞ
1143 1815 1450 1858 QVINTILIANI
1474 1815 1598 1852 APES

225 1868 475 1905 PAVPERIS.
503 1870 725 1907 EXPLICIT
757 1879 785 1907 V
925 1875 1098 1912 EXPLIC
1131 1875 1196 1911 DE
1228 1876 1359 1922 APIB3
1391 1876 1597 1913 VENENO

226 1928 415 1965 OCCISIS.
441 1920 575 1966 ΙΝΟΙΙς
598 1924 681 1966 LIB‘
703 1932 804 1968 ODII
828 1933 959 1970 ΡΟΤΠ
985 1937 1128 1983 (minio)
1154 1943 1198 1972 Μ
1314 1936 1495 1974 Feliciter
1524 1937 1599 1972 Ex-

224 1976 336 2023 plicit
370 1988 460 2024 apes
492 1981 681 2025 pauperis.
720 1981 860 2027 Incipit
891 1984 1035 2030 gemini
1065 1984 1285 2032 languentis
1316 1987 1405 2032 (-tes
1424 1987 1464 2032 S)
1491 1995 1511 2029 β
1542 1986 1599 2034 (in

225 2031 262 2060 P
284 2026 399 2062 minio
420 2029 538 2073 pieta)
