1638 2560
490 113 811 152 DEGLAMATIO
836 114 872 150 x
890 117 1020 151 8—10.
1363 113 1447 156 197

68 231 328 282 impatientia
364 231 560 282 eruperit,
596 231 646 269 ut
679 230 827 269 mulier
857 229 1076 280 aliquando
1108 229 1288 268 dulcium
1322 228 1452 267 oblita

69 292 327 332 tenebrarum
357 292 511 331 clarum
548 291 722 331 nitorem
758 290 945 342 publicae
976 290 1078 329 lucis
1110 292 1153 329 et
1182 289 1289 328 diem
1327 290 1453 328 etiam

4 352 5 355 ’
71 352 181 392 domi
209 353 387 392 invisum
414 353 459 391 in
490 352 579 392 foro
610 352 797 402 interque
828 351 937 403 leges
968 350 1162 389 notabilis
1188 352 1230 389 et
1254 350 1451 400 sepulcris

71 412 278 454 absh-acta
304 414 525 464 pateretur,
557 414 713 452 certum
742 413 924 463 profecto
949 411 1107 450 habetis
1133 424 1212 450 non
1239 410 1453 450 audaciam

34 489 52 516 s
70 486 203 526 neque
237 474 536 525 impudentiam
572 486 645 513 nec
682 473 907 512 vanitatem
943 485 1124 523 unquam
1165 472 1347 522 querelas
1381 471 1452 510 ha·

69 534 205 574 baisse
245 535 494 574 miserorum.
556 546 681 585 quam
724 547 866 572 verum
911 534 972 572 est
1015 532 1208 584 quicquid
1253 532 1453 571 exclamat

70 594 300 644 calamitas,
335 608 410 634 nec
441 595 492 633 ab
522 594 752 634 infelicibus
782 594 869 633 ficti
899 597 1049 633 temere
1082 595 1227 633 exeunt
1259 592 1452 645 gemitus!

69 655 218 695 mulier
236 667 339 706 quae
358 657 648 708 sanguinantes
669 655 720 694 ad
739 655 914 694 iudicem
938 655 1114 706 porrigit
1138 655 1323 703 lacertos,
1349 666 1452 704 quae

69 717 193 756 scisso
229 716 466 767 laniatoque
502 716 638 766 vultu,
682 729 784 766 quae
827 715 964 755 lividis
1006 716 1214 766 profertur
1250 714 1453 764 uberibus,

14 793 52 821 ιο
69 789 218 828 magno
255 776 393 816 dolore
431 777 601 829 cogitur,
637 778 685 815 ut
721 777 796 816 hoc
832 778 971 828 potius
1010 778 1108 828 agat
1139 789 1262 826 quam
1299 775 1452 814 cineres

70 837 287 887 osculetur,
319 850 442 888 quam
480 838 773 888 complectatur
808 850 963 876 urnam.
1026 837 1163 889 gravis
1200 837 1317 875 testis
1357 849 1452 887 que-

68 898 179 937 relae
209 910 306 937 suae
337 898 489 937 orbitas
521 900 591 937 est.

159 958 216 997 Et
245 961 463 1009 antequam
489 958 541 997 ad
575 971 701 1011 genus
729 959 870 998 illatae
896 959 1034 1008 inique
1061 958 1097 996 ei
1122 957 1295 997 iniuriae
1320 958 1451 1007 venio,
1471 958 1523 994 10

70 1031 152 1065 cur,
189 1020 355 1068 marite,
387 1032 490 1070 quae
522 1033 568 1058 ex
600 1021 642 1058 te
673 1019 803 1058 filium
833 1018 1029 1071 perdidit,
1062 1018 1279 1069 quicquam
1316 1020 1454 1070 potest

15 1095 50 1124 ιι
70 1078 217 1130 queri?
277 1080 450 1119 crudelis
488 1080 705 1119 orbitatem
741 1080 838 1119 feris
878 1079 1008 1119 adhuc
1041 1080 1122 1118 alio
1154 1079 1311 1129 dolore,
1347 1081 1451 1118 tam-

69 1152 191 1191 quam
222 1153 368 1191 pamm
399 1140 598 1180 desideria
624 1140 838 1180 conficiant
863 1153 965 1191 quae
992 1140 1041 1179 de
1070 1141 1190 1179 unico
1222 1141 1339 1192 gerit,
1371 1153 1451 1179 non

67 1201 221 1252 pateris
253 1201 431 1240 animam
458 1213 603 1241 vacare
641 1202 819 1240 lacrimis
851 1203 935 1240 suis
973 1204 1017 1239 tu
1052 1201 1122 1251 qui
1153 1202 1288 1240 sinum
1320 1201 1451 1250 debes,

69 1261 140 1312 qui
171 1261 375 1312 colloquia
412 1264 453 1300 et
491 1262 711 1312 amplexus.
774 1275 897 1313 quam
933 1262 1081 1300 misera
1119 1264 1180 1300 est
1212 1275 1317 1312 quae
1354 1274 1451 1312 que-

66 1322 174 1361 ritur
203 1324 245 1361 et
275 1322 325 1361 de
357 1322 507 1362 solacio
539 1335 622 1362 suo.
679 1336 760 1362 non
793 1323 975 1374 coniugis
1007 1322 1215 1361 desideriis
1247 1322 1360 1374 large
1390 1323 1449 1360 111-

13 1397 52 1426 ¹0
68 1381 226 1435 dulget:
257 1382 360 1421 nihil
391 1395 543 1434 aspere,
575 1383 678 1422 nihil
710 1386 850 1422 contra
882 1383 1151 1422 voluntatem!
1213 1383 1336 1422 habet
1366 1383 1450 1433 pri-

68 1442 262 1495 vilegium
299 1456 416 1482 suum
454 1446 584 1483 mater
615 1444 774 1493 infelix,
811 1444 953 1483 molles
985 1456 1128 1482 manus
1167 1445 1207 1482 et
1237 1443 1356 1482 mitia
1388 1443 1449 1482 fo-

67 1506 206 1543 menta
234 1503 393 1556 magnis
420 1504 653 1543 vulneribus
680 1504 905 1543 admoveas.
957 1517 1060 1555 quae
1091 1516 1132 1543 se
1160 1504 1290 1543 adhuc
1323 1505 1451 1543 secari

67 1563 192 1616 plaga
234 1564 453 1614 permittit,
497 1565 540 1603 in
585 1577 740 1604 summo
785 1567 857 1604 est.
920 1566 999 1603 viri
1035 1565 1209 1604 forsitan
1246 1565 1449 1616 quomodo

67 1623 215 1663 fortior
238 1637 353 1664 sexus
379 1626 445 1675 sit,
471 1627 511 1664 et
537 1627 679 1664 contra
703 1625 882 1664 dolorem
906 1639 1027 1676 quam
1051 1625 1267 1665 imbecillis
1293 1625 1451 1664 animus

13 1700 51 1728 25
69 1686 201 1736 magis
237 1687 405 1736 pugnat.
467 1686 606 1736 itaque
638 1688 771 1725 totum
807 1686 918 1725 istud
950 1687 1090 1738 lugere
1128 1686 1347 1725 femineum
1379 1688 1451 1736 est,

70 1746 112 1784 et
148 1745 270 1784 simul
301 1745 454 1785 orbitas
492 1746 653 1786 imbelle
691 1749 830 1797 pectus
867 1747 1044 1796 invadit,
1082 1748 1240 1786 animus
1278 1747 1349 1786 ille
1381 1748 1452 1797 qui

69 1805 202 1845 luctus
243 1818 335 1845 suos
379 1806 580 1857 sequitur,
622 1807 766 1858 incipit
804 1807 1101 1859 indulgentiam
1142 1809 1292 1847 sentire
1332 1808 1451 1847 lacri-

67 1879 237 1906 marum.
299 1866 419 1906 fidem
450 1869 583 1917 tuam,
614 1869 776 1918 marite,
810 1868 972 1920 coniugi
1002 1868 1096 1908 flere
1128 1869 1269 1918 liceat,
1301 1869 1450 1907 satiare

168 1998 186 2030 1
213 1995 258 2029 ut
276 2005 343 2030 om.
358 2000 410 2038 Β;
430 2005 500 2030 nec
521 2001 557 2029 Ρ
629 1999 650 2030 6
677 2006 808 2040 quam:
830 1995 933 2041 quod
953 2005 973 2038 β
1049 1999 1068 2030 7
1088 2007 1135 2031 ne
1161 2002 1189 2030 ἱ·
1259 2000 1280 2031 8
1306 1996 1451 2031 iudices

67 2047 150 2077 Β,
238 2053 311 2088 que
336 2049 389 2086 Β;
416 2044 467 2089 q}
492 2045 527 2089 (ς
553 2045 616 2090 er.)
644 2050 686 2078 s!
784 2047 828 2079 10
855 2055 970 2090 quam
997 2044 1157 2080 cineres:
1185 2046 1229 2080 ut
1255 2044 1398 2080 cineres
1419 2051 1455 2079 P

71 2093 115 2126 11
150 2101 265 2146 quam
298 2095 384 2127 ante
416 2091 693 2146 complectatur
724 2103 792 2128 om.
814 2099 851 2127 P
945 2093 1131 2138 testisque
1162 2092 1263 2139 pelle
1291 2099 1362 2128 BV

71 2141 116 2174 13
147 2138 279 2185 inique
304 2139 340 2175 ei
365 2146 403 2174 ῐε
431 2140 564 2186 iniqua
590 2140 945 2186 eiq3123iniquem
965 2148 1022 2185 ,ης
1054 2141 1184 2187 inique
1212 2151 1248 2186 βς
1278 2141 1451 2187 iniquae—

68 2197 144 2233 que
168 2195 197 2222 «r
286 2192 331 2224 14
358 2187 542 2234 quicquid
568 2195 637 2223 no·
725 2191 911 2235 potest—
926 2191 1111 2235 tanquam
1137 2190 1159 2226 l.
1182 2193 1230 2226 15
1256 2201 1323 2226 om.
1344 2196 1382 2225 Β

70 2238 116 2271 15
141 2235 312 2282 queritur
338 2243 379 2271 Μ
453 2240 496 2272 18
523 2248 622 2282 quae
642 2249 709 2274 om.
726 2244 775 2281 Μ,
801 2250 903 2283 supr.
924 2252 967 2272 m
1043 2243 1086 2274 19
1117 2250 1194 2274 11011
1220 2237 1287 2274 del.
1312 2238 1378 2274 Gr.

67 2282 225 2330 indulge
253 2285 318 2320 Gr.
419 2289 464 2320 22
492 2297 707 2322 ammoveas
733 2293 771 2322 Ρ
867 2286 915 2321 ad
942 2286 1036 2322 haec
1066 2287 1149 2323 Obr.
1264 2291 1310 2321 24
1337 2286 1451 2335 (sic)

67 2368 108 2450 {t
132 2368 266 2451 glm'p
361 2380 493 2415 quam:
521 2370 623 2415 quod
650 2380 669 2413 β
780 2375 826 2406 25
852 2371 1059 2407 femineum
1086 2373 1125 2407 et
1149 2377 1187 2406 Β
1308 2375 1353 2406 26
1381 2370 1449 2405 im-

95 2426 137 2451 ec
184 2427 204 2452 e
