1638 2560
162 116 248 159 152
583 113 758 149 GEMIN]
784 110 1113 148 LANGVENTES

159 231 299 270 vestra
330 230 534 278 lacrimas,
569 241 687 279 super
718 227 901 266 ardentes
933 238 1051 278 rogos
1082 225 1230 265 tenetis
1262 225 1541 265 inconcussam

160 291 413 343 rigidamque
452 289 613 337 faciem,
651 289 721 327 itis
760 287 920 327 obviam
952 285 1312 335 consolationibus,
1349 286 1402 335 et,
1433 285 1542 336 quod

165 364 322 391 omnem
353 350 516 388 modum
549 349 725 388 feritatis
758 347 931 397 excedit,
970 346 1144 398 captatis
1175 347 1220 384 in
1254 358 1403 398 magna
1434 345 1540 386 cah·

162 413 306 450 mitate
338 410 505 449 laudari.
559 409 779 459 quidquam
812 421 907 459 ergo
941 407 1017 446 erit
1050 407 1157 457 quod
1188 406 1237 445 de
1263 406 1541 447 communibus

163 471 397 523 pignoribus
434 483 515 509 non
546 470 637 520 pari
675 470 827 519 mente,
864 469 955 519 pari
991 467 1266 518 impatientia,
1305 467 1370 506 vel
1407 467 1443 507 si
1473 479 1539 506 ne·
1579 481 1597 508 ε

164 533 326 572 cessitas
358 531 548 581 postulet,
580 531 671 580 pari
696 531 830 581 rigore
862 527 1051 568 faciatis?
1101 528 1201 567 mali
1226 529 1389 569 tantum
1412 527 1542 578 patris

163 594 340 641 interest,
373 593 419 630 ut
450 592 573 629 matri
603 592 736 629 minus
768 590 898 630 liceat.

254 652 357 691 Sane
390 651 506 690 cedat
531 651 644 690 vobis
671 652 776 690 circa
801 649 997 702 regendas
1024 649 1296 689 communium
1326 649 1543 701 pignorum

164 715 316 752 mentes
355 724 471 751 sexus
510 711 724 761 infirmior,
763 724 834 750 vos
866 723 1014 760 mores,
1047 723 1118 750 vos
1150 710 1260 749 vitae
1295 722 1439 762 genus,
1470 722 1544 749 vos

164 773 422 812 matrimonia
459 774 689 822 ceterosque
729 773 840 811 actus
885 772 1020 810 vestra
1057 770 1317 821 persuasione
1362 769 1543 820 firmetis,
1563 785 1600 811 ιο

166 833 362 883 numquid
393 844 586 884 arrogans
619 833 876 882 consortium,
908 831 1106 882 numquid
1137 832 1339 882 impotens
1371 831 1543 871 societas

168 896 229 933 est
271 894 418 933 liberos
463 905 692 932 communes
737 906 820 933 esse
870 890 1137 944 languentes?
1206 893 1241 931 si
1285 892 1375 942 quis
1417 892 1544 932 immo

167 955 297 1006 pudor
335 955 412 1003 est,
452 953 544 992 cede
582 966 687 992 nunc
724 955 814 993 tota
854 954 1056 1004 potestate
1094 954 1235 1003 matri,
1271 952 1383 993 illius
1415 953 1471 993 sit
1499 953 1544 992 in

169 1016 280 1066 aegri
311 1016 400 1053 toro
432 1015 585 1064 primus
617 1014 745 1064 loeus,
777 1014 876 1053 haec
908 1013 1099 1052 adhibeat
1130 1014 1328 1063 fomenta,
1358 1013 1546 1064 porrigat

169 1076 294 1124 cibos,
333 1074 367 1113 si
399 1074 496 1124 quid
533 1075 808 1124 impatientia,
847 1075 882 1113 si
916 1074 1011 1124 quid
1049 1074 1311 1126 flagrantium
1344 1075 1545 1113 viscerum
1564 1087 1601 1114 15

167 1135 298 1186 poscit
322 1135 549 1184 infirmitas,
580 1136 710 1173 mater
735 1136 865 1187 neget,
897 1136 1027 1174 mater
1052 1134 1273 1187 indulgeat.
1323 1134 1418 1174 illas
1443 1146 1545 1184 quas

168 1196 406 1235 immodicus
439 1195 557 1234 ardor
588 1195 754 1235 discutit
786 1197 933 1245 vestes,
971 1195 1070 1235 haec
1102 1209 1221 1246 super
1257 1195 1452 1247 fatigatos
1483 1207 1545 1235 re-

168 1257 295 1307 ponat
327 1257 455 1305 artus,
494 1256 567 1294 illa
598 1257 770 1295 iactatas
802 1258 889 1295 toto
925 1256 1074 1295 lectulo
1106 1269 1250 1295 manus
1282 1255 1420 1296 sedulo
1452 1268 1546 1296 con-

170 1318 301 1356 tineat
332 1316 486 1355 affectu.

121 1378 146 1413 8
260 1377 428 1416 Frustra
473 1378 611 1427 captas
649 1377 777 1416 videri
821 1377 1018 1416 ultionem
1058 1390 1230 1429 magnae
1272 1377 1455 1417 caritatis
1494 1376 1544 1417 ab
1564 1391 1603 1417 so

173 1438 282 1476 omni
313 1450 430 1476 curae
462 1438 619 1476 ratione
652 1439 860 1488 sepositus.
925 1451 1016 1477 cum
1048 1439 1154 1477 circa
1186 1438 1415 1478 curationes
1446 1437 1546 1476 libe·

170 1511 306 1536 rorum
337 1510 417 1537 non
443 1499 698 1537 consentiunt
727 1500 927 1548 parentes,
959 1499 1179 1538 curationis
1212 1499 1273 1538 est
1302 1499 1434 1549 culpa,
1465 1510 1547 1537 non

171 1558 322 1597 matris.
387 1557 513 1607 quid?
553 1558 658 1608 quod
695 1558 824 1598 filium
862 1559 1010 1598 occidit
1045 1560 1301 1599 innocentem
1338 1560 1404 1598 cui
1443 1558 1547 1598 nihil

173 1618 343 1667 obicere,
381 1618 483 1656 nihil
514 1620 675 1668 poterat
705 1618 853 1659 irasci?
891 1619 1038 1670 filium,
1077 1621 1112 1659 si
1143 1620 1223 1670 ipsi
1255 1619 1436 1669 creditis,
1474 1631 1547 1670 pro

173 1679 298 1717 fratre
341 1679 444 1717 mori
486 1681 674 1728 paratum
718 1680 829 1719 cuius
874 1693 1060 1731 suprema
1103 1681 1208 1719 ferre
1249 1693 1331 1720 non
1373 1680 1546 1731 poterat.
1566 1693 1604 1721 2⁵

173 1751 339 1788 novum,
376 1739 544 1788 iudices,
584 1741 623 1778 et
659 1741 911 1791 incognitum
942 1741 1059 1780 rebus
1097 1741 1285 1781 humanis
1317 1740 1455 1781 audite
1487 1740 1547 1780 fa-

174 1800 295 1839 cinus.
359 1799 441 1837 iam
472 1799 734 1849 parricidium
766 1801 907 1851 pietas,
942 1802 1089 1841 caritas
1123 1803 1163 1840 et
1193 1802 1454 1853 impatientia
1485 1814 1548 1841 or-

173 1860 313 1898 bitatis
341 1859 532 1899 admittit.
582 1861 690 1899 malo
718 1861 865 1911 odium,
899 1862 1093 1911 querelas,
1126 1862 1397 1902 execrationes
1427 1874 1550 1912 quam

175 1921 222 1958 ut
255 1920 343 1970 quis
380 1919 526 1959 liberos
565 1920 709 1959 affectu
743 1934 821 1971 quo
861 1924 1084 1972 servantur,
1123 1923 1290 1962 occidat.
1355 1922 1452 1973 quid
1488 1935 1549 1961 re-

273 2099 293 2130 2
319 2095 423 2131 mitis
449 2101 486 2130 Β
567 2095 669 2142 quod
693 2107 794 2142 supr.
816 2103 853 2131 B
943 2101 963 2132 5
991 2098 1023 2133 si
1050 2110 1117 2134 om.
1138 2105 1176 2133 Β
1261 2101 1281 2133 6
1307 2083 1480 2144 postulsst
1496 2103 1550 2141 Βς

175 2143 347 2190 postulat
370 2150 403 2178 J
471 2143 563 2179 mali
589 2156 634 2180 eae
658 2144 801 2180 malum
826 2151 863 2180 Β
935 2149 956 2182 8
981 2146 1161 2193 rigendas
1188 2153 1224 2181 Ρ
1296 2149 1341 2182 10
1366 2147 1498 2182 nostra
1517 2151 1557 2181 P

178 2196 222 2227 11
255 2193 311 2229 bis
335 2192 536 2237 numquid:
570 2204 645 2228 non
672 2193 773 2238 quod
798 2200 830 2228 J
926 2198 971 2229 14
997 2195 1106 2230 thoro
1131 2201 1218 2237 Βνβ
1317 2197 1361 2230 15
1386 2194 1552 2242 flagran-

174 2240 289 2277 tium:
315 2239 504 2287 flagitium
531 2249 558 2275 <r
655 2244 698 2276 18
730 2240 817 2278 illas
842 2248 944 2278 BVP
966 2244 997 2288 (s
1024 2243 1091 2279 del.
1118 2255 1217 2279 man.
1245 2243 1281 2288 3)
1308 2251 1336 2278 d·
1429 2242 1554 2279 iactas

177 2295 222 2333 P,
246 2289 289 2324 ta
313 2300 414 2335 supr.
433 2303 462 2329 1»
584 2292 629 2323 20
660 2289 807 2325 ultione
833 2296 876 2325 M
904 2291 977 2337 (vel
1008 2291 1194 2327 ultionem
1225 2303 1325 2337 supr.
1346 2292 1402 2338 m)
1502 2290 1551 2326 ab

177 2360 280 2397 omni
306 2361 500 2397 curatione
525 2372 585 2397 me
618 2361 823 2408 sepositam
849 2362 924 2398 Bu.
1048 2367 1093 2398 23
1127 2339 1292 2411 qtitiqod
1318 2363 1358 2411 (d.
1382 2375 1484 2411 supr.
1505 2368 1554 2409 B,

177 2412 195 2444 †
213 2421 315 2456 supr.
337 2411 373 2456 b)
392 2415 430 2445 Β
527 2413 572 2445 25
599 2421 802 2456 supprema
826 2417 855 2444 V
948 2415 992 2446 26
1020 2412 1215 2458 cognitum
1240 2418 1278 2447 Β
