<?xml version="1.0" encoding="UTF-8"?>
<!DOCTYPE html PUBLIC "-//W3C//DTD XHTML 1.0 Transitional//EN"
    "http://www.w3.org/TR/xhtml1/DTD/xhtml1-transitional.dtd">
<html xmlns="http://www.w3.org/1999/xhtml" xml:lang="en" lang="en">
 <head>
  <title>
</title>
<meta http-equiv="Content-Type" content="text/html;charset=utf-8" />
  <meta name='ocr-system' content='tesseract 3.04.00' />
  <meta name='ocr-capabilities' content='ocr_page ocr_carea ocr_par ocr_line ocrx_word'/>
</head>
<body>
  <div class='ocr_page' id='page_1' title='image "./quintilianiquaef00lehnuoft_0453.png"; bbox 0 0 1638 2560; ppageno 0'>
   <div class='ocr_carea' id='block_1_1' title="bbox 397 115 1409 165">
    <p class='ocr_par' dir='ltr' id='par_1_1' title="bbox 397 115 1409 165">
     <span class='ocr_line' id='line_1_1' title="bbox 397 115 1409 165; baseline 0.002 -9"><span class='ocrx_word' id='word_1_1' title='bbox 397 117 813 156; x_wconf 77' lang='lat' dir='ltr'>DECLAMATIONES</span> <span class='ocrx_word' id='word_1_2' title='bbox 838 115 1030 165; x_wconf 78' lang='lat' dir='ltr'>xlvsxv.</span> <span class='ocrx_word' id='word_1_3' title='bbox 1320 116 1409 158; x_wconf 79' lang='lat'>417</span> 
     </span>
    </p>
   </div>
   <div class='ocr_carea' id='block_1_2' title="bbox 0 232 1425 2231">
    <p class='ocr_par' dir='ltr' id='par_1_2' title="bbox 0 232 1425 2231">
     <span class='ocr_line' id='line_1_2' title="bbox 18 232 1410 287; baseline -0.006 -9"><span class='ocrx_word' id='word_1_4' title='bbox 18 236 195 278; x_wconf 78' lang='lat' dir='ltr'>bendere</span> <span class='ocrx_word' id='word_1_5' title='bbox 223 249 298 277; x_wconf 87' lang='lat' dir='ltr'>nec</span> <span class='ocrx_word' id='word_1_6' title='bbox 329 234 574 287; x_wconf 73' lang='lat' dir='ltr'>deprehendi</span> <span class='ocrx_word' id='word_1_7' title='bbox 605 234 729 274; x_wconf 85' lang='lat' dir='ltr'>audes</span> <span class='ocrx_word' id='word_1_8' title='bbox 762 236 820 283; x_wconf 87' lang='lat' dir='ltr'>et,</span> <span class='ocrx_word' id='word_1_9' title='bbox 851 245 943 272; x_wconf 87' lang='lat' dir='ltr'>cum</span> <span class='ocrx_word' id='word_1_10' title='bbox 975 232 1221 280; x_wconf 77' lang='lat' dir='ltr'>admitteris,</span> <span class='ocrx_word' id='word_1_11' title='bbox 1253 232 1410 282; x_wconf 91' lang='lat' dir='ltr'>suppli-</span> 
     </span>
     <span class='ocr_line' id='line_1_3' title="bbox 21 291 1411 349; baseline -0.006 -10"><span class='ocrx_word' id='word_1_12' title='bbox 21 312 131 349; x_wconf 87' lang='lat' dir='ltr'>care,</span> <span class='ocrx_word' id='word_1_13' title='bbox 161 311 245 338; x_wconf 88' lang='lat' dir='ltr'>non</span> <span class='ocrx_word' id='word_1_14' title='bbox 282 297 488 348; x_wconf 78' lang='lat' dir='ltr'>percipere</span> <span class='ocrx_word' id='word_1_15' title='bbox 518 297 647 346; x_wconf 87' lang='lat' dir='ltr'>potes.</span> <span class='ocrx_word' id='word_1_16' title='bbox 703 294 824 333; x_wconf 87' lang='lat' dir='ltr'>fidem</span> <span class='ocrx_word' id='word_1_17' title='bbox 858 295 1056 342; x_wconf 84' lang='lat' dir='ltr'>vestram,</span> <span class='ocrx_word' id='word_1_18' title='bbox 1096 291 1268 342; x_wconf 86' lang='lat' dir='ltr'>iudices,</span> <span class='ocrx_word' id='word_1_19' title='bbox 1308 305 1411 343; x_wconf 84' lang='lat' dir='ltr'>pau·</span> 
     </span>
     <span class='ocr_line' id='line_1_4' title="bbox 20 353 1412 412; baseline -0.006 -12"><span class='ocrx_word' id='word_1_20' title='bbox 20 371 138 412; x_wconf 82' lang='lat' dir='ltr'>peres</span> <span class='ocrx_word' id='word_1_21' title='bbox 171 358 453 410; x_wconf 83' lang='lat' dir='ltr'>impatientius</span> <span class='ocrx_word' id='word_1_22' title='bbox 494 358 645 395; x_wconf 81' lang='lat' dir='ltr'>amant.</span> <span class='ocrx_word' id='word_1_23' title='bbox 701 355 747 394; x_wconf 90' lang='lat' dir='ltr'>P.</span> <span class='ocrx_word' id='word_1_24' title='bbox 774 356 809 394; x_wconf 88' lang='lat' dir='ltr'>si</span> <span class='ocrx_word' id='word_1_25' title='bbox 845 366 1076 394; x_wconf 80' lang='lat' dir='ltr'>succurrere</span> <span class='ocrx_word' id='word_1_26' title='bbox 1114 353 1298 402; x_wconf 85' lang='lat' dir='ltr'>voluisti,</span> <span class='ocrx_word' id='word_1_27' title='bbox 1340 365 1412 392; x_wconf 87' lang='lat' dir='ltr'>cur</span> 
     </span>
     <span class='ocr_line' id='line_1_5' title="bbox 20 384 1412 468; baseline -0.006 -8"><span class='ocrx_word' id='word_1_28' title='bbox 20 433 104 460; x_wconf 88' lang='lat' dir='ltr'>non</span> <span class='ocrx_word' id='word_1_29' title='bbox 142 418 367 468; x_wconf 75' lang='lat' dir='ltr'><strong>indulsisti,</strong></span> <span class='ocrx_word' id='word_1_30' title='bbox 407 416 577 457; x_wconf 82' lang='lat' dir='ltr'>fovisti?</span> <span class='ocrx_word' id='word_1_31' title='bbox 632 417 693 456; x_wconf 81' lang='lat' dir='ltr'>M.</span> <span class='ocrx_word' id='word_1_32' title='bbox 727 415 860 466; x_wconf 89' lang='lat' dir='ltr'>coepi,</span> <span class='ocrx_word' id='word_1_33' title='bbox 900 414 970 454; x_wconf 90' lang='lat' dir='ltr'>sed</span> <span class='ocrx_word' id='word_1_34' title='bbox 1010 414 1184 454; x_wconf 85' lang='lat' dir='ltr'>facultas</span> <span class='ocrx_word' id='word_1_35' title='bbox 1225 384 1412 453; x_wconf 81' lang='lat' dir='ltr'>ardorem</span> 
     </span>
     <span class='ocr_line' id='line_1_6' title="bbox 0 474 1414 534; baseline -0.004 -15"><span class='ocrx_word' id='word_1_36' title='bbox 0 480 209 534; x_wconf 48' lang='lat' dir='ltr'>augebat„</span> <span class='ocrx_word' id='word_1_37' title='bbox 264 480 311 520; x_wconf 89' lang='lat' dir='ltr'>P.</span> <span class='ocrx_word' id='word_1_38' title='bbox 337 492 410 519; x_wconf 85' lang='lat' dir='ltr'>cur</span> <span class='ocrx_word' id='word_1_39' title='bbox 446 492 528 518; x_wconf 90' lang='lat' dir='ltr'>non</span> <span class='ocrx_word' id='word_1_40' title='bbox 566 475 799 518; x_wconf 78' lang='lat' dir='ltr'>exclusisti?</span> <span class='ocrx_word' id='word_1_41' title='bbox 855 477 916 515; x_wconf 94' lang='grc' dir='ltr'>Μ.</span> <span class='ocrx_word' id='word_1_42' title='bbox 943 477 985 515; x_wconf 89' lang='lat' dir='ltr'>et</span> <span class='ocrx_word' id='word_1_43' title='bbox 1015 475 1090 515; x_wconf 90' lang='lat' dir='ltr'>hoc</span> <span class='ocrx_word' id='word_1_44' title='bbox 1122 474 1303 526; x_wconf 87' lang='lat' dir='ltr'>quidem,</span> <span class='ocrx_word' id='word_1_45' title='bbox 1341 474 1414 515; x_wconf 86' lang='lat' dir='ltr'>sed</span> 
     </span>
     <span class='ocr_line' id='line_1_7' title="bbox 20 534 1412 610; baseline -0.006 -28"><span class='ocrx_word' id='word_1_46' title='bbox 20 542 190 595; x_wconf 82' lang='lat' dir='ltr'>vigiliis,</span> <span class='ocrx_word' id='word_1_47' title='bbox 206 539 406 610; x_wconf 76' lang='lat' dir='ltr'>precibus,</span> <span class='ocrx_word' id='word_1_48' title='bbox 420 539 599 580; x_wconf 85' lang='lat' dir='ltr'>lacrimis</span> <span class='ocrx_word' id='word_1_49' title='bbox 618 537 897 589; x_wconf 73' lang='lat' dir='ltr'>praevaluisti</span> <span class='ocrx_word' id='word_1_50' title='bbox 941 537 986 575; x_wconf 93' lang='lat' dir='ltr'>P.</span> <span class='ocrx_word' id='word_1_51' title='bbox 1002 538 1268 587; x_wconf 72' lang='lat' dir='ltr'>exspectares,</span> <span class='ocrx_word' id='word_1_52' title='bbox 1287 534 1412 575; x_wconf 90' lang='lat' dir='ltr'>donec</span> 
     </span>
     <span class='ocr_line' id='line_1_8' title="bbox 21 597 1412 669; baseline -0.005 -27"><span class='ocrx_word' id='word_1_53' title='bbox 21 603 128 642; x_wconf 79' lang='lat' dir='ltr'>fame</span> <span class='ocrx_word' id='word_1_54' title='bbox 161 604 204 642; x_wconf 87' lang='lat' dir='ltr'>et</span> <span class='ocrx_word' id='word_1_55' title='bbox 232 602 375 653; x_wconf 85' lang='lat' dir='ltr'>inopia</span> <span class='ocrx_word' id='word_1_56' title='bbox 396 600 639 669; x_wconf 81' lang='lat' dir='ltr'>castigarer.</span> <span class='ocrx_word' id='word_1_57' title='bbox 695 599 757 638; x_wconf 98' lang='grc' dir='ltr'>Μ.</span> <span class='ocrx_word' id='word_1_58' title='bbox 784 600 829 638; x_wconf 90' lang='lat' dir='ltr'>at</span> <span class='ocrx_word' id='word_1_59' title='bbox 859 598 967 637; x_wconf 86' lang='lat' dir='ltr'>inter</span> <span class='ocrx_word' id='word_1_60' title='bbox 997 598 1097 636; x_wconf 86' lang='lat' dir='ltr'>haec</span> <span class='ocrx_word' id='word_1_61' title='bbox 1129 598 1310 648; x_wconf 86' lang='lat' dir='ltr'>coepisti.</span> <span class='ocrx_word' id='word_1_62' title='bbox 1366 597 1412 635; x_wconf 89' lang='lat' dir='ltr'><em>P</em></span> 
     </span>
     <span class='ocr_line' id='line_1_9' title="bbox 21 658 1412 715; baseline -0.006 -11"><span class='ocrx_word' id='word_1_63' title='bbox 21 664 168 704; x_wconf 82' lang='lat' dir='ltr'>saltem</span> <span class='ocrx_word' id='word_1_64' title='bbox 186 662 409 715; x_wconf 87' lang='lat' dir='ltr'>propinqui</span> <span class='ocrx_word' id='word_1_65' title='bbox 427 664 469 700; x_wconf 89' lang='lat' dir='ltr'>et</span> <span class='ocrx_word' id='word_1_66' title='bbox 489 662 609 700; x_wconf 87' lang='lat' dir='ltr'>amici</span> <span class='ocrx_word' id='word_1_67' title='bbox 635 660 912 700; x_wconf 77' lang='lat' dir='ltr'>correxissent.</span> <span class='ocrx_word' id='word_1_68' title='bbox 969 659 1031 697; x_wconf 82' lang='lat' dir='ltr'>M.</span> <span class='ocrx_word' id='word_1_69' title='bbox 1052 659 1086 698; x_wconf 92' lang='lat' dir='ltr'>si</span> <span class='ocrx_word' id='word_1_70' title='bbox 1112 658 1242 709; x_wconf 80' lang='lat' dir='ltr'>aliqui</span> <span class='ocrx_word' id='word_1_71' title='bbox 1267 659 1412 707; x_wconf 85' lang='lat' dir='ltr'>essent,</span> 
     </span>
     <span class='ocr_line' id='line_1_10' title="bbox 20 717 1414 774; baseline -0.006 -10"><span class='ocrx_word' id='word_1_72' title='bbox 20 724 86 764; x_wconf 88' lang='lat' dir='ltr'>illi</span> <span class='ocrx_word' id='word_1_73' title='bbox 102 726 145 764; x_wconf 88' lang='lat' dir='ltr'>te</span> <span class='ocrx_word' id='word_1_74' title='bbox 164 726 259 763; x_wconf 87' lang='lat' dir='ltr'>ante</span> <span class='ocrx_word' id='word_1_75' title='bbox 283 723 493 774; x_wconf 83' lang='lat' dir='ltr'>potionem</span> <span class='ocrx_word' id='word_1_76' title='bbox 519 723 700 761; x_wconf 79' lang='lat' dir='ltr'>nostram</span> <span class='ocrx_word' id='word_1_77' title='bbox 726 720 870 759; x_wconf 79' lang='lat' dir='ltr'>vinclis</span> <span class='ocrx_word' id='word_1_78' title='bbox 896 719 1134 759; x_wconf 85' lang='lat' dir='ltr'>tenuissent.</span> <span class='ocrx_word' id='word_1_79' title='bbox 1185 717 1414 771; x_wconf 86' lang='lat' dir='ltr'>indignaris</span> 
     </span>
     <span class='ocr_line' id='line_1_11' title="bbox 0 779 1415 836; baseline -0.003 -12"><span class='ocrx_word' id='word_1_80' title='bbox 0 785 131 836; x_wconf 67' lang='lat' dir='ltr'>»quod</span> <span class='ocrx_word' id='word_1_81' title='bbox 161 786 203 824; x_wconf 90' lang='lat' dir='ltr'>te</span> <span class='ocrx_word' id='word_1_82' title='bbox 233 784 362 823; x_wconf 89' lang='lat' dir='ltr'>malui</span> <span class='ocrx_word' id='word_1_83' title='bbox 392 782 570 823; x_wconf 88' lang='lat' dir='ltr'>remedio</span> <span class='ocrx_word' id='word_1_84' title='bbox 604 794 727 832; x_wconf 89' lang='lat' dir='ltr'>quam</span> <span class='ocrx_word' id='word_1_85' title='bbox 758 781 894 820; x_wconf 90' lang='lat' dir='ltr'>dolore</span> <span class='ocrx_word' id='word_1_86' title='bbox 926 779 1092 820; x_wconf 85' lang='lat' dir='ltr'>sanari?</span> <span class='ocrx_word' id='word_1_87' title='bbox 1124 783 1165 818; x_wconf 84' lang='lat' dir='ltr'>et</span> <span class='ocrx_word' id='word_1_88' title='bbox 1195 779 1342 819; x_wconf 86' lang='lat' dir='ltr'>leviter</span> <span class='ocrx_word' id='word_1_89' title='bbox 1373 781 1415 820; x_wconf 73' lang='lat' dir='ltr'>et</span> 
     </span>
     <span class='ocr_line' id='line_1_12' title="bbox 23 840 1416 896; baseline -0.005 -10"><span class='ocrx_word' id='word_1_90' title='bbox 23 846 248 886; x_wconf 84' lang='lat' dir='ltr'>necessario</span> <span class='ocrx_word' id='word_1_91' title='bbox 274 845 487 896; x_wconf 89' lang='lat' dir='ltr'>explicitus</span> <span class='ocrx_word' id='word_1_92' title='bbox 519 856 573 883; x_wconf 86' lang='lat' dir='ltr'>es.</span> <span class='ocrx_word' id='word_1_93' title='bbox 629 843 674 881; x_wconf 93' lang='lat' dir='ltr'>P.</span> <span class='ocrx_word' id='word_1_94' title='bbox 701 843 815 882; x_wconf 86' lang='lat' dir='ltr'>scitis</span> <span class='ocrx_word' id='word_1_95' title='bbox 848 841 1062 892; x_wconf 87' lang='lat' dir='ltr'>quomodo,</span> <span class='ocrx_word' id='word_1_96' title='bbox 1093 840 1263 890; x_wconf 87' lang='lat' dir='ltr'>iudices,</span> <span class='ocrx_word' id='word_1_97' title='bbox 1296 852 1416 890; x_wconf 88' lang='lat' dir='ltr'>nunc,</span> 
     </span>
     <span class='ocr_line' id='line_1_13' title="bbox 23 901 1415 952; baseline -0.006 -5"><span class='ocrx_word' id='word_1_98' title='bbox 23 918 131 946; x_wconf 85' lang='lat' dir='ltr'>nunc</span> <span class='ocrx_word' id='word_1_99' title='bbox 160 919 225 946; x_wconf 87' lang='lat' dir='ltr'>me</span> <span class='ocrx_word' id='word_1_100' title='bbox 256 905 482 945; x_wconf 88' lang='lat' dir='ltr'>sanandum</span> <span class='ocrx_word' id='word_1_101' title='bbox 519 904 661 943; x_wconf 88' lang='lat' dir='ltr'>fateor.</span> <span class='ocrx_word' id='word_1_102' title='bbox 718 902 841 942; x_wconf 83' lang='lat' dir='ltr'>habet</span> <span class='ocrx_word' id='word_1_103' title='bbox 876 902 1042 952; x_wconf 83' lang='lat' dir='ltr'>aliquod</span> <span class='ocrx_word' id='word_1_104' title='bbox 1082 901 1274 941; x_wconf 85' lang='lat' dir='ltr'>solatium</span> <span class='ocrx_word' id='word_1_105' title='bbox 1307 902 1415 952; x_wconf 90' lang='lat' dir='ltr'>quis-</span> 
     </span>
     <span class='ocr_line' id='line_1_14' title="bbox 24 960 1416 1018; baseline -0.005 -11"><span class='ocrx_word' id='word_1_106' title='bbox 24 969 116 1018; x_wconf 85' lang='lat' dir='ltr'>quis</span> <span class='ocrx_word' id='word_1_107' title='bbox 145 967 191 1006; x_wconf 91' lang='lat' dir='ltr'>in</span> <span class='ocrx_word' id='word_1_108' title='bbox 222 979 359 1007; x_wconf 88' lang='lat' dir='ltr'>amore</span> <span class='ocrx_word' id='word_1_109' title='bbox 382 967 506 1005; x_wconf 85' lang='lat' dir='ltr'>miser</span> <span class='ocrx_word' id='word_1_110' title='bbox 531 968 602 1005; x_wconf 86' lang='lat' dir='ltr'>est.</span> <span class='ocrx_word' id='word_1_111' title='bbox 660 965 720 1003; x_wconf 92' lang='grc' dir='ltr'>Μ.</span> <span class='ocrx_word' id='word_1_112' title='bbox 748 965 783 1003; x_wconf 89' lang='lat' dir='ltr'>si</span> <span class='ocrx_word' id='word_1_113' title='bbox 814 963 915 1013; x_wconf 84' lang='lat' dir='ltr'>odis,</span> <span class='ocrx_word' id='word_1_114' title='bbox 947 975 1018 1001; x_wconf 88' lang='lat' dir='ltr'>cur</span> <span class='ocrx_word' id='word_1_115' title='bbox 1044 975 1180 1002; x_wconf 85' lang='lat' dir='ltr'>amare</span> <span class='ocrx_word' id='word_1_116' title='bbox 1206 960 1416 1002; x_wconf 78' lang='lat' dir='ltr'>intendis?</span> 
     </span>
     <span class='ocr_line' id='line_1_15' title="bbox 22 1024 1416 1078; baseline -0.005 -10"><span class='ocrx_word' id='word_1_117' title='bbox 22 1030 62 1068; x_wconf 82' lang='lat' dir='ltr'>si</span> <span class='ocrx_word' id='word_1_118' title='bbox 91 1040 216 1078; x_wconf 85' lang='lat' dir='ltr'>amas,</span> <span class='ocrx_word' id='word_1_119' title='bbox 248 1039 321 1066; x_wconf 88' lang='lat' dir='ltr'>cur</span> <span class='ocrx_word' id='word_1_120' title='bbox 351 1024 543 1067; x_wconf 78' lang='lat' dir='ltr'>accusas?</span> <span class='ocrx_word' id='word_1_121' title='bbox 599 1026 644 1064; x_wconf 93' lang='lat' dir='ltr'>P.</span> <span class='ocrx_word' id='word_1_122' title='bbox 670 1025 836 1064; x_wconf 88' lang='lat' dir='ltr'>mallem</span> <span class='ocrx_word' id='word_1_123' title='bbox 866 1027 1057 1062; x_wconf 87' lang='lat' dir='ltr'>neutrum</span> <span class='ocrx_word' id='word_1_124' title='bbox 1090 1036 1228 1076; x_wconf 86' lang='lat' dir='ltr'>agere,</span> <span class='ocrx_word' id='word_1_125' title='bbox 1259 1025 1416 1062; x_wconf 87' lang='lat' dir='ltr'>utrum·</span> 
     </span>
     <span class='ocr_line' id='line_1_16' title="bbox 0 1084 1417 1140; baseline -0.005 -11"><span class='ocrx_word' id='word_1_126' title='bbox 0 1101 103 1140; x_wconf 67' lang='lat' dir='ltr'>÷que</span> <span class='ocrx_word' id='word_1_127' title='bbox 144 1100 274 1140; x_wconf 87' lang='lat' dir='ltr'>posse.</span> <span class='ocrx_word' id='word_1_128' title='bbox 343 1100 418 1140; x_wconf 85' lang='lat' dir='ltr'>ego</span> <span class='ocrx_word' id='word_1_129' title='bbox 460 1087 598 1126; x_wconf 86' lang='lat' dir='ltr'>odium</span> <span class='ocrx_word' id='word_1_130' title='bbox 638 1085 794 1137; x_wconf 88' lang='lat' dir='ltr'>accepi,</span> <span class='ocrx_word' id='word_1_131' title='bbox 841 1084 1056 1124; x_wconf 68' lang='lat' dir='ltr'>arbita-ium</span> <span class='ocrx_word' id='word_1_132' title='bbox 1096 1084 1267 1136; x_wconf 88' lang='lat' dir='ltr'>perdidi.</span> <span class='ocrx_word' id='word_1_133' title='bbox 1334 1097 1417 1123; x_wconf 89' lang='lat' dir='ltr'>non</span> 
     </span>
     <span class='ocr_line' id='line_1_17' title="bbox 23 1145 1416 1201; baseline -0.004 -12"><span class='ocrx_word' id='word_1_134' title='bbox 23 1162 189 1201; x_wconf 86' lang='lat' dir='ltr'>possum</span> <span class='ocrx_word' id='word_1_135' title='bbox 230 1162 367 1188; x_wconf 88' lang='lat' dir='ltr'>amare</span> <span class='ocrx_word' id='word_1_136' title='bbox 408 1148 637 1200; x_wconf 83' lang='lat' dir='ltr'>coniugem,</span> <span class='ocrx_word' id='word_1_137' title='bbox 678 1160 759 1186; x_wconf 91' lang='lat' dir='ltr'>non</span> <span class='ocrx_word' id='word_1_138' title='bbox 794 1145 952 1185; x_wconf 89' lang='lat' dir='ltr'>liberos.</span> <span class='ocrx_word' id='word_1_139' title='bbox 1010 1146 1071 1184; x_wconf 81' lang='lat' dir='ltr'>M.</span> <span class='ocrx_word' id='word_1_140' title='bbox 1101 1158 1181 1185; x_wconf 90' lang='lat' dir='ltr'>non</span> <span class='ocrx_word' id='word_1_141' title='bbox 1224 1157 1416 1195; x_wconf 82' lang='lat' dir='ltr'>amorem,</span> 
     </span>
     <span class='ocr_line' id='line_1_18' title="bbox 24 1205 1415 1261; baseline -0.006 -10"><span class='ocrx_word' id='word_1_142' title='bbox 24 1210 96 1252; x_wconf 88' lang='lat' dir='ltr'>sed</span> <span class='ocrx_word' id='word_1_143' title='bbox 120 1209 230 1261; x_wconf 91' lang='lat' dir='ltr'>quod</span> <span class='ocrx_word' id='word_1_144' title='bbox 261 1210 426 1258; x_wconf 86' lang='lat' dir='ltr'>amasti,</span> <span class='ocrx_word' id='word_1_145' title='bbox 456 1221 538 1248; x_wconf 89' lang='lat' dir='ltr'>non</span> <span class='ocrx_word' id='word_1_146' title='bbox 564 1209 829 1259; x_wconf 81' lang='lat' dir='ltr'>voluptatem,</span> <span class='ocrx_word' id='word_1_147' title='bbox 862 1206 931 1246; x_wconf 88' lang='lat' dir='ltr'>sed</span> <span class='ocrx_word' id='word_1_148' title='bbox 956 1208 1159 1245; x_wconf 87' lang='lat' dir='ltr'>tormenta</span> <span class='ocrx_word' id='word_1_149' title='bbox 1188 1205 1415 1256; x_wconf 85' lang='lat' dir='ltr'>perdidisti.</span> 
     </span>
     <span class='ocr_line' id='line_1_19' title="bbox 26 1267 1420 1320; baseline -0.004 -9"><span class='ocrx_word' id='word_1_150' title='bbox 26 1272 63 1312; x_wconf 89' lang='lat' dir='ltr'>si</span> <span class='ocrx_word' id='word_1_151' title='bbox 92 1271 233 1320; x_wconf 88' lang='lat' dir='ltr'>nescis,</span> <span class='ocrx_word' id='word_1_152' title='bbox 267 1270 371 1309; x_wconf 81' lang='lat' dir='ltr'>illud</span> <span class='ocrx_word' id='word_1_153' title='bbox 403 1270 539 1309; x_wconf 79' lang='lat' dir='ltr'>odium</span> <span class='ocrx_word' id='word_1_154' title='bbox 571 1270 615 1307; x_wconf 90' lang='lat' dir='ltr'>in</span> <span class='ocrx_word' id='word_1_155' title='bbox 648 1269 857 1307; x_wconf 88' lang='lat' dir='ltr'>meretrice</span> <span class='ocrx_word' id='word_1_156' title='bbox 889 1268 1046 1307; x_wconf 89' lang='lat' dir='ltr'>facinus</span> <span class='ocrx_word' id='word_1_157' title='bbox 1079 1270 1140 1306; x_wconf 89' lang='lat' dir='ltr'>est</span> <span class='ocrx_word' id='word_1_158' title='bbox 1173 1280 1251 1317; x_wconf 90' lang='lat' dir='ltr'>quo</span> <span class='ocrx_word' id='word_1_159' title='bbox 1284 1267 1420 1306; x_wconf 87' lang='lat' dir='ltr'>utitur</span> 
     </span>
     <span class='ocr_line' id='line_1_20' title="bbox 25 1327 1416 1380; baseline -0.004 -9"><span class='ocrx_word' id='word_1_160' title='bbox 25 1331 69 1370; x_wconf 87' lang='lat' dir='ltr'>in</span> <span class='ocrx_word' id='word_1_161' title='bbox 100 1332 163 1371; x_wconf 89' lang='lat' dir='ltr'>sui</span> <span class='ocrx_word' id='word_1_162' title='bbox 201 1331 424 1371; x_wconf 86' lang='lat' dir='ltr'>caritatem.</span> <span class='ocrx_word' id='word_1_163' title='bbox 482 1332 624 1369; x_wconf 83' lang='lat' dir='ltr'>contra</span> <span class='ocrx_word' id='word_1_164' title='bbox 662 1341 726 1367; x_wconf 93' lang='lat' dir='ltr'>me</span> <span class='ocrx_word' id='word_1_165' title='bbox 765 1328 876 1377; x_wconf 85' lang='lat' dir='ltr'>dedi,</span> <span class='ocrx_word' id='word_1_166' title='bbox 913 1340 986 1379; x_wconf 90' lang='lat' dir='ltr'>pro</span> <span class='ocrx_word' id='word_1_167' title='bbox 1028 1327 1111 1367; x_wconf 88' lang='lat' dir='ltr'>illis</span> <span class='ocrx_word' id='word_1_168' title='bbox 1150 1327 1277 1380; x_wconf 87' lang='lat' dir='ltr'>igitur</span> <span class='ocrx_word' id='word_1_169' title='bbox 1309 1329 1416 1367; x_wconf 83' lang='lat' dir='ltr'>steti.</span> 
     </span>
     <span class='ocr_line' id='line_1_21' title="bbox 0 1387 1418 1439; baseline -0.004 -7"><span class='ocrx_word' id='word_1_170' title='bbox 0 1393 71 1432; x_wconf 73' lang='grc' dir='ltr'>ιΡ.</span> <span class='ocrx_word' id='word_1_171' title='bbox 99 1405 170 1431; x_wconf 84' lang='lat' dir='ltr'>cur</span> <span class='ocrx_word' id='word_1_172' title='bbox 201 1405 282 1430; x_wconf 89' lang='lat' dir='ltr'>non</span> <span class='ocrx_word' id='word_1_173' title='bbox 314 1393 455 1431; x_wconf 68' lang='lat' dir='ltr'>statim</span> <span class='ocrx_word' id='word_1_174' title='bbox 487 1395 690 1436; x_wconf 29' lang='lat' dir='ltr'>amaturo-</span> <span class='ocrx_word' id='word_1_175' title='bbox 713 1387 888 1428; x_wconf 85' lang='lat' dir='ltr'>dedisti?</span> <span class='ocrx_word' id='word_1_176' title='bbox 944 1389 1005 1427; x_wconf 79' lang='lat' dir='ltr'>M.</span> <span class='ocrx_word' id='word_1_177' title='bbox 1035 1389 1129 1439; x_wconf 87' lang='lat' dir='ltr'>quia</span> <span class='ocrx_word' id='word_1_178' title='bbox 1161 1401 1243 1427; x_wconf 91' lang='lat' dir='ltr'>non</span> <span class='ocrx_word' id='word_1_179' title='bbox 1276 1389 1418 1427; x_wconf 82' lang='lat' dir='ltr'>statim</span> 
     </span>
     <span class='ocr_line' id='line_1_22' title="bbox 27 1449 1416 1501; baseline -0.004 -9"><span class='ocrx_word' id='word_1_180' title='bbox 27 1465 169 1492; x_wconf 84' lang='lat' dir='ltr'>amans</span> <span class='ocrx_word' id='word_1_181' title='bbox 198 1453 399 1492; x_wconf 75' lang='lat' dir='ltr'>insanisti.</span> <span class='ocrx_word' id='word_1_182' title='bbox 459 1452 502 1489; x_wconf 90' lang='lat' dir='ltr'>P.</span> <span class='ocrx_word' id='word_1_183' title='bbox 530 1465 553 1490; x_wconf 91' lang='grc' dir='ltr'><strong>ο</strong></span> <span class='ocrx_word' id='word_1_184' title='bbox 586 1453 785 1501; x_wconf 88' lang='lat' dir='ltr'>quantum</span> <span class='ocrx_word' id='word_1_185' title='bbox 816 1450 992 1499; x_wconf 83' lang='lat' dir='ltr'>facinus,</span> <span class='ocrx_word' id='word_1_186' title='bbox 1033 1449 1204 1497; x_wconf 85' lang='lat' dir='ltr'>iudices,</span> <span class='ocrx_word' id='word_1_187' title='bbox 1238 1461 1416 1488; x_wconf 89' lang='lat' dir='ltr'>amorem</span> 
     </span>
     <span class='ocr_line' id='line_1_23' title="bbox 25 1509 1418 1565; baseline -0.004 -11"><span class='ocrx_word' id='word_1_188' title='bbox 25 1513 177 1554; x_wconf 90' lang='lat' dir='ltr'>mundo</span> <span class='ocrx_word' id='word_1_189' title='bbox 203 1515 369 1565; x_wconf 86' lang='lat' dir='ltr'>potione</span> <span class='ocrx_word' id='word_1_190' title='bbox 393 1513 515 1552; x_wconf 89' lang='lat' dir='ltr'>tollit.</span> <span class='ocrx_word' id='word_1_191' title='bbox 566 1512 628 1550; x_wconf 92' lang='grc' dir='ltr'>Μ.</span> <span class='ocrx_word' id='word_1_192' title='bbox 655 1524 679 1550; x_wconf 96' lang='lat' dir='ltr'>o</span> <span class='ocrx_word' id='word_1_193' title='bbox 706 1513 860 1562; x_wconf 90' lang='lat' dir='ltr'>quanta</span> <span class='ocrx_word' id='word_1_194' title='bbox 886 1511 1092 1559; x_wconf 88' lang='lat' dir='ltr'>securitas,</span> <span class='ocrx_word' id='word_1_195' title='bbox 1118 1510 1162 1548; x_wconf 88' lang='lat' dir='ltr'>P.</span> <span class='ocrx_word' id='word_1_196' title='bbox 1191 1509 1246 1559; x_wconf 63' lang='lat' dir='ltr'>O„</span> <span class='ocrx_word' id='word_1_197' title='bbox 1272 1510 1418 1549; x_wconf 86' lang='lat' dir='ltr'>incesti</span> 
     </span>
     <span class='ocr_line' id='line_1_24' title="bbox 27 1571 1419 1624; baseline -0.004 -9"><span class='ocrx_word' id='word_1_198' title='bbox 27 1587 204 1615; x_wconf 85' lang='lat' dir='ltr'>errorem</span> <span class='ocrx_word' id='word_1_199' title='bbox 236 1574 422 1622; x_wconf 83' lang='lat' dir='ltr'>destruit,</span> <span class='ocrx_word' id='word_1_200' title='bbox 452 1573 645 1612; x_wconf 88' lang='lat' dir='ltr'>illicitum</span> <span class='ocrx_word' id='word_1_201' title='bbox 670 1572 847 1611; x_wconf 84' lang='lat' dir='ltr'>furorem</span> <span class='ocrx_word' id='word_1_202' title='bbox 873 1571 1022 1624; x_wconf 87' lang='lat' dir='ltr'>arguit.</span> <span class='ocrx_word' id='word_1_203' title='bbox 1079 1571 1124 1610; x_wconf 89' lang='grc' dir='ltr'>Ρ.</span> <span class='ocrx_word' id='word_1_204' title='bbox 1152 1572 1270 1621; x_wconf 87' lang='lat' dir='ltr'>atqui</span> <span class='ocrx_word' id='word_1_205' title='bbox 1300 1583 1419 1610; x_wconf 82' lang='lat' dir='ltr'>vene-</span> 
     </span>
     <span class='ocr_line' id='line_1_25' title="bbox 27 1629 1420 1683; baseline -0.004 -8"><span class='ocrx_word' id='word_1_206' title='bbox 27 1635 146 1675; x_wconf 84' lang='lat' dir='ltr'>ficam</span> <span class='ocrx_word' id='word_1_207' title='bbox 186 1635 263 1674; x_wconf 85' lang='lat' dir='ltr'>hoc</span> <span class='ocrx_word' id='word_1_208' title='bbox 310 1634 429 1674; x_wconf 89' lang='lat' dir='ltr'>modo</span> <span class='ocrx_word' id='word_1_209' title='bbox 471 1646 557 1673; x_wconf 86' lang='lat' dir='ltr'>esse</span> <span class='ocrx_word' id='word_1_210' title='bbox 598 1635 767 1672; x_wconf 80' lang='lat' dir='ltr'>constat.</span> <span class='ocrx_word' id='word_1_211' title='bbox 831 1633 891 1671; x_wconf 92' lang='grc' dir='ltr'><strong>Μ.</strong></span> <span class='ocrx_word' id='word_1_212' title='bbox 919 1645 1001 1683; x_wconf 86' lang='lat' dir='ltr'>qua</span> <span class='ocrx_word' id='word_1_213' title='bbox 1042 1629 1303 1671; x_wconf 86' lang='lat' dir='ltr'>constantia?</span> <span class='ocrx_word' id='word_1_214' title='bbox 1344 1631 1420 1670; x_wconf 89' lang='lat' dir='ltr'>illa</span> 
     </span>
     <span class='ocr_line' id='line_1_26' title="bbox 0 1692 1420 1746; baseline -0.004 -10"><span class='ocrx_word' id='word_1_215' title='bbox 0 1695 214 1736; x_wconf 75' lang='lat' dir='ltr'>shorridos</span> <span class='ocrx_word' id='word_1_216' title='bbox 245 1698 451 1746; x_wconf 87' lang='lat' dir='ltr'>aspectus,</span> <span class='ocrx_word' id='word_1_217' title='bbox 487 1695 587 1733; x_wconf 88' lang='lat' dir='ltr'>haec</span> <span class='ocrx_word' id='word_1_218' title='bbox 626 1693 812 1741; x_wconf 81' lang='lat' dir='ltr'>blandos;</span> <span class='ocrx_word' id='word_1_219' title='bbox 850 1692 925 1732; x_wconf 85' lang='lat' dir='ltr'>illa</span> <span class='ocrx_word' id='word_1_220' title='bbox 963 1692 1109 1732; x_wconf 87' lang='lat' dir='ltr'>faciem</span> <span class='ocrx_word' id='word_1_221' title='bbox 1141 1692 1420 1742; x_wconf 84' lang='lat' dir='ltr'>inhumanam,</span> 
     </span>
     <span class='ocr_line' id='line_1_27' title="bbox 30 1753 1421 1807; baseline -0.003 -11"><span class='ocrx_word' id='word_1_222' title='bbox 30 1757 131 1796; x_wconf 78' lang='lat' dir='ltr'>haec</span> <span class='ocrx_word' id='word_1_223' title='bbox 161 1755 375 1807; x_wconf 83' lang='lat' dir='ltr'>placidam.</span> <span class='ocrx_word' id='word_1_224' title='bbox 427 1755 557 1795; x_wconf 89' lang='lat' dir='ltr'>omnis</span> <span class='ocrx_word' id='word_1_225' title='bbox 581 1755 702 1794; x_wconf 85' lang='lat' dir='ltr'>huius</span> <span class='ocrx_word' id='word_1_226' title='bbox 726 1755 901 1793; x_wconf 86' lang='lat' dir='ltr'>intentio</span> <span class='ocrx_word' id='word_1_227' title='bbox 927 1755 1001 1802; x_wconf 88' lang='lat' dir='ltr'>est,</span> <span class='ocrx_word' id='word_1_228' title='bbox 1032 1756 1079 1792; x_wconf 93' lang='lat' dir='ltr'>ut</span> <span class='ocrx_word' id='word_1_229' title='bbox 1110 1756 1278 1804; x_wconf 87' lang='lat' dir='ltr'>aspectu</span> <span class='ocrx_word' id='word_1_230' title='bbox 1309 1753 1421 1793; x_wconf 91' lang='lat' dir='ltr'>solli-</span> 
     </span>
     <span class='ocr_line' id='line_1_28' title="bbox 30 1812 1419 1866; baseline -0.004 -9"><span class='ocrx_word' id='word_1_231' title='bbox 30 1818 142 1866; x_wconf 70' lang='lat' dir='ltr'>citet,</span> <span class='ocrx_word' id='word_1_232' title='bbox 166 1829 348 1856; x_wconf 86' lang='lat' dir='ltr'>sermone</span> <span class='ocrx_word' id='word_1_233' title='bbox 374 1815 565 1855; x_wconf 86' lang='lat' dir='ltr'>detineat.</span> <span class='ocrx_word' id='word_1_234' title='bbox 616 1815 661 1854; x_wconf 88' lang='lat' dir='ltr'>P.</span> <span class='ocrx_word' id='word_1_235' title='bbox 683 1814 781 1865; x_wconf 87' lang='lat' dir='ltr'>quid</span> <span class='ocrx_word' id='word_1_236' title='bbox 806 1814 857 1853; x_wconf 89' lang='lat' dir='ltr'>ad</span> <span class='ocrx_word' id='word_1_237' title='bbox 881 1812 974 1853; x_wconf 91' lang='lat' dir='ltr'>me?</span> <span class='ocrx_word' id='word_1_238' title='bbox 1006 1826 1080 1866; x_wconf 87' lang='lat' dir='ltr'>ego</span> <span class='ocrx_word' id='word_1_239' title='bbox 1100 1827 1299 1853; x_wconf 84' lang='lat' dir='ltr'>venenum</span> <span class='ocrx_word' id='word_1_240' title='bbox 1323 1814 1419 1853; x_wconf 89' lang='lat' dir='ltr'>bibi.</span> 
     </span>
     <span class='ocr_line' id='line_1_29' title="bbox 30 1875 1423 1926; baseline -0.002 -9"><span class='ocrx_word' id='word_1_241' title='bbox 30 1878 93 1918; x_wconf 89' lang='grc' dir='ltr'><strong>Μ.</strong></span> <span class='ocrx_word' id='word_1_242' title='bbox 119 1877 369 1926; x_wconf 72' lang='lat' dir='ltr'>veneficium,</span> <span class='ocrx_word' id='word_1_243' title='bbox 397 1876 440 1915; x_wconf 89' lang='lat' dir='ltr'>P.</span> <span class='ocrx_word' id='word_1_244' title='bbox 469 1875 523 1926; x_wconf 78' lang='grc'><strong>0.,</strong></span> <span class='ocrx_word' id='word_1_245' title='bbox 550 1876 615 1915; x_wconf 86' lang='lat' dir='ltr'>vel</span> <span class='ocrx_word' id='word_1_246' title='bbox 640 1877 769 1915; x_wconf 86' lang='lat' dir='ltr'>morte</span> <span class='ocrx_word' id='word_1_247' title='bbox 795 1875 1122 1926; x_wconf 85' lang='lat' dir='ltr'>deprehenditur,</span> <span class='ocrx_word' id='word_1_248' title='bbox 1153 1878 1201 1915; x_wconf 87' lang='lat' dir='ltr'>ut</span> <span class='ocrx_word' id='word_1_249' title='bbox 1225 1875 1423 1915; x_wconf 84' lang='lat' dir='ltr'>violentia</span> 
     </span>
     <span class='ocr_line' id='line_1_30' title="bbox 32 1932 1422 1987; baseline -0.001 -9"><span class='ocrx_word' id='word_1_250' title='bbox 32 1950 183 1978; x_wconf 86' lang='lat' dir='ltr'>cruore.</span> <span class='ocrx_word' id='word_1_251' title='bbox 240 1938 285 1976; x_wconf 93' lang='lat' dir='ltr'>P.</span> <span class='ocrx_word' id='word_1_252' title='bbox 312 1938 476 1976; x_wconf 82' lang='lat' dir='ltr'>mallem</span> <span class='ocrx_word' id='word_1_253' title='bbox 502 1938 582 1976; x_wconf 87' lang='lat' dir='ltr'>cito</span> <span class='ocrx_word' id='word_1_254' title='bbox 609 1932 890 1987; x_wconf 81' lang='lat' dir='ltr'>occidisse&lt;s&gt;.</span> <span class='ocrx_word' id='word_1_255' title='bbox 939 1937 1001 1975; x_wconf 85' lang='lat' dir='ltr'>ita.</span> <span class='ocrx_word' id='word_1_256' title='bbox 1026 1936 1183 1975; x_wconf 84' lang='lat' dir='ltr'>malum</span> <span class='ocrx_word' id='word_1_257' title='bbox 1208 1935 1422 1985; x_wconf 84' lang='lat' dir='ltr'>ordinasti,</span> 
     </span>
     <span class='ocr_line' id='line_1_31' title="bbox 0 1997 1419 2049; baseline -0.004 -10"><span class='ocrx_word' id='word_1_258' title='bbox 0 2011 15 2039; x_wconf 71' lang='grc' dir='ltr'>υ</span> <span class='ocrx_word' id='word_1_259' title='bbox 33 2001 80 2038; x_wconf 91' lang='lat' dir='ltr'>ut</span> <span class='ocrx_word' id='word_1_260' title='bbox 111 1998 182 2038; x_wconf 90' lang='lat' dir='ltr'>diu</span> <span class='ocrx_word' id='word_1_261' title='bbox 212 2001 385 2049; x_wconf 82' lang='lat' dir='ltr'>paterer.</span> <span class='ocrx_word' id='word_1_262' title='bbox 442 1999 503 2037; x_wconf 91' lang='grc' dir='ltr'><strong>Μ.</strong></span> <span class='ocrx_word' id='word_1_263' title='bbox 529 1997 595 2036; x_wconf 85' lang='lat' dir='ltr'>vel</span> <span class='ocrx_word' id='word_1_264' title='bbox 619 1997 891 2036; x_wconf 87' lang='lat' dir='ltr'>membrorum</span> <span class='ocrx_word' id='word_1_265' title='bbox 919 1998 1030 2046; x_wconf 86' lang='lat' dir='ltr'>nota,</span> <span class='ocrx_word' id='word_1_266' title='bbox 1061 1998 1109 2036; x_wconf 92' lang='lat' dir='ltr'>ut</span> <span class='ocrx_word' id='word_1_267' title='bbox 1133 1997 1291 2036; x_wconf 84' lang='lat' dir='ltr'>invasio</span> <span class='ocrx_word' id='word_1_268' title='bbox 1323 1998 1419 2036; x_wconf 89' lang='lat' dir='ltr'>ictu.</span> 
     </span>
     <span class='ocr_line' id='line_1_32' title="bbox 33 2057 1422 2108; baseline -0.001 -10"><span class='ocrx_word' id='word_1_269' title='bbox 33 2059 78 2098; x_wconf 91' lang='lat' dir='ltr'>P.</span> <span class='ocrx_word' id='word_1_270' title='bbox 104 2060 340 2099; x_wconf 84' lang='lat' dir='ltr'>maluissem</span> <span class='ocrx_word' id='word_1_271' title='bbox 372 2058 552 2098; x_wconf 85' lang='lat' dir='ltr'>membra</span> <span class='ocrx_word' id='word_1_272' title='bbox 583 2060 775 2108; x_wconf 85' lang='lat' dir='ltr'>notasset,</span> <span class='ocrx_word' id='word_1_273' title='bbox 807 2070 887 2097; x_wconf 92' lang='lat' dir='ltr'>non</span> <span class='ocrx_word' id='word_1_274' title='bbox 920 2058 1112 2097; x_wconf 81' lang='lat' dir='ltr'>animum.</span> <span class='ocrx_word' id='word_1_275' title='bbox 1171 2058 1231 2097; x_wconf 93' lang='grc' dir='ltr'>Μ.</span> <span class='ocrx_word' id='word_1_276' title='bbox 1262 2057 1422 2096; x_wconf 88' lang='lat' dir='ltr'>meliori</span> 
     </span>
     <span class='ocr_line' id='line_1_33' title="bbox 33 2119 1422 2171; baseline -0.002 -12"><span class='ocrx_word' id='word_1_277' title='bbox 33 2121 144 2171; x_wconf 83' lang='lat' dir='ltr'>parti</span> <span class='ocrx_word' id='word_1_278' title='bbox 169 2119 392 2159; x_wconf 86' lang='lat' dir='ltr'>remedium</span> <span class='ocrx_word' id='word_1_279' title='bbox 416 2119 507 2158; x_wconf 90' lang='lat' dir='ltr'>tuli.</span> <span class='ocrx_word' id='word_1_280' title='bbox 559 2119 603 2157; x_wconf 90' lang='grc' dir='ltr'>Ρ.</span> <span class='ocrx_word' id='word_1_281' title='bbox 624 2119 786 2158; x_wconf 88' lang='lat' dir='ltr'>tulisses</span> <span class='ocrx_word' id='word_1_282' title='bbox 811 2119 941 2171; x_wconf 84' lang='lat' dir='ltr'>igitur</span> <span class='ocrx_word' id='word_1_283' title='bbox 965 2119 1119 2158; x_wconf 85' lang='lat' dir='ltr'>scienti.</span> <span class='ocrx_word' id='word_1_284' title='bbox 1171 2119 1303 2170; x_wconf 89' lang='lat' dir='ltr'>prima</span> <span class='ocrx_word' id='word_1_285' title='bbox 1327 2130 1422 2169; x_wconf 84' lang='lat' dir='ltr'>pars</span> 
     </span>
     <span class='ocr_line' id='line_1_34' title="bbox 35 2177 1425 2231; baseline -0.002 -11"><span class='ocrx_word' id='word_1_286' title='bbox 35 2181 225 2220; x_wconf 81' lang='lat' dir='ltr'>sanitatis</span> <span class='ocrx_word' id='word_1_287' title='bbox 258 2182 331 2230; x_wconf 90' lang='lat' dir='ltr'>est,</span> <span class='ocrx_word' id='word_1_288' title='bbox 362 2180 536 2220; x_wconf 86' lang='lat' dir='ltr'>libenter</span> <span class='ocrx_word' id='word_1_289' title='bbox 561 2179 752 2231; x_wconf 87' lang='lat' dir='ltr'>accipere.</span> <span class='ocrx_word' id='word_1_290' title='bbox 803 2191 884 2218; x_wconf 90' lang='lat' dir='ltr'>non</span> <span class='ocrx_word' id='word_1_291' title='bbox 916 2178 1068 2228; x_wconf 86' lang='lat' dir='ltr'>desino,</span> <span class='ocrx_word' id='word_1_292' title='bbox 1102 2178 1171 2218; x_wconf 85' lang='lat' dir='ltr'>sed</span> <span class='ocrx_word' id='word_1_293' title='bbox 1198 2191 1283 2218; x_wconf 86' lang='lat' dir='ltr'>esse</span> <span class='ocrx_word' id='word_1_294' title='bbox 1310 2177 1425 2218; x_wconf 84' lang='lat' dir='ltr'>aliud</span> 
     </span>
    </p>
   </div>
   <div class='ocr_carea' id='block_1_3' title="bbox 36 2275 328 2280">
    <p class='ocr_par' dir='ltr' id='par_1_3' title="bbox 36 2275 328 2280">
     <span class='ocr_line' id='line_1_35' title="bbox 36 2275 328 2280; baseline 0 0"><span class='ocrx_word' id='word_1_295' title='bbox 36 2275 328 2280; x_wconf 95' lang='lat' dir='ltr'> </span> 
     </span>
    </p>
   </div>
   <div class='ocr_carea' id='block_1_4' title="bbox 36 2333 1425 2475">
    <p class='ocr_par' dir='ltr' id='par_1_4' title="bbox 36 2333 1425 2475">
     <span class='ocr_line' id='line_1_36' title="bbox 134 2333 1425 2367; baseline -0.003 0"><span class='ocrx_word' id='word_1_296' title='bbox 134 2336 156 2367; x_wconf 79' lang='lat'>2</span> <span class='ocrx_word' id='word_1_297' title='bbox 184 2342 311 2367; x_wconf 80' lang='lat' dir='ltr'>veram</span> <span class='ocrx_word' id='word_1_298' title='bbox 337 2338 398 2366; x_wconf 71' lang='lat' dir='ltr'>VB</span> <span class='ocrx_word' id='word_1_299' title='bbox 493 2336 515 2367; x_wconf 84' lang='lat'>4</span> <span class='ocrx_word' id='word_1_300' title='bbox 542 2343 617 2367; x_wconf 87' lang='lat' dir='ltr'>non</span> <span class='ocrx_word' id='word_1_301' title='bbox 643 2343 711 2367; x_wconf 85' lang='lat' dir='ltr'>om.</span> <span class='ocrx_word' id='word_1_302' title='bbox 739 2337 800 2366; x_wconf 64' lang='lat' dir='ltr'>VB</span> <span class='ocrx_word' id='word_1_303' title='bbox 895 2334 917 2367; x_wconf 80' lang='lat'>9</span> <span class='ocrx_word' id='word_1_304' title='bbox 944 2333 983 2367; x_wconf 87' lang='lat' dir='ltr'>te</span> <span class='ocrx_word' id='word_1_305' title='bbox 1009 2342 1078 2367; x_wconf 84' lang='lat' dir='ltr'>om.</span> <span class='ocrx_word' id='word_1_306' title='bbox 1102 2337 1137 2366; x_wconf 81' lang='lat' dir='ltr'><em>P</em></span> <span class='ocrx_word' id='word_1_307' title='bbox 1235 2334 1278 2365; x_wconf 88' lang='lat'>18</span> <span class='ocrx_word' id='word_1_308' title='bbox 1305 2340 1425 2364; x_wconf 89' lang='lat' dir='ltr'>mere-</span> 
     </span>
     <span class='ocr_line' id='line_1_37' title="bbox 36 2378 1424 2426; baseline -0.003 -10"><span class='ocrx_word' id='word_1_309' title='bbox 36 2379 172 2417; x_wconf 73' lang='lat' dir='ltr'>tricem</span> <span class='ocrx_word' id='word_1_310' title='bbox 205 2386 266 2416; x_wconf 74' lang='lat' dir='ltr'>VB</span> <span class='ocrx_word' id='word_1_311' title='bbox 338 2384 384 2415; x_wconf 81' lang='lat'>26</span> <span class='ocrx_word' id='word_1_312' title='bbox 411 2382 608 2426; x_wconf 83' lang='lat' dir='ltr'>aspectum</span> <span class='ocrx_word' id='word_1_313' title='bbox 637 2386 742 2416; x_wconf 64' lang='lat' dir='ltr'>nvn</span> <span class='ocrx_word' id='word_1_314' title='bbox 820 2383 866 2415; x_wconf 82' lang='lat'>28</span> <span class='ocrx_word' id='word_1_315' title='bbox 892 2379 932 2415; x_wconf 92' lang='lat' dir='ltr'>P.</span> <span class='ocrx_word' id='word_1_316' title='bbox 953 2378 991 2416; x_wconf 87' lang='lat' dir='ltr'>O.</span> <span class='ocrx_word' id='word_1_317' title='bbox 1012 2391 1081 2415; x_wconf 87' lang='lat' dir='ltr'>om.</span> <span class='ocrx_word' id='word_1_318' title='bbox 1108 2385 1170 2414; x_wconf 69' lang='lat' dir='ltr'>VB</span> <span class='ocrx_word' id='word_1_319' title='bbox 1242 2382 1287 2413; x_wconf 78' lang='lat'>32</span> <span class='ocrx_word' id='word_1_320' title='bbox 1314 2380 1424 2423; x_wconf 77' lang='lat' dir='ltr'>parte</span> 
     </span>
     <span class='ocr_line' id='line_1_38' title="bbox 43 2428 1167 2475; baseline 0 -12"><span class='ocrx_word' id='word_1_321' title='bbox 43 2434 106 2464; x_wconf 73' lang='lat' dir='ltr'>VB</span> <span class='ocrx_word' id='word_1_322' title='bbox 202 2439 291 2475; x_wconf 83' lang='lat' dir='ltr'>pars</span> <span class='ocrx_word' id='word_1_323' title='bbox 316 2439 387 2465; x_wconf 74' lang='lat' dir='ltr'>om,</span> <span class='ocrx_word' id='word_1_324' title='bbox 412 2434 474 2464; x_wconf 73' lang='lat' dir='ltr'>m</span> <span class='ocrx_word' id='word_1_325' title='bbox 570 2432 616 2464; x_wconf 79' lang='lat'>33</span> <span class='ocrx_word' id='word_1_326' title='bbox 642 2428 816 2473; x_wconf 84' lang='lat' dir='ltr'>desidero</span> <span class='ocrx_word' id='word_1_327' title='bbox 844 2434 898 2473; x_wconf 65' lang='grc' dir='ltr'>ιτς</span> <span class='ocrx_word' id='word_1_328' title='bbox 925 2428 1073 2463; x_wconf 86' lang='lat' dir='ltr'>desidio</span> <span class='ocrx_word' id='word_1_329' title='bbox 1105 2434 1167 2463; x_wconf 71' lang='lat' dir='ltr'>VB</span> 
     </span>
    </p>
   </div>
   <div class='ocr_carea' id='block_1_5' title="bbox 110 2489 1204 2529">
    <p class='ocr_par' dir='ltr' id='par_1_5' title="bbox 110 2489 1204 2529">
     <span class='ocr_line' id='line_1_39' title="bbox 110 2489 1204 2529; baseline 0.001 -7"><span class='ocrx_word' id='word_1_330' title='bbox 110 2495 329 2529; x_wconf 74' lang='lat' dir='ltr'>Qvurmun</span> <span class='ocrx_word' id='word_1_331' title='bbox 347 2502 626 2523; x_wconf 67' lang='lat' dir='ltr'>»nemu-xmus</span> <span class='ocrx_word' id='word_1_332' title='bbox 647 2496 694 2522; x_wconf 86' lang='lat' dir='ltr'>ed.</span> <span class='ocrx_word' id='word_1_333' title='bbox 715 2495 740 2522; x_wconf 74' lang='lat'>1.</span> <span class='ocrx_word' id='word_1_334' title='bbox 749 2503 764 2522; x_wconf 84' lang='grc' dir='ltr'><strong>ο</strong></span> <span class='ocrx_word' id='word_1_335' title='bbox 772 2496 793 2522; x_wconf 87' lang='lat' dir='ltr'><strong>h</strong></span> <span class='ocrx_word' id='word_1_336' title='bbox 800 2502 844 2522; x_wconf 77' lang='lat' dir='ltr'>ne</span> <span class='ocrx_word' id='word_1_337' title='bbox 853 2504 868 2521; x_wconf 85' lang='lat' dir='ltr'>r</span> <span class='ocrx_word' id='word_1_338' title='bbox 875 2499 895 2521; x_wconf 77' lang='lat' dir='ltr'>t.</span> <span class='ocrx_word' id='word_1_339' title='bbox 1159 2489 1204 2523; x_wconf 78' lang='lat'>27</span> 
     </span>
    </p>
   </div>
  </div>
 </body>
</html>
