1638 2560
664 108 957 144 PRAEFATIO.
1419 106 1508 142 XIX

118 227 254 265 ortum
291 219 424 279 erat1)
455 224 687 274 adnotavit,
727 227 884 263 textum
915 224 1029 263 vifiis
1067 221 1330 271 emaculavit,
1370 221 1507 261 minus

117 287 274 326 usitata
303 286 495 335 removit,
534 286 665 324 multa
702 297 776 324 suo
815 286 1000 323 acumine
1033 286 1155 334 atque
1194 282 1359 334 ingenio
1394 283 1507 322 nisus

117 347 303 389 sollerter
338 347 508 386 novavit
545 358 718 396 quarum
755 345 1084 385 observationum
1122 343 1342 383 nonnullae
1371 345 1508 382 rectae

117 420 204 447 esse
222 407 424 456 videntur,
443 407 568 446 libros
594 419 720 446 novos
744 419 827 445 non
847 405 1046 445 adhibuit.
1080 418 1160 455 quo
1186 404 1342 443 factum
1367 405 1441 452 est,
1460 405 1508 443 ut

117 469 253 507 textus
283 467 481 507 librorum
512 467 607 506 inde
638 467 914 506 derivatorum
953 479 1052 516 quos
1084 481 1108 519 γ
1139 466 1280 504 littera
1310 463 1508 517 significo,

118 527 345 581 elegantiae
365 527 575 567 cuiusdam
588 529 761 578 speciem
774 540 872 578 prae
893 540 935 567 se
948 527 1055 566 ferat
1075 539 1155 577 qua
1174 526 1334 576 decepti
1351 525 1508 576 priores

116 589 192 629 illa
209 590 441 628 recensione
454 590 519 629 usi
538 590 695 628 textum
714 589 959 628 constituere
977 587 1171 627 solebant.
1218 586 1286 625 sed
1306 586 1508 625 familiam

117 665 143 703 γ
174 662 260 690 esse
291 651 611 689 contaminatam
644 663 691 688 ex
722 665 749 688 α
781 651 822 688 et
854 649 880 701 β
910 649 987 688 hac
1017 648 1160 688 tabula
1190 641 1467 701 illustrabo²):

392 762 418 785 α
910 745 936 798 β
1311 759 1336 797 7

118 831 158 869 p.
186 821 225 868 1,
254 819 308 858 16
342 831 467 870 quare
497 820 626 871 igitur
740 831 890 869 quare
1142 829 1291 867 quare

131 909 156 929 „
188 880 228 928 9,
255 879 280 918 6
313 881 502 930 patrem
738 882 929 930 patrem
1141 879 1352 928 parentem

130 970 154 990 „
188 940 257 990 10,
285 941 340 978 27
374 939 523 979 obiecit
740 940 983 980 obiectum
1142 938 1388 977 obiectum

131 1027 153 1050 ,,
187 1001 257 1050 21,
283 1002 311 1039 4
344 999 525 1052 deperire
739 1003 902 1052 perire
1141 999 1304 1050 perire

131 1091 152 1111 „
187 1061 258 1110 33,
285 1061 343 1100 20
375 1063 448 1101 aut
479 1063 570 1101 sitis
740 1063 836 1101 scis
1142 1061 1237 1099 scis

133 1152 156 1172 „
189 1122 259 1171 33,
287 1122 342 1160 26
396 1134 512 1162 casus
562 1135 700 1161 rursus
740 1136 855 1162 casus
929 1122 1074 1161 redit
1142 1133 1259 1160 casus
1334 1120 1476 1160 redit

393 1183 502 1222 redit
799 1195 972 1222 rursus
1201 1194 1369 1221 rursus

131 1273 153 1295 ,‚
187 1243 257 1293 43,
284 1243 310 1282 8
342 1243 453 1283 Mars
740 1244 888 1283 Roma
1142 1242 1291 1280 Roma

741 1306 865 1344 artis
927 1305 1103 1356 imagi-
1142 1304 1266 1342 artis
1328 1303 1505 1354 imagi-

796 1364 1105 1403 nemimitari
1197 1362 1507 1402 nemimitari

130 1363 154 1384 „
188 1334 288 1383 148,
316 1335 372 1373 24
412 1335 511 1374 artis
546 1334 702 1373 imitari

130 1455 155 1475 „
189 1425 288 1474 155,
315 1426 340 1464 2
373 1425 570 1477 plangore
740 1426 972 1477 clangore
1143 1424 1375 1475 clangore

131 1515 155 1538 „
190 1485 288 1535 158,
317 1487 371 1524 12
405 1487 535 1525 omisit
739 1487 887 1526 occidit
1142 1486 1271 1524 omisit

133 1612 157 1632 „
189 1583 289 1633 176,
318 1584 372 1622 14
403 1582 513 1622 locos
738 1584 847 1623 iocos
1140 1582 1240 1621 licos
1281 1575 1347 1632 (=
1375 1548 1506 1634 socos)

133 1673 157 1693 „
191 1644 290 1693 191,
318 1644 373 1682 18
405 1644 481 1682 uti
506 1643 541 1681 B
562 1642 644 1682 utri
663 1642 702 1680 V
738 1646 787 1683 ut
1142 1643 1215 1681 uti

133 1733 156 1753 „
189 1704 288 1753 206,
317 1706 368 1742 11
426 1705 700 1743 contentio·
841 1735 848 1742 .
1353 1735 1360 1741 .

205 1776 311 1803 nem
338 1763 373 1802 B
402 1766 635 1804 concionem
662 1764 701 1802 V
739 1747 970 1773 concionem
1143 1735 1507 1773 contentionem

133 1854 156 1874 „
190 1825 290 1874 218,
318 1825 343 1863 9
376 1826 541 1863 noxium
738 1827 964 1865 notatum
1141 1825 1366 1863 notatum

132 1945 156 1967 „
189 1917 289 1966 220,
318 1916 373 1954 13
393 1916 702 1966 exploramus
741 1928 1033 1966 exponamus
1156 1897 1488 1987 ,g{pfglra31{lnuuss

132 2036 156 2057 „
188 2007 289 2055 247,
317 2007 371 2045 14
406 2006 566 2045 omnia
740 2008 872 2046 omisit
1142 1959 1301 2045 omnpia

135 2096 156 2116 „
190 2067 290 2115 250,
318 2067 341 2104 9
377 2068 507 2105 omisit
741 2068 929 2106 omittere
1141 2068 1271 2106 omisit

220 2207 255 2250 1)
278 2206 384 2260 quod
409 2205 469 2261 vel
494 2205 585 2242 inde
611 2206 798 2242 evincitur
823 2207 926 2252 quod
952 2205 1067 2242 verba
1094 2210 1150 2250 12,
1173 2210 1216 2241 19
1244 2208 1341 2252 (236,
1362 2209 1398 2252 8)
1423 2217 1508 2252 per-

121 2265 254 2309 peram
275 2256 414 2290 iterata
440 2267 480 2289 m
501 2256 590 2289 ΒΜ
610 2266 655 2290 ex
680 2254 764 2290 loco
783 2255 901 2301 paulo
920 2255 1113 2301 superiore
1135 2256 1232 2300 (235,
1253 2257 1313 2300 21)
1339 2254 1379 2290 in
1399 2254 1508 2290 libris

121 2301 735 2387 {ffiffiffaqfffflissffinffi
746 2302 1133 2388 Οέἒὲιῗὲἷῗῗῑῗὲδὶὼ
1152 2303 1201 2338 ab
1220 2305 1260 2338 ν
1280 2304 1318 2339 ‘³‘
1338 2305 1361 2350 β
1381 2303 1508 2338 *¹³⁰¹*

173 2378 186 2395 ²
222 2402 258 2440 2)
285 2399 331 2435 cf.
358 2399 604 2443 Dessauer,
631 2411 667 2446 p.
689 2404 746 2436 25.
1084 2380 1091 2386 '

1237 2459 1288 2495 b.
