1638 2560
204 94 293 137 364
582 90 840 128 EXOERPTA
865 89 1196 126 MONACENSIA.

207 208 304 259 quid
324 208 474 257 fecerit,
495 205 727 246 abiciendus
746 205 809 245 sit.
854 206 889 244 si
908 205 1062 254 exierit,
1080 205 1213 244 mater
1230 204 1395 256 sepeliri
1412 204 1583 254 vetabit,

205 270 240 309 si
270 268 517 317 remanserit,
547 268 684 317 pater,
725 279 815 305 cum
850 267 890 304 et
929 266 1031 304 mihi
1062 265 1124 304 ius
1161 265 1286 305 fuerit
1314 266 1359 304 in
1389 264 1465 304 hac
1495 265 1584 318 lege

207 330 311 368 sicut
343 330 383 367 et
413 328 500 367 tibi.
556 327 648 378 plus
681 339 774 378 ergo
811 325 912 365 mihi
949 325 1161 365 subvenire
1198 325 1340 366 debuit
1369 326 1413 365 et
1439 337 1583 377 parere

207 402 327 440 quam
358 388 453 438 tibi,
486 389 582 438 quia
613 389 730 438 pater
759 388 890 425 maior
921 387 981 426 est
1011 387 1153 425 matre.
1210 398 1306 439 ergo
1337 387 1461 426 etiam
1490 386 1583 438 plus

204 449 434 500 indigebam
474 448 745 487 incarceratus
784 447 892 486 inter
931 448 1087 498 piratas
1125 447 1167 486 et
1203 447 1504 497 semimortuus,
1542 448 1584 486 et
1621 460 1638 487 5

203 510 465 561 indigentiori
496 509 632 559 potius
658 507 975 547 subveniendum
1002 508 1072 547 est.
1129 509 1341 558 praeterea
1371 520 1444 560 ego
1469 507 1583 558 prius

203 570 405 620 inploravi
443 569 640 608 auxilium
679 568 756 607 filii
788 581 908 618 quam
949 570 1005 607 tu.
1062 569 1274 618 praeterea
1311 569 1353 608 et
1382 567 1512 607 filium
1543 570 1584 607 et

203 631 336 669 virum
385 629 531 668 habere
581 642 662 668 non
711 630 893 679 poteras3
942 628 1121 667 reddidit
1162 628 1242 668 tibi
1285 641 1404 679 quem
1452 629 1583 681 magis

203 690 376 729 amabas.
433 690 508 729 hoc
540 690 683 729 saltem
708 689 886 738 habebis,
917 690 1140 728 miserrime
1163 688 1236 739 fili,
1267 690 1345 729 etsi
1375 689 1583 740 sepultura

203 763 352 800 careas,
379 750 486 800 quod
504 750 712 789 honoratis
733 749 964 801 contingere
989 749 1197 790 funeribus
1219 750 1339 790 solet:
1371 749 1582 789 defunctus
1603 763 1638 789 ιο

201 811 447 860 laudaberis,
498 810 749 860 diceturque:
798 810 929 849 lucem
972 810 1284 861 libertatemque
1326 811 1437 861 patri
1474 809 1583 850 filius

201 871 393 921 reddidit,
433 872 491 920 et,
532 871 639 921 quod
673 872 766 910 ante
796 871 1026 909 inauditum
1058 872 1136 920 est,
1170 872 1301 923 magis
1331 884 1396 910 me
1428 871 1584 911 amavit

204 945 325 982 quam
348 931 503 970 vellem.
561 933 601 970 te
620 930 858 981 laudabunt,
878 931 1048 981 iuvenis,
1073 933 1115 971 et
1135 931 1393 972 mirabuntur
1410 931 1583 981 saecula,

203 992 272 1031 sed
295 992 397 1030 mihi
420 993 501 1031 ista
526 992 614 1030 laus
640 993 712 1030 tua
738 1004 830 1031 caro
857 993 1025 1032 constat.
1082 994 1244 1043 poteras
1277 992 1441 1043 quidem
1472 992 1582 1031 domi
1602 1016 1604 1018 v

202 1065 364 1091 manere
402 1053 442 1091 et
474 1053 596 1091 otiari
626 1053 667 1091 et
702 1054 861 1103 patrem
899 1065 1086 1092 excusare
1130 1065 1211 1092 non
1247 1053 1454 1092 redimere.
1516 1065 1580 1092 me
1602 1065 1637 1092 15

202 1113 384 1162 interim,
424 1113 471 1151 ut
502 1114 680 1163 ceperat,
719 1114 874 1152 senium
906 1115 1159 1152 consumeret
1192 1114 1234 1153 et
1264 1114 1352 1153 sola
1382 1124 1490 1153 mors
1520 1125 1580 1152 re-

202 1172 407 1222 demisset,
445 1174 503 1222 et,
543 1185 633 1211 cum
664 1186 806 1224 corpus
838 1187 972 1212 meum
1009 1175 1191 1213 exanime
1221 1174 1447 1225 proiectum
1479 1175 1583 1214 esset

201 1234 244 1271 in
278 1233 441 1282 fluctus,
482 1235 517 1273 si
554 1234 804 1285 contingeret
843 1235 1062 1285 tempestas
1103 1234 1265 1284 similis,
1302 1236 1349 1274 tu
1388 1248 1470 1284 me,
1509 1234 1582 1284 fili,

202 1294 420 1344 sepelisses.
492 1293 638 1333 fefellit
682 1295 723 1333 te
764 1295 893 1345 pietas
941 1296 1070 1346 patris
1112 1297 1153 1335 et
1204 1308 1319 1335 amor
1362 1295 1581 1346 perpetuae

201 1354 344 1393 laudis.
401 1366 425 1393 0
455 1354 533 1403 fili,
571 1367 663 1394 611111
694 1356 941 1406 aegrotares,
982 1368 1063 1394 non
1093 1356 1325 1396 ministravi
1364 1355 1460 1405 tibi,
1499 1368 1580 1395 11011
1600 1369 1637 1396 20

202 1414 300 1454 affui
324 1415 523 1453 morienti.
579 1416 845 1465 incatenatus,
877 1416 1095 1468 neglectus,
1129 1416 1339 1468 despectus
1372 1415 1581 1456 65111111-

202 1487 292 1513 cum
324 1476 365 1514 et
400 1476 634 1525 pereuntem
669 1477 709 1514 te
751 1477 1024 1516 consolantem
1055 1490 1137 1516 non
1176 1476 1372 1527 habuisti,
1413 1476 1484 1517 sed
1514 1489 1580 1516 eos

201 1536 362 1574 tantum
403 1536 602 1603 cogitasti.
668 1537 711 1574 in
752 1549 908 1576 carcere
948 1550 1036 1576 meo
1078 1539 1261 1577 mortuus
1302 1550 1354 1578 es
1415 1538 1581 1606 inspice,

201 1597 332 1634 mater
371 1596 670 1645 immisericors,
719 1609 820 1646 quae
854 1610 1028 1647 poenam
1069 1611 1093 1637 a
1133 1597 1395 1638 cadaveribus
1436 1598 1581 1650 exigis:

202 1668 273 1705 per
297 1657 361 1694 tot
387 1655 531 1695 fluctus
559 1657 786 1695 volutatum
811 1670 954 1708 corpus
980 1659 1188 1709 intumuit,
1218 1659 1282 1698 tot
1311 1658 1466 1698 illisum
1496 1671 1578 1698 sco·
1599 1670 1636 1698 ,5

201 1716 328 1765 pulis,
359 1717 445 1755 tam
476 1718 665 1767 spatiosis
695 1719 871 1756 tractum
902 1719 1082 1769 harenis,
1113 1732 1321 1769 nunquam
1350 1719 1489 1758 tamen
1518 1719 1580 1757 in-

202 1776 359 1815 felicius
400 1789 522 1826 quam
569 1790 659 1816 cum
699 1779 812 1817 venit
859 1779 910 1817 ad
954 1780 1116 1819 terram.
1183 1792 1278 1832 ergo
1319 1792 1411 1819 cum
1449 1780 1581 1818 mater

202 1836 331 1886 impia
360 1836 468 1875 flecti
508 1850 589 1876 non
620 1839 765 1888 possit,
804 1851 826 1877 o
860 1839 1038 1879 crudeles
1080 1853 1209 1890 aquae
1241 1842 1282 1879 et
1322 1841 1435 1879 venti
1473 1839 1579 1879 male

205 1896 379 1946 secundi,
398 1897 519 1936 reddo
540 1897 653 1937 vobis
673 1900 851 1938 vestrum
877 1899 1124 1950 beneficium,
1150 1901 1253 1940 ferte
1273 1899 1466 1951 quolibet,
1483 1900 1580 1939 licet

203 1956 255 1995 ad
273 1956 476 2006 barbaros,
495 1957 591 1997 licet
611 1958 662 1997 ad
679 1958 826 2008 hostes,
846 1960 942 1998 licet
961 1960 1012 1999 ad
1031 1962 1197 2011 piratas.
1241 1962 1412 2001 fortasse
1432 1961 1579 2012 aliquis
1598 1973 1636 1999 30

201 2016 355 2055 iubebit
386 2017 546 2068 sepeliri
577 2019 872 2058 misericordior
901 2021 991 2070 ipsa
1022 2023 1162 2061 matre.

586 2150 675 2189 VII.
709 2151 941 2190 TORMENTA
973 2165 1186 2193 PAanms.

290 2234 579 2284 Aryumentum
609 2248 644 2274 v.
663 2248 707 2284 p.
737 2237 835 2282 133,
864 2238 931 2275 13.

293 2293 325 2334 O
351 2295 514 2345 iudices,
541 2308 680 2335 accuso
706 2296 812 2335 hunc
838 2297 1017 2347 divitem,
1048 2299 1256 2337 inimicum
1281 2312 1428 2349 meum,
1460 2311 1579 2349 quem

298 2390 318 2421 5
344 2387 501 2432 pyratas
528 2393 570 2421 M
660 2390 703 2421 21
730 2387 998 2423 incathenatus
1025 2394 1068 2423 M
1156 2400 1211 2424 es:
1239 2393 1259 2425 e
1286 2395 1328 2424 M
