1638 2560
167 112 253 155 208
457 110 601 147 DIVES
627 109 908 146 ACCVSATVS
934 108 1250 145 PRODITIONIS

167 226 532 277 suppliciorumque
564 226 787 264 novitatem
818 224 867 263 de
900 236 975 263 sua
1005 223 1158 274 pietate
1189 227 1436 266 commentus
1468 228 1540 266 est.

166 287 268 325 nihil
298 286 426 338 magis
459 285 506 324 de
537 285 699 324 inimico
732 284 886 324 efficere
912 285 1012 324 velis
1039 298 1161 335 quam
1187 285 1295 335 quod
1324 286 1411 337 ipse
1436 287 1541 327 ferre

167 360 247 386 non
278 347 417 397 possis

256 407 390 445 Habet
419 407 494 445 hoc
527 406 644 455 mali,
681 406 849 455 iudices,
888 405 1135 455 principium
1171 406 1404 447 innocentia
1435 407 1542 459 quod

167 467 350 506 inimicos
377 479 459 506 esse
485 466 611 516 nobis,
644 466 723 505 nisi
754 468 970 516 postquam
997 467 1220 516 nocuerint,
1251 467 1469 508 nescimus:
1502 470 1543 508 et
1579 479 1596 507 5

161 518 264 566 tunc
296 527 479 566 omnibus
512 529 694 577 patemus
726 526 895 576 insidiis,
929 526 1113 576 quotiens
1145 539 1217 566 nos
1246 527 1333 567 odit
1362 529 1540 569 inferior.

167 589 285 626 homo
319 588 386 637 qui
426 600 582 626 omnem
619 587 808 626 adversus
841 589 1047 637 superiora
1085 587 1240 627 rabiem
1270 588 1319 628 de
1357 590 1420 628 sui
1450 589 1542 630 vili-

167 649 252 686 tate
284 647 476 698 sumebat,
509 648 579 698 qui
605 660 730 698 genus
759 648 959 687 libertatis
991 648 1165 698 putabat
1196 647 1327 689 odisse
1357 650 1541 701 maiores,

166 708 268 746 nulli
307 708 485 757 caritati,
522 708 644 746 nullis
682 708 905 758 implicitus
945 707 1186 759 adfectibus,
1226 709 1334 760 quod
1364 710 1541 762 humilis,

167 768 274 818 quod
305 770 408 807 esset
440 768 636 818 abiectus,
671 768 712 806 in
743 769 922 807 furorem
953 781 994 808 se
1026 782 1198 821 magnae
1230 771 1541 811 conluctationis
1561 783 1597 810 ιο

168 829 352 868 exercuit.
402 829 554 878 primus
584 842 624 868 se
650 843 784 867 meum
810 829 912 867 dixit
942 829 1162 869 inimicum.
1214 843 1237 870 o
1263 830 1320 870 dii
1346 831 1542 883 deaeque!

167 890 277 928 cuius
317 902 389 940 ego
427 891 598 928 monstri
637 891 742 928 artes
780 889 959 940 pertuli?
1019 890 1063 929 in
1094 892 1207 930 cuius
1241 891 1417 932 feritatis
1449 905 1542 933 con-

167 950 386 988 luctatione
424 948 594 988 duravi?
655 951 863 989 inimicum
901 950 1026 990 habui
1063 964 1193 1002 neque
1231 952 1411 992 occidere
1450 965 1542 993 con-

166 1011 323 1048 tentum
356 1011 395 1048 et
426 1011 529 1049 mori
558 1012 757 1060 paratum.

121 1081 145 1118 3
261 1069 421 1109 Gratias
460 1083 537 1122 ago
575 1071 733 1110 civitati
772 1071 878 1121 quod
920 1072 963 1110 in
1006 1072 1088 1112 illis
1129 1072 1454 1125 necessitatibus,
1498 1075 1542 1113 in
1561 1085 1596 1113 15

172 1130 315 1180 quibus
340 1130 442 1168 nihil
467 1131 705 1181 adulationi,
737 1132 837 1170 nihil
862 1132 1132 1182 praestabatis
1159 1133 1373 1184 obsequiis,
1403 1134 1544 1174 lauda-

167 1192 232 1228 tus
270 1203 358 1228 sum
395 1191 626 1230 testimonio
664 1193 945 1242 periculorum.
1009 1193 1163 1232 bellum
1194 1194 1296 1233 mihi
1329 1195 1543 1246 fatumque

167 1250 351 1300 publicae
403 1252 688 1291 sollicitudinis
739 1253 974 1293 credidistis.
1047 1254 1117 1293 sed
1165 1267 1295 1305 neque
1339 1269 1414 1307 ego
1458 1268 1544 1295 rem

167 1310 344 1350 melioris
382 1311 492 1350 ducis
530 1313 660 1351 facere
697 1314 812 1363 potui
845 1327 968 1364 quam
1000 1314 1108 1364 quod
1145 1315 1230 1354 sine
1266 1315 1404 1355 liberis
1442 1316 1542 1356 meis

167 1371 367 1421 profectus
400 1384 497 1411 sum.
550 1386 631 1412 non
662 1373 892 1423 reliquisset
922 1375 1014 1414 illos
1047 1375 1127 1414 dux
1157 1375 1403 1426 proditurus.
1459 1389 1540 1416 non
1560 1390 1597 1417 20

167 1432 284 1481 puto,
319 1432 486 1482 iudices,
524 1433 652 1472 adhuc
686 1435 826 1484 quaeri
857 1435 961 1474 unde
994 1436 1088 1475 illae
1120 1437 1316 1476 falsarum
1347 1437 1542 1477 sollicitu-

170 1491 306 1530 dinum
343 1492 505 1532 fabulae
542 1497 705 1544 repente
737 1498 1010 1546 proruperint,
1044 1497 1133 1546 quis
1170 1498 1326 1547 primus
1359 1497 1541 1548 trepidae

171 1551 346 1591 civitatis
385 1566 498 1592 aures
542 1568 700 1593 rumore
739 1557 972 1606 complevit,
1019 1570 1108 1596 cum
1147 1557 1319 1598 videatis
1358 1559 1449 1608 quis
1487 1558 1544 1598 sic

170 1612 307 1662 egerit,
339 1614 385 1651 ut
416 1613 638 1655 crederetis
690 1615 792 1654 vidit
822 1617 926 1656 hanc
957 1618 1064 1656 inter
1091 1619 1222 1658 metus
1248 1620 1403 1658 vestros
1430 1631 1543 1658 occa-

170 1671 321 1710 sionem
353 1674 408 1723 et,
442 1675 537 1724 quia
574 1688 729 1725 semper
761 1677 868 1726 apud
901 1678 1095 1718 sollicitos
1133 1679 1175 1717 in
1208 1678 1384 1718 deterius
1415 1692 1543 1730 prona
1563 1692 1597 1719 25

169 1734 373 1782 persuasio
405 1735 482 1784 est,
521 1735 665 1774 abusus
698 1738 758 1775 est
794 1738 870 1776 hoc
902 1739 1008 1787 quod
1046 1741 1208 1789 poterat
1238 1739 1367 1779 videri
1401 1739 1544 1779 timere

170 1791 385 1831 vobiscum.
442 1795 568 1846 igitur
599 1796 717 1835 homo
751 1798 821 1847 qui
853 1799 1011 1837 nullum
1044 1801 1247 1839 conscium
1277 1813 1423 1850 meum,
1454 1800 1544 1839 nul-

170 1853 255 1890 lum
285 1853 385 1891 mihi
417 1855 565 1894 crimen
598 1857 760 1907 obiecit,
799 1858 847 1897 de
880 1860 1080 1898 mendacii
1113 1860 1393 1912 magnitudine
1423 1860 1544 1899 fidem

267 2007 289 2039 4
314 2004 553 2053 principgum
580 2013 623 2041 M
691 2008 948 2045 innocentiam
972 2017 1043 2045 BV
1136 2015 1156 2046 5
1182 2011 1273 2048 nisi:
1300 2012 1420 2048 nichil
1450 2018 1480 2047 V

172 2055 192 2086 6
219 2052 301 2087 odit
326 2064 392 2089 om.
415 2060 464 2098 M,
491 2055 577 2090 add.
598 2070 640 2090 m
739 2061 759 2091 9
786 2057 901 2093 nullis
927 2070 993 2095 om.
1016 2066 1066 2104 M,
1092 2072 1194 2106 supr.
1214 2075 1258 2096 m
1354 2060 1482 2096 umilis
1509 2067 1547 2096 B

173 2127 217 2159 10
249 2102 313 2160 &t
336 2132 374 2160 B
472 2131 514 2162 12
541 2127 581 2162 in
607 2128 713 2163 cuius
739 2141 807 2165 om.
834 2137 862 2164 V
937 2132 1164 2167 conluctatis
1195 2139 1224 2167 V
1311 2136 1355 2168 13
1372 2132 1558 2169 *feritatis-

171 2173 304 2208 duravi
330 2180 374 2208 M
467 2177 726 2222 contemptum
758 2184 786 2212 V
880 2182 923 2213 16
954 2180 1213 2217 adhulationis
1245 2187 1274 2216 V
1369 2185 1412 2216 17
1438 2181 1545 2217 testi-

170 2257 289 2293 monii
315 2267 334 2301 ρ
410 2262 453 2294 18
479 2260 650 2308 publici}
676 2268 718 2296 M
789 2266 835 2297 20
860 2263 1105 2310 relisquisset
1123 2272 1160 2300 B
1232 2269 1276 2301 21
1304 2265 1371 2301 1110
1391 2280 1416 2301 α
1441 2240 1549 2314 ona}

170 2311 221 2350 M,
246 2318 347 2352 supr.
368 2309 423 2353 m)
445 2317 480 2352 βς
507 2319 574 2344 om.
595 2316 627 2343 J
699 2310 996 2347 sollicitudinem
1015 2320 1053 2348 Β
1126 2318 1170 2349 22
1197 2313 1352 2350 fabulae
1378 2325 1446 2351 om.
1466 2320 1495 2349 V

169 2358 423 2400 proruperunt
449 2365 468 2399 β
591 2361 636 2392 23
666 2359 865 2405 complerit
890 2361 964 2396 Bu.
1090 2366 1136 2397 24
1169 2362 1373 2398 crederetis
1399 2374 1444 2399 ex
1469 2373 1548 2399 cre-

171 2402 271 2438 datis
303 2410 330 2438 V
424 2408 469 2440 26
496 2406 637 2441 temere
664 2415 683 2449 β
