1638 2560
191 742 592 792 TESTIMONIA
647 742 730 790 ET
786 741 1198 790 FRAGMENTA
1247 740 1336 790 AD
1390 740 1570 798 QVIN-

208 839 458 888 TILIANI
495 832 1042 888 DECLAMATIONES
1081 837 1551 888 PERTINENTIA.

142 1023 163 1059 1
283 1022 539 1061 TREBELL.
571 1021 784 1072 POLLIO,
816 1023 927 1061 XXX
958 1025 1036 1074 tyr.
1065 1024 1104 1073 4,
1133 1024 1177 1062 2:
1214 1023 1297 1062 fuit
1328 1023 1467 1063 autem
1498 1022 1569 1072 (sc.

188 1085 414 1123 Postumius
439 1084 614 1133 Iunior),
648 1083 755 1134 quod
787 1084 916 1123 solum
948 1085 1174 1123 memoratu
1205 1083 1373 1135 dignum
1405 1085 1478 1134 est,
1508 1084 1569 1123 ita

188 1145 231 1182 in
262 1144 619 1184 declamationibus
652 1144 842 1195 disertus,
884 1145 930 1183 ut
962 1145 1047 1184 eius
1080 1145 1377 1184 controversiae
1409 1143 1569 1191 Quinti-

188 1206 298 1244 liano
325 1205 510 1243 dicantur
527 1206 702 1244 insertae
730 1218 849 1255 quem
874 1205 1187 1245 declamatorem
1212 1204 1385 1245 Romani
1411 1206 1568 1257 generis

188 1265 463 1305 acutissimum
500 1266 565 1304 vel
597 1267 714 1305 unius
756 1266 901 1316 capitis
940 1267 1060 1305 lectio
1098 1267 1231 1317 prima
1263 1266 1403 1305 statim
1434 1266 1568 1306 fronte

188 1325 445 1365 demonstrat.

139 1397 163 1432 2
279 1397 470 1437 AVSON.
504 1411 707 1438 commem.
739 1399 840 1450 prof.
868 1399 899 1449 I,
924 1401 963 1446 2,
993 1401 1065 1440 16:

404 1496 473 1523 seu
504 1483 630 1522 libeat
660 1483 774 1522 fictas
806 1484 994 1523 ludorum
1027 1485 1211 1524 evolvere
1243 1484 1348 1534 lites,

464 1545 683 1594 ancipitem
714 1545 892 1594 palmam
924 1544 1199 1591 Quintilianus
1231 1545 1365 1585 habet.

138 1626 164 1662 3
279 1627 423 1666 HIER.
458 1628 509 1667 ad
541 1627 672 1667 Galat.
700 1629 738 1678 3,
769 1630 791 1667 7
826 1623 877 1684 (Ι,
903 1630 989 1668 486
1018 1625 1162 1684 Vall.):
1196 1631 1230 1669 si
1262 1629 1352 1681 quis
1379 1630 1567 1681 eloquen-

187 1689 288 1727 tiam
315 1689 475 1738 quaerit
499 1689 564 1727 vel
590 1689 948 1729 declamationibus
979 1690 1215 1741 delectatur,
1240 1690 1364 1730 habet
1387 1691 1431 1729 in
1456 1693 1567 1730 utra—

189 1760 264 1798 que
295 1748 433 1800 lingua
459 1749 769 1788 Demosthenem
795 1752 835 1789 et
862 1751 1052 1800 Tullium,
1085 1751 1344 1791 Polemonem
1375 1753 1415 1791 et
1442 1751 1565 1799 Quin-

186 1809 385 1847 tilianum.

138 1878 165 1916 4
280 1881 423 1919 HIER.
463 1882 506 1919 in
543 1882 593 1921 Is.
628 1882 652 1920 8
692 1884 815 1933 praef.
856 1878 945 1938 (IV,
979 1885 1064 1923 328
1104 1879 1250 1939 Vall.):
1299 1885 1370 1935 qui
1415 1885 1565 1924 flumen

188 1941 439 1991 eloquentiae
473 1944 512 1980 et
547 1943 760 1982 concinnas
796 1944 1107 1985 declamationes
1140 1945 1387 1995 desiderant,
1426 1946 1566 1998 legant

187 2001 379 2052 Tullium,
412 2002 724 2053 Quintilianum,
758 2003 1001 2055 Gallionem,
1035 2005 1308 2045 Gabinianum
1345 2008 1404 2057 et,
1435 2008 1482 2046 ut
1515 2006 1565 2045 ad

187 2063 343 2101 nostros
370 2064 540 2112 veniam,
567 2063 872 2114 Tertullianum,
895 2064 1155 2116 Cyprianum,
1174 2067 1410 2117 Minucium,
1434 2066 1565 2107 Arno-

184 2122 308 2172 bium,
341 2123 609 2173 Lactantium,
640 2123 853 2163 Hilarium.
