1638 2560
454 93 775 132 DECLAMATIO
800 93 871 130 XV
890 97 1044 130 12—14.
1351 93 1442 136 289

60 211 265 263 consumis
294 211 452 260 odium,
487 210 667 250 nondum
697 211 827 249 totam
857 211 1034 249 01001001
1065 209 1127 248 vis
1157 208 1321 260 perfusa
1350 221 1443 259 pos-

59 273 181 324 sedit,
197 270 332 313 adhuc
356 273 462 312 circa
486 273 528 310 te
553 271 633 310 duo
656 271 824 310 maximi
846 270 1033 309 rixantur
1058 270 1251 309 adfectus.
1294 269 1443 309 adiuva

58 332 393 385 potim,2:÷adiuva
423 333 642 383 potionem.
692 330 912 380 contradic,
942 330 1127 383 agedum,
1159 329 1352 381 quicquid
1382 331 1444 370 est

62 393 316 445 aliud÷tquod
344 393 633 442 tumultuatur,
667 393 876 432 exaestuat
905 393 1121 442 totumque
1151 393 1306 430 sanitas
1337 403 1443 430 com-

0 476 4 480 ·
25 467 45 496 s
60 455 192 506 ponat
208 454 435 494 1101010010.
455 482 457 484 -
484 455 594 492 vtunc
624 455 666 492 te
697 454 868 492 sciemus
893 464 1031 491 amare
1061 451 1223 501 desisse,
1254 465 1347 492 cum
1376 452 1444 491 de-

63 516 184 556 310113
209 514 354 555 odisse.

154 575 212 615 nt
237 576 513 615 innocentiam
542 573 707 625 quidem
736 574 895 624 puellae
926 573 1040 622 satis,
1069 575 1117 612 ut
1146 585 1276 624 spero,
1308 573 1518 612 defen-14

64 636 209 687 dimus,
232 635 472 688 magnitudo
497 635 669 686 periculi
692 636 809 673 vocet
833 646 981 685 preces.
1032 646 1240 686 consurge,
1258 633 1444 686 agedum,

63 698 290 737 miserrima
326 696 586 745 feminarum,
623 695 824 745 reliquam
866 693 1110 734 defensionis
1153 696 1248 734 tuae
1286 696 1447 745 partem

9 771 47 798 10
63 760 178 797 tuere
202 757 391 796 lacrimis.
442 759 662 806 accusator,
695 755 794 806 quid
819 754 984 806 speras?
1015 755 1114 806 quid
1146 753 1363 806 expectas?
1393 754 1447 793 ad

64 831 197 871 genua
226 819 299 857 tua
330 830 412 856 non
443 818 645 856 mittimus
672 829 772 855 eam.
824 818 911 856 toto
943 816 1039 855 licet
1063 816 1268 855 infelicem
1291 818 1445 855 terrore

65 878 299 928 convenias,
342 891 424 917 000
468 876 765 918 exosculabitur
806 889 962 916 manus.
1023 878 1214 927 mortem,
1259 889 1446 927 suprema

65 940 289 989 denunties,
320 941 361 978 te
386 951 467 978 000
490 937 664 989 rogabit.
714 938 865 976 frustra
894 937 972 977 fibi
998 937 1156 988 ahquid
1187 937 1235 976 de
1266 937 1446 988 periculo

65 1002 204 1040 nostro
240 1000 430 1050 metuque
466 999 684 1050 promittis.
746 999 893 1047 nescis,
930 998 1069 1048 puella
1098 1011 1180 1037 non
1210 998 1334 1037 habet
1364 997 1448 1037 odii

10 1073 46 1100 15
64 1059 296 1100 remedium.
359 1072 455 1099 sane
491 1061 630 1099 tamen
666 1058 820 1098 viribus
856 1059 1034 1109 potionis
1073 1059 1258 1098 effectum
1292 1060 1364 1109 sit,
1401 1060 1447 1097 ut

66 1121 315 1161 accusaveris
351 1121 623 1171 innocentem,
661 1119 813 1160 sufficit
849 1120 999 1159 ultioni
1030 1119 1180 1159 vidisse
1214 1119 1447 1170 pallentem,

66 1182 166 1222 satis
197 1183 259 1221 est
296 1181 457 1220 audisse
495 1182 687 1232 gemitus,
726 1180 955 1219 memineris
991 1180 1096 1220 hanc
1131 1192 1215 1219 esse
1248 1193 1370 1230 quam
1401 1182 1447 1218 tu

66 1255 166 1293 000,
207 1242 383 1292 iuvenis,
409 1241 560 1281 'odisti
624 1241 722 1292 quid
761 1240 878 1292 agis?
915 1242 1092 1280 etiamne
1129 1241 1306 1291 perferes
1343 1240 1449 1279 illud

66 1302 412 1354 pronuntiationis
449 1315 614 1352 anceps,
654 1301 758 1341 illud
801 1303 1001 1340 humanae
1039 1302 1184 1341 salutis
1221 1299 1448 1340 incertum?

12 1376 51 1403 2⁰
67 1363 299 1403 numerabis
342 1375 437 1415 ergo
481 1363 703 1402 sententias
748 1364 806 1412 et,
845 1364 881 1402 si
918 1362 1191 1411 damnaveris,
1235 1361 1449 1411 exultabis,

67 1424 258 1473 nefande,
289 1422 511 1476 gaudebis?
573 1425 674 1474 puto
704 1436 786 1462 non
819 1423 1029 1462 adamasti.
1093 1435 1145 1462 an
1184 1424 1224 1462 et
1258 1423 1449 1472 sequeris,

67 1485 165 1524 dum
202 1485 380 1524 carnifex
414 1483 572 1523 trahit?
631 1483 836 1533 intereris‚
869 1483 965 1522 dum
995 1483 1068 1522 hos
1101 1483 1237 1523 oculos
1269 1484 1450 1522 occisura

69 1546 271 1597 contingit
306 1543 479 1584 manus?
516 1545 613 1583 dum
649 1544 747 1583 haec
786 1544 1036 1594 amplexibus
1066 1545 1149 1584 tuis
1187 1546 1284 1582 nota
1315 1543 1449 1583 cervix

70 1606 122 1645 ad
165 1618 372 1656 supremos
421 1605 599 1644 nudatur
648 1603 783 1644 ictus?
844 1618 925 1643 non
969 1604 1136 1644 exilies?
1184 1617 1266 1644 non
1307 1606 1449 1655 pectus

15 1678 51 1706 25
70 1665 276 1717 oppones?
312 1678 392 1705 non
429 1665 550 1704 fidem
579 1665 789 1704 hominum
821 1665 1064 1716 deorumque
1101 1663 1323 1704 elamabis?
1386 1677 1450 1704 ac-

70 1729 194 1778 cipies
242 1737 473 1777 percussam
516 1738 636 1776 super
684 1725 932 1776 palpitantia
975 1726 1156 1765 membra
1200 1724 1450 1765 consistens?

168 1822 190 1853 2
216 1817 362 1852 miximi
388 1823 433 1860 Β,
459 1828 551 1853 corr.
573 1824 596 1851 δ
671 1821 693 1851 3
720 1817 959 1853 contradicat
977 1823 1048 1852 BV
1116 1822 1138 1852 4
1163 1817 1261 1852 illud
1290 1817 1375 1853 Obr.

70 1866 166 1912 quid
189 1871 261 1902 BV
354 1869 375 1900 5
405 1865 555 1901 dedisse
578 1871 650 1900 BV
669 1867 775 1912 (corr.
795 1867 833 1909 δ)
932 1869 952 1901 ’ἴ
980 1866 1161 1913 quidem}
1185 1867 1224 1912 (2
1248 1866 1304 1901 vel
1329 1868 1352 1901 3
1378 1866 1446 1901 litt.

70 1917 136 1962 er.)
156 1921 201 1951 1!
312 1918 334 1950 8
360 1916 471 1950 nocet
496 1923 516 1957 β
632 1925 859 1961 consurgere
884 1920 954 1950 Bt·
1059 1914 1150 1949 dum
1174 1921 1203 1948 Γ
1316 1917 1361 1949 10
1388 1924 1450 1949 ex-

69 1974 181 2034 psstas
206 1993 244 2023 Β
343 1991 384 2022 11
411 1989 594 2023 terrorem
619 1993 699 2022 ΒΜ
795 1991 838 2022 12
872 1986 1155 2023 exosculabitur
1185 1998 1232 2022 ex
1255 1998 1316 2022 -us
1342 1993 1380 2022 Β

72 2047 202 2072 manes
221 2042 292 2071 Βῐ*
360 2046 565 2081 supprema
583 2041 620 2070 Β
693 2039 737 2072 13
763 2035 916 2083 rogauit
933 2041 1004 2070 ΒΓ
1075 2039 1120 2070 14
1145 2034 1224 2070 odii
1246 2047 1291 2071 em
1310 2035 1397 2071 odie
1417 2041 1455 2070 Β

75 2112 120 2145 15
145 2109 189 2144 fit
212 2115 242 2143 v
305 2112 349 2144 16
373 2108 529 2143 ultionis
550 2122 574 2142 a
644 2111 687 2143 17
707 2108 871 2144 memine
891 2114 942 2150 83
968 2107 1125 2143 memini·
1146 2113 1189 2142 m
1251 2095 1324 2143 hfflc
1343 2114 1380 2143 n

73 2158 118 2193 tu
135 2169 204 2194 om.
221 2163 271 2202 u,
291 2157 435 2192 adds·
510 2161 554 2192 18
579 2167 656 2191 non
681 2167 749 2193 om.
770 2163 851 2192 ΒΜ
921 2156 978 2191 013
1004 2162 1047 2191 Β
1117 2156 1335 2202 perferisB
1351 2157 1450 2202 (per-

73 2205 174 2241 feras
194 2207 249 2252 0);
274 2205 474 2252 perferetis
499 2211 541 2247 νς
566 2204 711 2251 perfers
737 2211 777 2240 Β
875 2208 920 2240 20
946 2205 1090 2240 sentias
1116 2211 1143 2239 r
1212 2204 1451 2240 damnaveris

73 2265 143 2290 om.
164 2259 207 2289 Π
286 2257 333 2289 24
358 2254 483 2289 hictus
502 2259 541 2288 Β
620 2257 665 2288 25
691 2254 847 2289 deorum
869 2253 1140 2298 hominumque
1165 2259 1193 2286 1·
1267 2257 1312 2288 26
1339 2263 1454 2298 super

75 2310 116 2337 cr:
141 2312 263 2348 nuper
281 2308 394 2345 unffi
421 2301 607 2347 numquid
625 2313 701 2337 000
727 2308 755 2336 1
822 2302 991 2337 membra
1016 2301 1224 2337 consistens
1252 2310 1288 2336 s:
1315 2300 1453 2336 mereri

76 2353 135 2396 (ex
158 2351 318 2386 memori
339 2357 389 2394 M,
415 2362 508 2387 corr.
527 2349 617 2396 ιηῖ)
643 2350 693 2385 ad
713 2350 964 2386 consistentes
989 2364 1037 2393 ως
1060 2355 1144 2395 post
1168 2349 1337 2384 membra
1363 2349 1450 2384 add.

75 2398 207 2435 mirari
231 2400 337 2435 Dess.
431 2403 518 2445 post
542 2399 791 2434 consistentes
817 2399 903 2435 add.
930 2398 1100 2434 membra
1125 2397 1288 2433 nudabis
1315 2404 1342 2432 1

149 2466 365 2499 Qvuvmuxx
384 2473 468 2493 nter.
449 2472 657 2492 numi-tons
678 2466 724 2492 e.d
745 2466 794 2492 Le
803 2466 850 2492 110
1191 2462 1233 2492 19
