<?xml version="1.0" encoding="UTF-8"?>
<!DOCTYPE html PUBLIC "-//W3C//DTD XHTML 1.0 Transitional//EN"
    "http://www.w3.org/TR/xhtml1/DTD/xhtml1-transitional.dtd">
<html xmlns="http://www.w3.org/1999/xhtml" xml:lang="en" lang="en">
 <head>
  <title>
</title>
<meta http-equiv="Content-Type" content="text/html;charset=utf-8" />
  <meta name='ocr-system' content='tesseract 3.04.00' />
  <meta name='ocr-capabilities' content='ocr_page ocr_carea ocr_par ocr_line ocrx_word'/>
</head>
<body>
  <div class='ocr_page' id='page_1' title='image "./quintilianiquaef00lehnuoft_0282.png"; bbox 0 0 1638 2560; ppageno 0'>
   <div class='ocr_carea' id='block_1_1' title="bbox 186 87 1069 138">
    <p class='ocr_par' dir='ltr' id='par_1_1' title="bbox 186 87 1069 138">
     <span class='ocr_line' id='line_1_1' title="bbox 186 87 1069 138; baseline -0.006 -10"><span class='ocrx_word' id='word_1_1' title='bbox 186 95 274 138; x_wconf 78' lang='lat'>246</span> <span class='ocrx_word' id='word_1_2' title='bbox 681 90 801 127; x_wconf 80' lang='lat' dir='ltr'>APES</span> <span class='ocrx_word' id='word_1_3' title='bbox 827 87 1069 125; x_wconf 73' lang='lat' dir='ltr'>PAVPEms</span> 
     </span>
    </p>
   </div>
   <div class='ocr_carea' id='block_1_2' title="bbox 610 347 1146 506">
    <p class='ocr_par' dir='ltr' id='par_1_2' title="bbox 610 347 1146 506">
     <span class='ocr_line' id='line_1_2' title="bbox 811 347 940 396; baseline -0.008 0"><span class='ocrx_word' id='word_1_4' title='bbox 811 347 940 396; x_wconf 90' lang='lat' dir='ltr'><strong>XIII.</strong></span> 
     </span>
     <span class='ocr_line' id='line_1_3' title="bbox 610 454 1146 506; baseline -0.007 0"><span class='ocrx_word' id='word_1_5' title='bbox 610 457 773 506; x_wconf 81' lang='lat' dir='ltr'>APES</span> <span class='ocrx_word' id='word_1_6' title='bbox 815 454 1146 505; x_wconf 78' lang='lat' dir='ltr'><strong>PAVPERIS.</strong></span> 
     </span>
    </p>
   </div>
   <div class='ocr_carea' id='block_1_3' title="bbox 186 588 1620 997">
    <p class='ocr_par' dir='ltr' id='par_1_3' title="bbox 186 588 1620 997">
     <span class='ocr_line' id='line_1_4' title="bbox 186 588 1564 640; baseline -0.007 -5"><span class='ocrx_word' id='word_1_7' title='bbox 186 597 328 635; x_wconf 72' lang='lat' dir='ltr'>DAMNI</span> <span class='ocrx_word' id='word_1_8' title='bbox 359 607 440 633; x_wconf 81' lang='lat' dir='ltr'>PER</span> <span class='ocrx_word' id='word_1_9' title='bbox 470 605 661 633; x_wconf 68' lang='lat' dir='ltr'>INIVMAM</span> <span class='ocrx_word' id='word_1_10' title='bbox 694 605 795 630; x_wconf 82' lang='lat' dir='ltr'><strong>DATI</strong></span> <span class='ocrx_word' id='word_1_11' title='bbox 827 603 891 630; x_wconf 66' lang='lat' dir='ltr'>sn*</span> <span class='ocrx_word' id='word_1_12' title='bbox 924 603 1061 630; x_wconf 77' lang='lat' dir='ltr'>Acrlo.</span> <span class='ocrx_word' id='word_1_13' title='bbox 1115 589 1275 640; x_wconf 78' lang='lat' dir='ltr'>Pauper</span> <span class='ocrx_word' id='word_1_14' title='bbox 1307 590 1347 629; x_wconf 79' lang='lat' dir='ltr'>et</span> <span class='ocrx_word' id='word_1_15' title='bbox 1379 588 1490 627; x_wconf 85' lang='lat' dir='ltr'>dives</span> <span class='ocrx_word' id='word_1_16' title='bbox 1521 588 1564 626; x_wconf 88' lang='lat' dir='ltr'>in</span> 
     </span>
     <span class='ocr_line' id='line_1_5' title="bbox 247 648 1565 708; baseline -0.007 -13"><span class='ocrx_word' id='word_1_17' title='bbox 247 669 343 708; x_wconf 87' lang='lat' dir='ltr'>agro</span> <span class='ocrx_word' id='word_1_18' title='bbox 383 655 506 694; x_wconf 86' lang='lat' dir='ltr'>vicini</span> <span class='ocrx_word' id='word_1_19' title='bbox 550 655 665 692; x_wconf 89' lang='lat' dir='ltr'>erant</span> <span class='ocrx_word' id='word_1_20' title='bbox 708 653 855 692; x_wconf 87' lang='lat' dir='ltr'>iunctis</span> <span class='ocrx_word' id='word_1_21' title='bbox 899 651 1082 691; x_wconf 74' lang='lat' dir='ltr'><strong>hortulis.</strong></span> <span class='ocrx_word' id='word_1_22' title='bbox 1145 649 1322 689; x_wconf 85' lang='lat' dir='ltr'>habebat</span> <span class='ocrx_word' id='word_1_23' title='bbox 1367 648 1478 688; x_wconf 75' lang='lat' dir='ltr'>dives</span> <span class='ocrx_word' id='word_1_24' title='bbox 1521 649 1565 686; x_wconf 86' lang='lat' dir='ltr'>in</span> 
     </span>
     <span class='ocr_line' id='line_1_6' title="bbox 245 709 1620 764; baseline -0.004 -9"><span class='ocrx_word' id='word_1_25' title='bbox 245 718 362 755; x_wconf 87' lang='lat' dir='ltr'>horto</span> <span class='ocrx_word' id='word_1_26' title='bbox 394 716 522 764; x_wconf 86' lang='lat' dir='ltr'>flores,</span> <span class='ocrx_word' id='word_1_27' title='bbox 555 727 708 764; x_wconf 79' lang='lat' dir='ltr'>pauper</span> <span class='ocrx_word' id='word_1_28' title='bbox 733 726 838 764; x_wconf 88' lang='lat' dir='ltr'>apes.</span> <span class='ocrx_word' id='word_1_29' title='bbox 890 713 1055 763; x_wconf 86' lang='lat' dir='ltr'>questus</span> <span class='ocrx_word' id='word_1_30' title='bbox 1088 712 1148 750; x_wconf 81' lang='lat' dir='ltr'>est</span> <span class='ocrx_word' id='word_1_31' title='bbox 1180 710 1291 750; x_wconf 84' lang='lat' dir='ltr'>dives</span> <span class='ocrx_word' id='word_1_32' title='bbox 1323 709 1440 749; x_wconf 88' lang='lat' dir='ltr'>flores</span> <span class='ocrx_word' id='word_1_33' title='bbox 1473 721 1565 748; x_wconf 79' lang='lat' dir='ltr'>suos</span> <span class='ocrx_word' id='word_1_34' title='bbox 1603 722 1620 749; x_wconf 77' lang='lat'>5</span> 
     </span>
     <span class='ocr_line' id='line_1_7' title="bbox 246 770 1564 827; baseline -0.005 -11"><span class='ocrx_word' id='word_1_35' title='bbox 246 776 404 827; x_wconf 83' lang='lat' dir='ltr'>decerpi</span> <span class='ocrx_word' id='word_1_36' title='bbox 434 775 484 815; x_wconf 89' lang='lat' dir='ltr'>ab</span> <span class='ocrx_word' id='word_1_37' title='bbox 512 774 653 826; x_wconf 89' lang='lat' dir='ltr'>apibus</span> <span class='ocrx_word' id='word_1_38' title='bbox 685 775 884 824; x_wconf 89' lang='lat' dir='ltr'>pauperis.</span> <span class='ocrx_word' id='word_1_39' title='bbox 937 771 1205 820; x_wconf 79' lang='lat' dir='ltr'>denuntiavit,</span> <span class='ocrx_word' id='word_1_40' title='bbox 1238 771 1284 810; x_wconf 81' lang='lat' dir='ltr'>ut</span> <span class='ocrx_word' id='word_1_41' title='bbox 1315 770 1564 810; x_wconf 74' lang='lat' dir='ltr'><strong>transferret.</strong></span> 
     </span>
     <span class='ocr_line' id='line_1_8' title="bbox 246 832 1564 882; baseline -0.005 -6"><span class='ocrx_word' id='word_1_42' title='bbox 246 838 317 876; x_wconf 86' lang='lat' dir='ltr'>illo</span> <span class='ocrx_word' id='word_1_43' title='bbox 356 850 437 875; x_wconf 90' lang='lat' dir='ltr'>non</span> <span class='ocrx_word' id='word_1_44' title='bbox 474 836 740 875; x_wconf 73' lang='lat' dir='ltr'>transferente</span> <span class='ocrx_word' id='word_1_45' title='bbox 778 834 894 873; x_wconf 87' lang='lat' dir='ltr'>flores</span> <span class='ocrx_word' id='word_1_46' title='bbox 928 846 1020 873; x_wconf 84' lang='lat' dir='ltr'>suos</span> <span class='ocrx_word' id='word_1_47' title='bbox 1053 845 1206 871; x_wconf 88' lang='lat' dir='ltr'>veneno</span> <span class='ocrx_word' id='word_1_48' title='bbox 1245 832 1405 882; x_wconf 75' lang='lat' dir='ltr'><strong>sparsit.</strong></span> <span class='ocrx_word' id='word_1_49' title='bbox 1470 843 1564 881; x_wconf 83' lang='lat' dir='ltr'>apes</span> 
     </span>
     <span class='ocr_line' id='line_1_9' title="bbox 245 891 1564 948; baseline -0.006 -11"><span class='ocrx_word' id='word_1_50' title='bbox 245 898 432 948; x_wconf 86' lang='lat' dir='ltr'>pauperis</span> <span class='ocrx_word' id='word_1_51' title='bbox 478 909 613 935; x_wconf 90' lang='lat' dir='ltr'>omnes</span> <span class='ocrx_word' id='word_1_52' title='bbox 658 895 874 945; x_wconf 86' lang='lat' dir='ltr'>perierunt.</span> <span class='ocrx_word' id='word_1_53' title='bbox 937 907 1027 933; x_wconf 89' lang='lat' dir='ltr'>reus</span> <span class='ocrx_word' id='word_1_54' title='bbox 1073 894 1134 932; x_wconf 89' lang='lat' dir='ltr'>est</span> <span class='ocrx_word' id='word_1_55' title='bbox 1178 892 1289 932; x_wconf 85' lang='lat' dir='ltr'>dives</span> <span class='ocrx_word' id='word_1_56' title='bbox 1328 891 1466 931; x_wconf 86' lang='lat' dir='ltr'>damni</span> <span class='ocrx_word' id='word_1_57' title='bbox 1505 892 1564 930; x_wconf 87' lang='lat' dir='ltr'>in-</span> 
     </span>
     <span class='ocr_line' id='line_1_10' title="bbox 246 958 479 997; baseline -0.004 -1"><span class='ocrx_word' id='word_1_58' title='bbox 246 958 352 997; x_wconf 83' lang='lat' dir='ltr'>iuria</span> <span class='ocrx_word' id='word_1_59' title='bbox 383 958 479 996; x_wconf 85' lang='lat' dir='ltr'>dati.</span> 
     </span>
    </p>
   </div>
   <div class='ocr_carea' id='block_1_4' title="bbox 188 1085 1622 1563">
    <p class='ocr_par' dir='ltr' id='par_1_4' title="bbox 188 1085 1622 1563">
     <span class='ocr_line' id='line_1_11' title="bbox 281 1085 1622 1142; baseline -0.002 -13"><span class='ocrx_word' id='word_1_60' title='bbox 281 1090 406 1130; x_wconf 82' lang='lat' dir='ltr'>Credo</span> <span class='ocrx_word' id='word_1_61' title='bbox 445 1103 535 1142; x_wconf 87' lang='lat' dir='ltr'>ego,</span> <span class='ocrx_word' id='word_1_62' title='bbox 573 1088 740 1137; x_wconf 82' lang='lat' dir='ltr'>iudices,</span> <span class='ocrx_word' id='word_1_63' title='bbox 779 1088 991 1138; x_wconf 87' lang='lat' dir='ltr'>plerosque</span> <span class='ocrx_word' id='word_1_64' title='bbox 1024 1087 1182 1136; x_wconf 81' lang='lat' dir='ltr'>mirari,</span> <span class='ocrx_word' id='word_1_65' title='bbox 1219 1085 1325 1136; x_wconf 88' lang='lat' dir='ltr'>quod</span> <span class='ocrx_word' id='word_1_66' title='bbox 1358 1087 1476 1124; x_wconf 90' lang='lat' dir='ltr'>homo</span> <span class='ocrx_word' id='word_1_67' title='bbox 1508 1086 1566 1124; x_wconf 84' lang='lat' dir='ltr'>te·</span> <span class='ocrx_word' id='word_1_68' title='bbox 1587 1098 1622 1126; x_wconf 75' lang='grc' dir='ltr'>ιο</span> 
     </span>
     <span class='ocr_line' id='line_1_12' title="bbox 188 1145 1567 1200; baseline -0.004 -10"><span class='ocrx_word' id='word_1_69' title='bbox 188 1151 296 1200; x_wconf 85' lang='lat' dir='ltr'>nuis,</span> <span class='ocrx_word' id='word_1_70' title='bbox 335 1152 459 1189; x_wconf 90' lang='lat' dir='ltr'>etiam</span> <span class='ocrx_word' id='word_1_71' title='bbox 497 1151 590 1188; x_wconf 88' lang='lat' dir='ltr'>ante</span> <span class='ocrx_word' id='word_1_72' title='bbox 629 1163 751 1200; x_wconf 87' lang='lat' dir='ltr'>quam</span> <span class='ocrx_word' id='word_1_73' title='bbox 790 1148 897 1198; x_wconf 82' lang='lat' dir='ltr'>quod</span> <span class='ocrx_word' id='word_1_74' title='bbox 934 1147 1149 1196; x_wconf 79' lang='lat' dir='ltr'>habebam,</span> <span class='ocrx_word' id='word_1_75' title='bbox 1187 1145 1363 1199; x_wconf 79' lang='lat' dir='ltr'>perdidi,</span> <span class='ocrx_word' id='word_1_76' title='bbox 1400 1158 1567 1196; x_wconf 84' lang='lat' dir='ltr'>pauper,</span> 
     </span>
     <span class='ocr_line' id='line_1_13' title="bbox 189 1206 1567 1258; baseline -0.004 -7"><span class='ocrx_word' id='word_1_77' title='bbox 189 1224 309 1251; x_wconf 85' lang='lat' dir='ltr'>ausus</span> <span class='ocrx_word' id='word_1_78' title='bbox 336 1213 411 1251; x_wconf 89' lang='lat' dir='ltr'>sim</span> <span class='ocrx_word' id='word_1_79' title='bbox 435 1210 583 1249; x_wconf 83' lang='lat' dir='ltr'>iudicio</span> <span class='ocrx_word' id='word_1_80' title='bbox 613 1210 806 1248; x_wconf 82' lang='lat' dir='ltr'>lacessere</span> <span class='ocrx_word' id='word_1_81' title='bbox 832 1209 1001 1247; x_wconf 87' lang='lat' dir='ltr'>divitem</span> <span class='ocrx_word' id='word_1_82' title='bbox 1026 1210 1167 1258; x_wconf 88' lang='lat' dir='ltr'>utique</span> <span class='ocrx_word' id='word_1_83' title='bbox 1193 1206 1371 1247; x_wconf 86' lang='lat' dir='ltr'>vicinum</span> <span class='ocrx_word' id='word_1_84' title='bbox 1397 1219 1567 1257; x_wconf 88' lang='lat' dir='ltr'>eumque</span> 
     </span>
     <span class='ocr_line' id='line_1_14' title="bbox 188 1267 1567 1321; baseline -0.004 -10"><span class='ocrx_word' id='word_1_85' title='bbox 188 1274 307 1311; x_wconf 87' lang='lat' dir='ltr'>notae</span> <span class='ocrx_word' id='word_1_86' title='bbox 339 1271 600 1321; x_wconf 74' lang='lat' dir='ltr'>inpotentiae,</span> <span class='ocrx_word' id='word_1_87' title='bbox 633 1271 819 1320; x_wconf 83' lang='lat' dir='ltr'>expertae</span> <span class='ocrx_word' id='word_1_88' title='bbox 851 1268 1116 1317; x_wconf 80' lang='lat' dir='ltr'>crudelitatis,</span> <span class='ocrx_word' id='word_1_89' title='bbox 1148 1270 1190 1307; x_wconf 87' lang='lat' dir='ltr'>in</span> <span class='ocrx_word' id='word_1_90' title='bbox 1220 1267 1349 1307; x_wconf 85' lang='lat' dir='ltr'>tantis</span> <span class='ocrx_word' id='word_1_91' title='bbox 1381 1267 1567 1306; x_wconf 76' lang='lat' dir='ltr'>fortunae</span> 
     </span>
     <span class='ocr_line' id='line_1_15' title="bbox 188 1327 1565 1382; baseline -0.004 -11"><span class='ocrx_word' id='word_1_92' title='bbox 188 1332 340 1372; x_wconf 87' lang='lat' dir='ltr'>viribus</span> <span class='ocrx_word' id='word_1_93' title='bbox 366 1332 636 1382; x_wconf 87' lang='lat' dir='ltr'>perniciosum</span> <span class='ocrx_word' id='word_1_94' title='bbox 661 1331 882 1379; x_wconf 89' lang='lat' dir='ltr'>inimicum,</span> <span class='ocrx_word' id='word_1_95' title='bbox 909 1331 1032 1369; x_wconf 86' lang='lat' dir='ltr'>etiam</span> <span class='ocrx_word' id='word_1_96' title='bbox 1058 1329 1092 1369; x_wconf 85' lang='lat' dir='ltr'>si</span> <span class='ocrx_word' id='word_1_97' title='bbox 1119 1341 1272 1368; x_wconf 85' lang='lat' dir='ltr'>venena</span> <span class='ocrx_word' id='word_1_98' title='bbox 1301 1341 1381 1367; x_wconf 92' lang='lat' dir='ltr'>non</span> <span class='ocrx_word' id='word_1_99' title='bbox 1406 1327 1565 1366; x_wconf 82' lang='lat' dir='ltr'>habeat.</span> 
     </span>
     <span class='ocr_line' id='line_1_16' title="bbox 189 1387 1622 1443; baseline -0.001 -13"><span class='ocrx_word' id='word_1_100' title='bbox 189 1406 317 1443; x_wconf 88' lang='lat' dir='ltr'>neque</span> <span class='ocrx_word' id='word_1_101' title='bbox 347 1393 422 1431; x_wconf 89' lang='lat' dir='ltr'>hoc</span> <span class='ocrx_word' id='word_1_102' title='bbox 453 1393 538 1442; x_wconf 89' lang='lat' dir='ltr'>ipse</span> <span class='ocrx_word' id='word_1_103' title='bbox 570 1392 794 1441; x_wconf 89' lang='lat' dir='ltr'>periculum</span> <span class='ocrx_word' id='word_1_104' title='bbox 828 1392 970 1442; x_wconf 83' lang='lat' dir='ltr'>ignoro</span> <span class='ocrx_word' id='word_1_105' title='bbox 1004 1392 1189 1441; x_wconf 87' lang='lat' dir='ltr'>expertus</span> <span class='ocrx_word' id='word_1_106' title='bbox 1223 1402 1303 1428; x_wconf 89' lang='lat' dir='ltr'>non</span> <span class='ocrx_word' id='word_1_107' title='bbox 1334 1387 1416 1428; x_wconf 84' lang='lat' dir='ltr'>levi</span> <span class='ocrx_word' id='word_1_108' title='bbox 1448 1388 1567 1427; x_wconf 85' lang='lat' dir='ltr'>docu-</span> <span class='ocrx_word' id='word_1_109' title='bbox 1588 1401 1622 1429; x_wconf 81' lang='lat'>15</span> 
     </span>
     <span class='ocr_line' id='line_1_17' title="bbox 189 1449 1566 1503; baseline -0.004 -11"><span class='ocrx_word' id='word_1_110' title='bbox 189 1455 323 1492; x_wconf 83' lang='lat' dir='ltr'>mento</span> <span class='ocrx_word' id='word_1_111' title='bbox 358 1454 501 1503; x_wconf 88' lang='lat' dir='ltr'>quanti</span> <span class='ocrx_word' id='word_1_112' title='bbox 533 1453 690 1491; x_wconf 89' lang='lat' dir='ltr'>steterit</span> <span class='ocrx_word' id='word_1_113' title='bbox 721 1452 821 1489; x_wconf 90' lang='lat' dir='ltr'>mihi</span> <span class='ocrx_word' id='word_1_114' title='bbox 854 1451 962 1501; x_wconf 88' lang='lat' dir='ltr'>quod</span> <span class='ocrx_word' id='word_1_115' title='bbox 995 1451 1116 1490; x_wconf 90' lang='lat' dir='ltr'>semel</span> <span class='ocrx_word' id='word_1_116' title='bbox 1148 1451 1334 1501; x_wconf 86' lang='lat' dir='ltr'>inperata</span> <span class='ocrx_word' id='word_1_117' title='bbox 1367 1461 1447 1488; x_wconf 90' lang='lat' dir='ltr'>non</span> <span class='ocrx_word' id='word_1_118' title='bbox 1478 1449 1566 1487; x_wconf 85' lang='lat' dir='ltr'>feci.</span> 
     </span>
     <span class='ocr_line' id='line_1_18' title="bbox 190 1510 1568 1563; baseline -0.004 -11"><span class='ocrx_word' id='word_1_119' title='bbox 190 1513 257 1553; x_wconf 86' lang='lat' dir='ltr'>sed</span> <span class='ocrx_word' id='word_1_120' title='bbox 295 1526 423 1563; x_wconf 90' lang='lat' dir='ltr'>neque</span> <span class='ocrx_word' id='word_1_121' title='bbox 460 1513 581 1561; x_wconf 85' lang='lat' dir='ltr'>illud,</span> <span class='ocrx_word' id='word_1_122' title='bbox 619 1512 788 1561; x_wconf 83' lang='lat' dir='ltr'>iudices,</span> <span class='ocrx_word' id='word_1_123' title='bbox 826 1511 1017 1550; x_wconf 88' lang='lat' dir='ltr'>damnum</span> <span class='ocrx_word' id='word_1_124' title='bbox 1049 1510 1260 1550; x_wconf 85' lang='lat' dir='ltr'>tolerabile</span> <span class='ocrx_word' id='word_1_125' title='bbox 1292 1511 1353 1549; x_wconf 82' lang='lat' dir='ltr'>est</span> <span class='ocrx_word' id='word_1_126' title='bbox 1387 1510 1568 1560; x_wconf 82' lang='lat' dir='ltr'>pauperi,</span> 
     </span>
    </p>
   </div>
   <div class='ocr_carea' id='block_1_5' title="bbox 193 1595 479 1600">
    <p class='ocr_par' dir='ltr' id='par_1_5' title="bbox 193 1595 479 1600">
     <span class='ocr_line' id='line_1_19' title="bbox 193 1595 479 1600; baseline 0 0"><span class='ocrx_word' id='word_1_127' title='bbox 193 1595 479 1600; x_wconf 95' lang='lat' dir='ltr'> </span> 
     </span>
    </p>
   </div>
   <div class='ocr_carea' id='block_1_6' title="bbox 190 1636 1570 1820">
    <p class='ocr_par' dir='ltr' id='par_1_6' title="bbox 190 1636 1570 1820">
     <span class='ocr_line' id='line_1_20' title="bbox 287 1636 1567 1684; baseline -0.003 -9"><span class='ocrx_word' id='word_1_128' title='bbox 287 1645 306 1675; x_wconf 83' lang='lat'>2</span> <span class='ocrx_word' id='word_1_129' title='bbox 333 1640 398 1675; x_wconf 83' lang='lat' dir='ltr'>PS.</span> <span class='ocrx_word' id='word_1_130' title='bbox 414 1639 543 1675; x_wconf 87' lang='lat' dir='ltr'><strong>HIER.</strong></span> <span class='ocrx_word' id='word_1_131' title='bbox 566 1640 614 1675; x_wconf 88' lang='lat' dir='ltr'>ad</span> <span class='ocrx_word' id='word_1_132' title='bbox 629 1639 865 1675; x_wconf 83' lang='lat' dir='ltr'>Praesidium</span> <span class='ocrx_word' id='word_1_133' title='bbox 880 1639 926 1674; x_wconf 89' lang='lat' dir='ltr'>de</span> <span class='ocrx_word' id='word_1_134' title='bbox 941 1649 1048 1674; x_wconf 91' lang='lat' dir='ltr'>cereo</span> <span class='ocrx_word' id='word_1_135' title='bbox 1064 1637 1237 1684; x_wconf 79' lang='lat' dir='ltr'>paschali</span> <span class='ocrx_word' id='word_1_136' title='bbox 1245 1639 1270 1672; x_wconf 79' lang='lat'>&#39;1</span> <span class='ocrx_word' id='word_1_137' title='bbox 1278 1641 1309 1681; x_wconf 84' lang='lat'>1,</span> <span class='ocrx_word' id='word_1_138' title='bbox 1322 1641 1342 1672; x_wconf 79' lang='lat'><strong>2</strong></span> <span class='ocrx_word' id='word_1_139' title='bbox 1359 1638 1410 1683; x_wconf 90' lang='lat' dir='ltr'>(p.</span> <span class='ocrx_word' id='word_1_140' title='bbox 1426 1640 1497 1672; x_wconf 77' lang='lat'>210</span> <span class='ocrx_word' id='word_1_141' title='bbox 1505 1636 1567 1683; x_wconf 85' lang='lat' dir='ltr'>B):</span> 
     </span>
     <span class='ocr_line' id='line_1_21' title="bbox 191 1687 1570 1734; baseline -0.002 -11"><span class='ocrx_word' id='word_1_142' title='bbox 191 1690 284 1734; x_wconf 85' lang='lat' dir='ltr'>puto</span> <span class='ocrx_word' id='word_1_143' title='bbox 310 1690 347 1723; x_wconf 89' lang='lat' dir='ltr'>te</span> <span class='ocrx_word' id='word_1_144' title='bbox 368 1687 594 1731; x_wconf 82' lang='lat' dir='ltr'>Quintiliani</span> <span class='ocrx_word' id='word_1_145' title='bbox 621 1687 897 1724; x_wconf 82' lang='lat' dir='ltr'>controversiae</span> <span class='ocrx_word' id='word_1_146' title='bbox 922 1687 1114 1723; x_wconf 85' lang='lat' dir='ltr'>recordari</span> <span class='ocrx_word' id='word_1_147' title='bbox 1140 1687 1180 1722; x_wconf 91' lang='lat' dir='ltr'>in</span> <span class='ocrx_word' id='word_1_148' title='bbox 1205 1697 1282 1732; x_wconf 87' lang='lat' dir='ltr'>qua</span> <span class='ocrx_word' id='word_1_149' title='bbox 1307 1696 1456 1732; x_wconf 83' lang='lat' dir='ltr'>pauper</span> <span class='ocrx_word' id='word_1_150' title='bbox 1481 1695 1570 1720; x_wconf 82' lang='lat' dir='ltr'>cau-</span> 
     </span>
     <span class='ocr_line' id='line_1_22' title="bbox 190 1733 1569 1820; baseline -0.001 -48"><span class='ocrx_word' id='word_1_151' title='bbox 190 1736 530 1820; x_wconf 52' lang='grc' dir='ltr'>ἰῗὲἓτνέἓέἓὲῗοξὶ)</span> <span class='ocrx_word' id='word_1_152' title='bbox 561 1736 758 1771; x_wconf 75' lang='lat' dir='ltr'>interitum</span> <span class='ocrx_word' id='word_1_153' title='bbox 791 1747 906 1782; x_wconf 88' lang='lat' dir='ltr'>apum</span> <span class='ocrx_word' id='word_1_154' title='bbox 938 1735 1047 1771; x_wconf 83' lang='lat' dir='ltr'>flores</span> <span class='ocrx_word' id='word_1_155' title='bbox 1082 1735 1129 1770; x_wconf 88' lang='lat' dir='ltr'>ab</span> <span class='ocrx_word' id='word_1_156' title='bbox 1162 1733 1486 1780; x_wconf 76' lang='lat' dir='ltr'>impotentissimo</span> <span class='ocrx_word' id='word_1_157' title='bbox 1513 1733 1569 1770; x_wconf 86' lang='lat' dir='ltr'>di-</span> 
     </span>
    </p>
   </div>
   <div class='ocr_carea' id='block_1_7' title="bbox 193 1861 482 1868">
    <p class='ocr_par' dir='ltr' id='par_1_7' title="bbox 193 1861 482 1868">
     <span class='ocr_line' id='line_1_23' title="bbox 193 1861 482 1868; baseline -0.003 -3"><span class='ocrx_word' id='word_1_158' title='bbox 193 1861 482 1868; x_wconf 41' lang='lat' dir='ltr'>—-„--——-—q,</span> 
     </span>
    </p>
   </div>
   <div class='ocr_carea' id='block_1_8' title="bbox 189 1902 1568 2048">
    <p class='ocr_par' dir='ltr' id='par_1_8' title="bbox 189 1902 1568 2048">
     <span class='ocr_line' id='line_1_24' title="bbox 286 1902 1568 1949; baseline -0.001 -10"><span class='ocrx_word' id='word_1_159' title='bbox 286 1905 440 1940; x_wconf 85' lang='lat' dir='ltr'>titulum</span> <span class='ocrx_word' id='word_1_160' title='bbox 467 1917 533 1941; x_wconf 85' lang='lat' dir='ltr'>om.</span> <span class='ocrx_word' id='word_1_161' title='bbox 555 1912 592 1940; x_wconf 83' lang='lat' dir='ltr'><em>B</em></span> <span class='ocrx_word' id='word_1_162' title='bbox 677 1910 696 1940; x_wconf 90' lang='lat'><strong>3</strong></span> <span class='ocrx_word' id='word_1_163' title='bbox 724 1905 914 1940; x_wconf 72' lang='lat' dir='ltr'>damni—</span> <span class='ocrx_word' id='word_1_164' title='bbox 930 1905 1030 1940; x_wconf 90' lang='lat' dir='ltr'>actio</span> <span class='ocrx_word' id='word_1_165' title='bbox 1057 1916 1124 1941; x_wconf 83' lang='lat' dir='ltr'>om.</span> <span class='ocrx_word' id='word_1_166' title='bbox 1147 1911 1172 1939; x_wconf 84' lang='lat' dir='ltr'>s</span> <span class='ocrx_word' id='word_1_167' title='bbox 1242 1906 1327 1949; x_wconf 71' lang='lat' dir='ltr'>post</span> <span class='ocrx_word' id='word_1_168' title='bbox 1354 1903 1455 1938; x_wconf 82' lang='lat' dir='ltr'>actio</span> <span class='ocrx_word' id='word_1_169' title='bbox 1482 1902 1568 1939; x_wconf 80' lang='lat' dir='ltr'>add.</span> 
     </span>
     <span class='ocr_line' id='line_1_25' title="bbox 189 1951 1478 2000; baseline -0.002 -11"><span class='ocrx_word' id='word_1_170' title='bbox 189 1954 305 1990; x_wconf 77' lang='lat' dir='ltr'>viridi</span> <span class='ocrx_word' id='word_1_171' title='bbox 329 1954 446 1990; x_wconf 80' lang='lat' dir='ltr'>colore</span> <span class='ocrx_word' id='word_1_172' title='bbox 478 1955 745 2000; x_wconf 87' lang='lat' dir='ltr'>argumentum</span> <span class='ocrx_word' id='word_1_173' title='bbox 771 1960 807 1988; x_wconf 88' lang='grc' dir='ltr'><strong>Ρ</strong></span> <span class='ocrx_word' id='word_1_174' title='bbox 926 1954 1018 1989; x_wconf 80' lang='lat' dir='ltr'>data</span> <span class='ocrx_word' id='word_1_175' title='bbox 1044 1959 1095 1995; x_wconf 62' lang='lat' dir='ltr'>B?</span> <span class='ocrx_word' id='word_1_176' title='bbox 1130 1952 1212 1988; x_wconf 88' lang='lat' dir='ltr'>dati</span> <span class='ocrx_word' id='word_1_177' title='bbox 1239 1964 1284 1988; x_wconf 67' lang='lat' dir='ltr'>ew</span> <span class='ocrx_word' id='word_1_178' title='bbox 1315 1951 1408 1987; x_wconf 73' lang='lat' dir='ltr'>data</span> <span class='ocrx_word' id='word_1_179' title='bbox 1436 1956 1478 1986; x_wconf 78' lang='grc' dir='ltr'><em>Μ</em></span> 
     </span>
     <span class='ocr_line' id='line_1_26' title="bbox 190 1998 1568 2048; baseline -0.001 -11"><span class='ocrx_word' id='word_1_180' title='bbox 190 2002 233 2037; x_wconf 88' lang='lat' dir='ltr'>fit</span> <span class='ocrx_word' id='word_1_181' title='bbox 260 2008 327 2037; x_wconf 66' lang='lat' dir='ltr'>Mer</span> <span class='ocrx_word' id='word_1_182' title='bbox 398 2002 503 2038; x_wconf 91' lang='lat' dir='ltr'>accio</span> <span class='ocrx_word' id='word_1_183' title='bbox 527 2008 564 2037; x_wconf 81' lang='grc' dir='ltr'><em>Β</em></span> <span class='ocrx_word' id='word_1_184' title='bbox 651 2005 669 2037; x_wconf 84' lang='grc'><strong>7</strong></span> <span class='ocrx_word' id='word_1_185' title='bbox 706 2013 771 2037; x_wconf 84' lang='lat' dir='ltr'>suo</span> <span class='ocrx_word' id='word_1_186' title='bbox 800 2008 836 2036; x_wconf 84' lang='lat' dir='ltr'><em>P</em></span> <span class='ocrx_word' id='word_1_187' title='bbox 919 2006 939 2036; x_wconf 88' lang='grc'><strong>9</strong></span> <span class='ocrx_word' id='word_1_188' title='bbox 967 2006 1052 2048; x_wconf 77' lang='lat' dir='ltr'>post</span> <span class='ocrx_word' id='word_1_189' title='bbox 1079 2001 1159 2037; x_wconf 80' lang='lat' dir='ltr'>dati</span> <span class='ocrx_word' id='word_1_190' title='bbox 1186 1999 1273 2036; x_wconf 81' lang='lat' dir='ltr'>add.</span> <span class='ocrx_word' id='word_1_191' title='bbox 1300 1999 1429 2035; x_wconf 68' lang='lat' dir='ltr'>EXPf,</span> <span class='ocrx_word' id='word_1_192' title='bbox 1455 1998 1568 2036; x_wconf 80' lang='lat' dir='ltr'><strong>ARG.</strong></span> 
     </span>
    </p>
   </div>
   <div class='ocr_carea' id='block_1_9' title="bbox 189 2052 1571 2108">
    <p class='ocr_par' dir='ltr' id='par_1_9' title="bbox 189 2052 1571 2108">
     <span class='ocr_line' id='line_1_27' title="bbox 189 2052 1571 2108; baseline -0.003 -10"><span class='ocrx_word' id='word_1_193' title='bbox 189 2052 332 2098; x_wconf 78' lang='lat' dir='ltr'><strong>fCIPIT</strong></span> <span class='ocrx_word' id='word_1_194' title='bbox 366 2063 412 2097; x_wconf 93' lang='lat' dir='ltr'>de</span> <span class='ocrx_word' id='word_1_195' title='bbox 444 2062 574 2108; x_wconf 76' lang='lat' dir='ltr'>APIB3</span> <span class='ocrx_word' id='word_1_196' title='bbox 613 2061 817 2098; x_wconf 87' lang='lat' dir='ltr'>VENENO</span> <span class='ocrx_word' id='word_1_197' title='bbox 854 2061 1020 2098; x_wconf 65' lang='lat' dir='ltr'>ASPSIS</span> <span class='ocrx_word' id='word_1_198' title='bbox 1047 2066 1071 2105; x_wconf 86' lang='lat'><em>7</em></span> <span class='ocrx_word' id='word_1_199' title='bbox 1107 2061 1177 2096; x_wconf 83' lang='lat' dir='ltr'>SIC</span> <span class='ocrx_word' id='word_1_200' title='bbox 1211 2059 1390 2096; x_wconf 86' lang='lat' dir='ltr'>OCCISIS</span> <span class='ocrx_word' id='word_1_201' title='bbox 1424 2059 1571 2095; x_wconf 81' lang='lat' dir='ltr'>LIBER</span> 
     </span>
    </p>
   </div>
   <div class='ocr_carea' id='block_1_10' title="bbox 190 2121 1569 2425">
    <p class='ocr_par' dir='ltr' id='par_1_10' title="bbox 190 2121 1569 2425">
     <span class='ocr_line' id='line_1_28' title="bbox 191 2121 1569 2203; baseline -0.002 -21"><span class='ocrx_word' id='word_1_202' title='bbox 191 2149 234 2203; x_wconf 36' lang='grc' dir='ltr'>ἰη-</span> <span class='ocrx_word' id='word_1_203' title='bbox 261 2158 373 2202; x_wconf 53' lang='lat' dir='ltr'>moisy.</span> <span class='ocrx_word' id='word_1_204' title='bbox 403 2146 560 2183; x_wconf 86' lang='lat' dir='ltr'>CAVSA</span> <span class='ocrx_word' id='word_1_205' title='bbox 585 2121 689 2182; x_wconf 64' lang='lat' dir='ltr'>X11³⁵i1</span> <span class='ocrx_word' id='word_1_206' title='bbox 714 2148 841 2182; x_wconf 73' lang='lat' dir='ltr'>omnia</span> <span class='ocrx_word' id='word_1_207' title='bbox 866 2147 982 2182; x_wconf 72' lang='lat' dir='ltr'>minio</span> <span class='ocrx_word' id='word_1_208' title='bbox 1003 2147 1108 2192; x_wconf 75' lang='lat' dir='ltr'>picta</span> <span class='ocrx_word' id='word_1_209' title='bbox 1136 2152 1189 2191; x_wconf 42' lang='lat'>1⁷13</span> <span class='ocrx_word' id='word_1_210' title='bbox 1217 2144 1414 2180; x_wconf 85' lang='lat' dir='ltr'><strong>PAVPER</strong></span> <span class='ocrx_word' id='word_1_211' title='bbox 1440 2150 1477 2179; x_wconf 82' lang='lat' dir='ltr'><em>P</em></span> <span class='ocrx_word' id='word_1_212' title='bbox 1501 2144 1569 2180; x_wconf 78' lang='lat' dir='ltr'>mi-</span> 
     </span>
     <span class='ocr_line' id='line_1_29' title="bbox 191 2199 1495 2289; baseline -0.002 -10"><span class='ocrx_word' id='word_1_213' title='bbox 191 2207 255 2231; x_wconf 71' lang='lat' dir='ltr'>mo</span> <span class='ocrx_word' id='word_1_214' title='bbox 276 2199 480 2289; x_wconf 47' lang='grc' dir='ltr'>Ιίῑὸὒζζξὸάε</span> <span class='ocrx_word' id='word_1_215' title='bbox 509 2255 583 2289; x_wconf 90' lang='lat' dir='ltr'>quo</span> <span class='ocrx_word' id='word_1_216' title='bbox 611 2250 646 2278; x_wconf 87' lang='lat' dir='ltr'><em>P</em></span> <span class='ocrx_word' id='word_1_217' title='bbox 743 2247 785 2278; x_wconf 80' lang='lat'>12</span> <span class='ocrx_word' id='word_1_218' title='bbox 814 2254 896 2278; x_wconf 80' lang='lat' dir='ltr'>sum</span> <span class='ocrx_word' id='word_1_219' title='bbox 922 2249 950 2276; x_wconf 75' lang='lat' dir='ltr'><strong><em>V</em></strong></span> <span class='ocrx_word' id='word_1_220' title='bbox 1028 2242 1195 2287; x_wconf 83' lang='lat' dir='ltr'>undique</span> <span class='ocrx_word' id='word_1_221' title='bbox 1223 2241 1390 2277; x_wconf 88' lang='lat' dir='ltr'>vicinum</span> <span class='ocrx_word' id='word_1_222' title='bbox 1416 2240 1495 2277; x_wconf 76' lang='lat' dir='ltr'>sch.</span> 
     </span>
     <span class='ocr_line' id='line_1_30' title="bbox 191 2289 1569 2338; baseline -0.001 -11"><span class='ocrx_word' id='word_1_223' title='bbox 191 2302 370 2338; x_wconf 90' lang='lat' dir='ltr'>eumque:</span> <span class='ocrx_word' id='word_1_224' title='bbox 398 2302 558 2336; x_wconf 90' lang='lat' dir='ltr'>cumque</span> <span class='ocrx_word' id='word_1_225' title='bbox 585 2298 621 2326; x_wconf 86' lang='lat' dir='ltr'><strong><em>P</em></strong></span> <span class='ocrx_word' id='word_1_226' title='bbox 718 2295 761 2326; x_wconf 90' lang='grc'>13</span> <span class='ocrx_word' id='word_1_227' title='bbox 788 2292 901 2337; x_wconf 72' lang='grc' dir='ltr'>ΠοΞί-,θ</span> <span class='ocrx_word' id='word_1_228' title='bbox 927 2292 961 2336; x_wconf 84' lang='lat' dir='ltr'>(c</span> <span class='ocrx_word' id='word_1_229' title='bbox 988 2294 1050 2336; x_wconf 81' lang='lat' dir='ltr'>er.)</span> <span class='ocrx_word' id='word_1_230' title='bbox 1082 2297 1134 2334; x_wconf 71' lang='grc' dir='ltr'>,ης</span> <span class='ocrx_word' id='word_1_231' title='bbox 1162 2291 1269 2326; x_wconf 82' lang='lat' dir='ltr'>notte</span> <span class='ocrx_word' id='word_1_232' title='bbox 1295 2296 1321 2324; x_wconf 80' lang='lat' dir='ltr'>s</span> <span class='ocrx_word' id='word_1_233' title='bbox 1417 2293 1460 2324; x_wconf 87' lang='lat'>15</span> <span class='ocrx_word' id='word_1_234' title='bbox 1487 2289 1569 2335; x_wconf 78' lang='lat' dir='ltr'>ipse</span> 
     </span>
     <span class='ocr_line' id='line_1_31' title="bbox 190 2337 1475 2385; baseline -0.003 -9"><span class='ocrx_word' id='word_1_235' title='bbox 190 2341 262 2376; x_wconf 86' lang='lat' dir='ltr'>hoc</span> <span class='ocrx_word' id='word_1_236' title='bbox 292 2347 365 2383; x_wconf 64' lang='lat' dir='ltr'>ved*</span> <span class='ocrx_word' id='word_1_237' title='bbox 461 2343 503 2375; x_wconf 87' lang='grc'>16</span> <span class='ocrx_word' id='word_1_238' title='bbox 531 2342 674 2384; x_wconf 81' lang='lat' dir='ltr'>quanto</span> <span class='ocrx_word' id='word_1_239' title='bbox 702 2347 729 2374; x_wconf 78' lang='lat' dir='ltr'><strong><em>V</em></strong></span> <span class='ocrx_word' id='word_1_240' title='bbox 817 2339 918 2385; x_wconf 86' lang='lat' dir='ltr'>quod</span> <span class='ocrx_word' id='word_1_241' title='bbox 944 2350 1010 2375; x_wconf 82' lang='lat' dir='ltr'>om.</span> <span class='ocrx_word' id='word_1_242' title='bbox 1035 2346 1075 2374; x_wconf 82' lang='lat'>11</span> <span class='ocrx_word' id='word_1_243' title='bbox 1173 2342 1215 2374; x_wconf 78' lang='lat'>17</span> <span class='ocrx_word' id='word_1_244' title='bbox 1242 2337 1429 2374; x_wconf 88' lang='lat' dir='ltr'>iudicium</span> <span class='ocrx_word' id='word_1_245' title='bbox 1456 2346 1475 2380; x_wconf 75' lang='grc' dir='ltr'><strong><em>β</em></strong></span> 
     </span>
     <span class='ocr_line' id='line_1_32' title="bbox 191 2388 513 2425; baseline 0 -2"><span class='ocrx_word' id='word_1_246' title='bbox 191 2388 371 2424; x_wconf 89' lang='lat' dir='ltr'>damnum</span> <span class='ocrx_word' id='word_1_247' title='bbox 397 2401 463 2425; x_wconf 84' lang='lat' dir='ltr'>om.</span> <span class='ocrx_word' id='word_1_248' title='bbox 486 2396 513 2423; x_wconf 71' lang='lat' dir='ltr'>d</span> 
     </span>
    </p>
   </div>
  </div>
 </body>
</html>
