1638 2560
491 105 810 149 DECLAMATIO
837 105 872 142 V
891 108 1021 141 8—11.
1391 103 1448 145 97

73 225 170 277 quia
191 223 293 265 mihi
316 225 426 264 vitae
450 222 632 273 lucisque
657 221 896 261 beneficium
921 220 1043 260 semel
1067 219 1322 270 praestitisti,
1355 218 1451 269 quia

72 286 180 329 hunc
208 284 414 336 spiritum,
445 284 520 323 hoc
553 295 698 334 eorpus
729 295 811 322 non
843 294 891 320 ex
921 281 1177 333 indulgentia
1207 281 1282 318 tua
1312 291 1450 319 rursus

73 342 259 397 accepiP’

163 406 423 457 Iniquissima
448 417 688 457 magnorum
714 402 894 443 condicio
919 403 1157 441 meritorum
1183 403 1255 451 est,
1281 402 1317 440 si
1342 401 1451 451 quic·
1473 399 1526 436 10

38 482 56 509 5
78 467 175 519 quid
204 479 287 506 non
316 466 440 505 fuerit
471 466 690 514 adiectum,
728 464 775 503 de
808 463 1009 515 prioribus
1040 463 1164 513 perit,
1204 462 1244 500 et
1277 462 1452 512 pessimo

75 527 256 579 exemplo
301 526 476 580 gratiam
522 525 751 577 praeteritis
796 525 985 564 auferunt
1034 523 1191 573 reliqua
1241 523 1451 561 cessantia.

75 602 157 632 non
186 587 349 627 redemi.
405 600 486 626 non
515 589 652 626 tamen
683 585 773 624 ideo
804 586 939 624 minus
972 586 1033 623 est
1062 583 1170 634 quod
1201 584 1244 621 in
1274 583 1381 621 hunc
1412 584 1453 621 te

76 650 306 693 divinorum
329 648 677 698 humanorumque
697 647 958 697 conspectum
977 645 1026 684 de
1046 646 1186 683 nostra
1210 644 1453 695 protulimus

77 711 223 750 anima.
283 709 415 749 Maria
439 711 678 758 terrasque,
721 705 998 758 infatigabiles
1036 705 1212 744 siderum
1244 717 1381 743 cursus
1414 705 1455 742 et

23 785 59 812 ιο
77 772 224 812 cuncta
250 782 363 810 sacro
388 770 546 821 fulgore
571 768 748 807 lucentia
774 780 858 817 nos,
891 769 937 805 ut
961 766 1163 816 fruereris,
1195 765 1454 805 ostendimus.

75 831 150 871 has
189 843 289 881 quas
326 830 529 870 subtrahis
566 841 727 879 manus,
765 828 864 867 haec
901 827 1024 866 verba
1063 839 1165 877 quae
1200 827 1367 878 negant,
1406 825 1454 863 de

77 904 167 932 meo
205 891 370 943 spiritu,
407 891 456 930 de
492 890 592 929 meis
629 888 849 928 visceribus
885 888 1070 927 hausisti.
1133 887 1266 939 gaude
1306 886 1456 936 potius,

79 952 215 993 exulta
247 952 354 1002 quod
384 951 460 991 tibi
491 951 619 1002 patris
652 950 848 1000 asperitas
886 950 1067 999 praestat
1097 948 1194 987 boni
1224 947 1300 986 filii
1330 948 1455 986 iacta-

76 1014 240 1053 tionem.
303 1013 412 1052 solus
442 1011 567 1050 habet
598 1010 705 1062 quod
737 1011 912 1060 imputet
949 1008 1059 1060 patri
1090 1010 1163 1059 qui
1194 1009 1380 1059 queritur
1416 1009 1456 1046 et

24 1087 59 1115 15
78 1075 222 1125 pascit.
283 1086 408 1124 quam
450 1073 598 1121 multa,
641 1071 811 1119 iudices,
854 1070 949 1109 huic
994 1070 1179 1119 querelae
1216 1068 1456 1119 respondere

78 1135 280 1186 poteram,
314 1135 481 1184 propter
512 1146 635 1183 quam
664 1131 795 1170 filium
826 1131 939 1170 salva
970 1131 1124 1181 pietate
1155 1143 1236 1169 non
1266 1129 1456 1168 redemis-

79 1193 192 1235 sem‘s>
253 1195 343 1245 quis
380 1207 460 1233 non
498 1194 698 1244 acciperet
735 1191 1048 1241 exeusationem,
1087 1191 1122 1230 si
1154 1190 1346 1229 dicerem:
1383 1191 1456 1228 im-

78 1255 209 1307 pediit
259 1255 443 1306 quamvis
491 1254 777 1304 properantem
828 1253 1028 1301 senectus,
1072 1251 1229 1302 inopia,
1273 1251 1455 1302 languor.

79 1316 258 1367 pretium
288 1328 369 1355 non
400 1317 485 1354 tam
516 1315 757 1354 festinanter
787 1313 934 1353 inveni.
997 1312 1197 1362 explicare
1229 1324 1310 1350 non
1341 1311 1459 1361 potui

25 1391 62 1418 20
81 1377 384 1428 navigationem
438 1375 651 1415 iuvenibus
703 1387 861 1424 quoque
917 1372 1190 1422 fratribusque
1241 1371 1456 1410 difficilem.

81 1438 191 1477 solus
223 1450 270 1476 ac
300 1449 419 1476 senex
449 1450 531 1476 non
561 1437 634 1475 illa
667 1448 747 1486 qua
785 1446 1059 1485 speraveram,
1097 1433 1367 1483 prosperitate
1399 1432 1459 1470 di-

81 1498 178 1537 rexi.
241 1510 314 1548 per
351 1510 450 1548 quos
488 1499 637 1546 metus,
674 1508 747 1546 per
785 1507 887 1545 quae
926 1493 1264 1545 peregrinationis
1305 1494 1459 1531 incerta

82 1555 323 1610 properavi.'
375 1570 547 1606 remove,
572 1557 743 1605 iuvenis,
769 1555 1109 1607 indignationem:
1141 1554 1243 1592 nihil
1267 1554 1359 1604 plus
1385 1565 1458 1604 pro

84 1618 168 1658 filio
206 1619 360 1662 factum
397 1620 457 1657 est
490 1631 609 1668 quem
645 1618 787 1667 recepi.
850 1629 931 1654 non
968 1615 1176 1654 fortunam
1214 1614 1291 1653 tibi
1324 1613 1459 1662 debeo,

28 1693 66 1721 ‚2⁵
86 1679 156 1719 sed
193 1679 397 1728 affectum,
438 1691 518 1717 non
556 1679 724 1727 exitum,
763 1676 832 1716 sed
852 1672 1131 1715 'voluntatem
1194 1688 1267 1725 pro
1305 1675 1459 1714 duobus

84 1741 218 1791 pretia
249 1739 447 1788 contraxi,
479 1751 552 1789 pro
585 1738 741 1777 duobus
772 1738 901 1776 maria
934 1736 1163 1785 conscendi,
1198 1748 1271 1786 pro
1304 1735 1459 1774 duobus

84 1814 216 1853 genua
246 1800 370 1839 tenui.
432 1812 543 1851 rogo,
574 1802 666 1838 uter
697 1799 826 1850 magis
859 1799 1074 1846 amaretur,
1106 1797 1141 1835 si
1171 1796 1271 1835 mihi
1302 1797 1459 1846 piratae

85 1861 185 1900 duos
216 1858 510 1900 reddidissent?

175 1921 263 1974 Age
293 1923 339 1960 tu
370 1933 487 1970 nunc,
519 1919 686 1969 iuvenis,
719 1920 770 1959 ad
802 1918 1028 1958 faciendam
1053 1918 1214 1968 inopiae
1244 1917 1374 1968 patris
1399 1917 1460 1954 in-
1482 1915 1532 1951 ll

29 1995 68 2022 ³0
85 1981 255 2031 vidiam,
293 1983 327 2021 si
358 1981 535 2031 videtur,
574 1981 769 2020 exclama:
810 1977 974 2018 ‘famem
1012 1978 1214 2028 obtendis,
1253 1978 1305 2016 ad
1337 1990 1459 2028 quam

184 2126 202 2157 1
237 2121 353 2157 semel
379 2133 447 2157 om.
476 2127 541 2155 VM
564 2121 677 2166 (supr.
698 2120 753 2165 m)
854 2123 873 2154 5
906 2117 1022 2154 fuerit
1042 2122 1190 2164 praeter
1215 2117 1331 2152 f—et
1354 2128 1402 2152 er.
1425 2123 1461 2151 B

82 2174 120 2207 et
144 2171 317 2206 lacunam
341 2171 491 2215 reliquit
582 2169 697 2215 periit
723 2174 767 2203 Μ
861 2171 880 2202 7
907 2167 1052 2202 redemi
1077 2178 1124 2202 er.
1146 2172 1183 2201 Β
1279 2169 1300 2200 8
1326 2165 1459 2200 huma-

86 2229 295 2264 narumque
321 2225 366 2259 Β,
392 2229 484 2254 corr.
506 2225 529 2252 ⁶
639 2217 686 2252 de
711 2217 841 2252 nostra
867 2227 914 2252 er.
935 2222 973 2253 B
1089 2218 1133 2250 13
1158 2215 1331 2260 praestat
1357 2225 1404 2249 er.
1426 2219 1463 2247 Β

89 2270 133 2303 16
160 2278 291 2312 quam:
320 2278 416 2312 quae
438 2275 465 2301 d
536 2270 580 2301 18
607 2266 889 2312 properantem:
916 2263 1210 2310 prosperitatem
1228 2269 1262 2298 J
1331 2266 1374 2297 21
1405 2261 1461 2295 di—

85 2315 183 2351 rexi:
216 2315 375 2350 dixerim
399 2321 438 2350 Β
546 2318 590 2350 25
616 2312 961 2360 pro—conscendi
987 2324 1054 2348 om.
1075 2318 1127 2355 B,
1163 2311 1253 2347 addq
1277 2311 1319 2346 in
1344 2321 1459 2356 mary.

85 2365 274 2409 superiore
299 2370 322 2398 ὁ
421 2366 465 2399 29
493 2374 565 2409 age
590 2364 649 2398 tu:
677 2373 789 2408 agere
815 2368 866 2406 Β,
893 2373 985 2398 corr.
1006 2367 1047 2404 ος
1083 2361 1195 2406 ageto
1222 2368 1250 2394 α’
1342 2369 1459 2393 nunc:

86 2423 164 2448 non
190 2421 209 2455 β

161 2479 375 2512 Qvntmum
394 2484 666 2505 nncnmanons
688 2477 733 2504 ed.
754 2477 779 2503 L
787 2484 802 2503 e
810 2478 832 2503 h
839 2485 859 2502 n
867 2484 882 2503 e
891 2478 933 2503 rt.
1221 2471 1240 2502 ’7
