1638 2560
655 101 948 139 PRAEFATIO.
1427 100 1499 138 VII

109 220 265 273 primus
291 219 464 260 confecit
489 219 702 269 quiniones
729 219 860 268 1—4‚
882 218 922 267 6,
943 219 983 267 9,
1004 218 1072 267 12,
1095 218 1163 267 13,
1191 217 1295 256 alter
1320 218 1343 255 5
1366 218 1407 255 et
1429 218 1498 265 10,

109 280 255 322 tertius
290 281 328 331 7,
355 281 395 330 8,
424 281 490 318 11.
548 291 649 330 quos
688 278 828 318 eodem
864 280 1047 329 tempore
1085 277 1294 317 scribendo
1332 289 1498 316 vacasse

107 342 204 382 'inde
230 342 402 392 apparet
427 339 546 391 quod,
573 352 665 378 cum
690 340 734 378 in
758 339 838 379 fine
863 339 1104 390 quinionum
1132 339 1155 376 6
1179 341 1219 377 et
1246 339 1300 378 11
1331 333 1419 391 (fol.
1441 338 1497 376 54

109 405 154 443 et
188 396 294 457 104)
325 401 485 440 librarii
522 413 626 451 quae
665 401 721 439 eis
760 398 917 439 tributa
950 401 1083 449 erant,
1125 399 1334 439 absolvere
1366 400 1498 449 spatio

110 464 320 515 assignato
344 475 427 501 non
451 463 629 512 possent,
660 461 851 501 librarius
882 461 926 499 in
951 459 1089 499 infimo
1115 461 1299 512 margine
1323 459 1416 498 folii
1443 459 1498 498 54

113 524 331 574 adscripsit
356 535 460 573 quae
487 521 664 573 spatium
690 522 949 572 superabant,
974 523 1067 571 post
1088 521 1233 560 folium
1257 521 1342 559 104
1363 521 1500 559 autem

34 588 39 595 ’
113 585 196 624 alia
238 583 435 634 quaedam
478 595 621 622 manus
662 582 812 622 litteris
856 581 1024 621 rudibus
1066 584 1106 621 et
1137 582 1356 632 incomptis
1397 592 1500 630 quae

112 645 290 695 deerant,
309 657 414 684 novo
427 644 527 683 folio
540 644 780 693 interposito
795 643 1012 694 supplevit.
1058 641 1209 681 Contra
1229 654 1302 681 nec
1321 641 1420 680 folio
1443 641 1499 679 64

112 718 187 745 nec
230 700 360 760 1041)
403 705 544 743 charta
586 717 728 743 aversa
775 703 977 754 completa
1021 705 1082 743 est
1122 716 1172 742 ne
1213 715 1294 741 uno
1338 702 1502 752 quidem

113 766 236 805 verbo
273 766 516 805 intermisso.
572 764 664 803 finis
703 765 871 815 quintae
904 765 946 803 et
982 777 1130 811 nonae,
1168 764 1331 802 initium
1365 764 1500 802 sextae

113 826 422 867 declamationis
442 826 563 864 rubro
585 825 716 864 colore
735 825 906 876 largiter
920 825 1085 864 inducto
1105 824 1333 863 uncialibus
1352 824 1502 863 litteris

114 889 228 939 picta
247 888 351 926 sunt.
408 886 500 925 folii
520 887 576 924 22
605 886 738 925 aversi
755 898 850 936 pars
876 886 1009 924 maior
1032 886 1232 935 rescripta
1252 887 1324 924 est.
1381 884 1503 922 initia

113 948 457 988 declamationum
486 946 602 996 XIV,
636 946 751 996 XVI,
786 946 922 996 XVII,
957 946 1114 995 XVIII,
1145 946 1259 996 XIX,
1290 945 1312 984 I
1346 945 1503 992 desunt,

113 1022 207 1048 cum
236 1007 466 1047 rubricator
495 1019 661 1046 munere
693 1019 765 1046 suo
797 1019 878 1046 non
910 1008 1073 1046 functus
1106 1006 1171 1046 sit.

211 1068 421 1109 Corrector
452 1068 631 1108 eiusdem
657 1068 804 1107 aetatis
831 1061 901 1122 (b)
934 1067 1112 1107 codicem
1138 1066 1379 1116 emendavit,
1411 1078 1504 1104 raro

115 1143 220 1181 quae
265 1130 416 1180 scripta
459 1130 690 1178 invenerat,
729 1129 864 1168 erasit.
929 1129 1000 1178 qui
1040 1128 1260 1179 diligenter
1303 1128 1344 1166 et
1388 1128 1504 1165 caute

115 1190 366 1242 provinciam
401 1203 516 1229 suam
542 1189 845 1228 administravit
875 1189 987 1227 nullo
1014 1190 1152 1227 tamen
1185 1189 1266 1227 alio
1298 1187 1403 1226 libro
1436 1187 1505 1225 ad-

115 1251 260 1291 hibito,
315 1251 554 1302 plerumque
594 1263 660 1290 eos
698 1251 862 1289 tantum
898 1250 1007 1289 locos
1044 1250 1222 1288 mutavit
1259 1249 1331 1299 qui
1362 1248 1505 1287 leviter

116 1314 190 1351 aut
215 1312 397 1362 corrupti
418 1313 535 1350 erant
560 1312 633 1350 aut
652 1311 833 1361 corrupti
853 1323 939 1349 esse
963 1311 1045 1360 ipsi
1071 1309 1331 1359 videbantur,
1359 1308 1506 1347 menda

119 1374 309 1426 graviora
327 1372 568 1423 plerumque
593 1373 751 1410 intacta
769 1371 947 1421 reliquit.
997 1371 1185 1410 librarios
1205 1370 1315 1420 ipsos
1341 1368 1506 1408 minime

116 1433 241 1473 fuisse
272 1433 454 1472 homines
487 1432 636 1481 doctos,
670 1434 711 1471 et
742 1432 905 1484 linguae
937 1431 1090 1471 latinae
1123 1444 1239 1470 usum
1272 1431 1328 1470 eis
1360 1443 1506 1480 parum

117 1495 241 1534 fuisse
286 1493 533 1532 familiarem
582 1493 702 1532 facile
748 1505 794 1531 ex
838 1492 1013 1542 peccatis
1058 1505 1198 1531 eorum
1242 1491 1495 1542 intellegitur

119 1567 215 1594 nam
247 1567 338 1594 cum
370 1554 575 1604 exemplar
602 1553 707 1592 unde
736 1553 1047 1604 Bambergensis
1079 1552 1275 1602 manavit,
1306 1551 1507 1601 scriptura

119 1616 313 1654 continua
344 1616 554 1654 exaratum
586 1615 708 1663 esset,
749 1610 982 1664 saepissime
1014 1613 1138 1652 verba
1168 1613 1273 1652 falso
1311 1614 1384 1651 aut
1416 1624 1507 1650 con-

117 1677 260 1715 iuncta
298 1677 370 1714 aut
403 1675 597 1714 distincta
635 1676 737 1714 sunt.
803 1675 826 1713 b
853 1676 894 1713 et
919 1687 941 1712 v
974 1674 1017 1713 in
1048 1673 1403 1712 terminationibus
1438 1673 1510 1710 -bit

119 1739 162 1775 et
186 1738 259 1775 -vit
284 1736 519 1786 saepissime
544 1736 856 1784 commutantur,
888 1735 988 1774 item
1014 1736 1058 1773 in
1083 1734 1250 1774 vocibus
1277 1734 1505 1781 beneficium

121 1799 164 1836 et
203 1797 446 1844 veneficium.
513 1797 537 1834 h
569 1796 710 1835 littera
749 1797 1028 1835 inconstanter
1068 1798 1140 1834 aut
1181 1794 1398 1833 adhibetur
1438 1795 1509 1832 aut

121 1851 400 1910 neglegitur.²)
456 1856 522 1896 vel
552 1856 646 1895 inde
677 1856 873 1907 probatur
904 1856 1092 1895 librarios
1126 1856 1251 1894 fuisse
1283 1855 1412 1894 Italos
1445 1853 1508 1892 vel

120 1916 273 1968 Gallos,
300 1917 408 1968 quod
433 1919 481 1955 ut
506 1916 724 1967 adfirmem,
751 1917 832 1956 alia
857 1929 987 1967 pauca
1008 1917 1265 1968 adspergam:
1298 1929 1336 1966 p.
1361 1916 1429 1963 71,
1454 1915 1508 1952 24

123 1980 378 2023 consiemiae,
423 1979 492 2027 73,
520 1978 574 2016 26
615 1979 843 2027 contationi,
889 1978 956 2026 74,
986 1979 1006 2015 1
1049 1977 1344 2025 contraditioni,
1386 1975 1456 2023 48,
1484 1974 1508 2012 8

121 2040 392 2083 santissimas,
430 2039 499 2088 69,
528 2039 582 2077 25
624 2039 822 2077 mstintus.
881 2050 1054 2088 quocum
1096 2039 1136 2076 et
1178 2038 1270 2087 ipsa
1310 2034 1511 2075 scribendi

124 2099 268 2138 ductus
300 2099 488 2138 convenit
520 2111 640 2148 quem
672 2098 906 2149 inspicienti
943 2099 1079 2148 opinio
1115 2098 1294 2137 exoritur
1324 2097 1510 2135 librarios

122 2159 248 2199 fuisse
262 2158 411 2199 Gallos.
459 2161 580 2209 atque
595 2160 851 2198 notissimum
865 2161 925 2198 est
938 2160 1225 2208 imperatorem
1239 2158 1459 2196 Hem-icum
1470 2155 1511 2193 Π

225 2301 259 2345 1)
285 2298 350 2334 fol.
373 2302 443 2334 104
472 2299 537 2346 1¹J,
568 2297 746 2334 columna
770 2298 910 2333 litteris
936 2299 1084 2333 vacant.

224 2350 260 2392 2)
285 2346 429 2394 legitur
460 2358 490 2383 e.
519 2359 553 2393 g.
587 2347 763 2390 ereditas,
796 2358 894 2390 omo,
927 2358 968 2382 oc
1000 2351 1082 2382 trao
1118 2345 1184 2382 sed
1218 2347 1349 2380 contra
1381 2345 1513 2387 honus,

124 2395 328 2439 hosculum,
353 2396 482 2432 hortus
506 2396 604 2432 solis.
