1638 2560
495 66 815 105 DECLAMATIO
841 66 946 104 XVII
966 69 1119 103 16-.18.
1414 66 1502 110 317

117 184 221 235 dicit
255 183 332 223 hoc
370 184 590 234 accusator,
628 181 729 222 dicit
765 182 841 221 hoc
872 181 1022 231 victus,
1060 181 1161 221 dicit
1195 182 1365 232 secreto,
1404 181 1505 221 dicit
1538 228 1542 232 ,

117 245 189 297 sic,
219 245 270 284 ut
299 244 430 295 possit
459 255 620 296 negare,
652 244 688 282 si
717 242 867 283 bibero.
920 238 1055 281 ‘bibe'
1083 260 1086 261 ⁷
1108 255 1183 294 ego
1210 242 1374 293 quidem
1398 242 1507 292 volo,

118 307 160 346 et
189 305 267 344 hoc
297 317 388 344 011111
416 305 590 343 maxime
616 316 729 355 paro,
760 303 831 343 sed
855 305 989 342 totum
1014 303 1122 342 hunc
1147 304 1340 353 animum,
1371 316 1504 352 seneX,

116 368 193 405 tua
229 365 427 406 aviditate
465 365 645 404 mutasti.
710 361 844 404 ‘bibe’
908 364 1007 415 quid
1044 365 1173 403 restat
1204 376 1328 414 quam
1365 365 1413 402 ut
1441 376 1503 404 re-

75 440 100 467 1)
118 427 299 469 011811111ῑί8
337 438 407 465 ora
446 423 642 464 diducas?
678 426 725 464 ut
762 425 953 465 infundas
983 438 1057 476 per
1091 426 1298 475 oppositas
1329 423 1503 464 manus?

118 487 221 527 mihi
250 499 346 526 vero
385 488 482 525 tunc
520 485 670 525 excidit
708 485 806 536 quid
842 485 983 536 velim,
1021 485 1120 535 quid
1157 498 1354 536 pararem.
1410 485 1506 525 ⁸vidi
1524 485 1576 522 18

118 550 251 588 truces
282 547 484 598 loquentis
518 546 666 597 oculos,
700 547 837 586 vultus
869 546 1106 598 parricidali
1137 546 1281 586 ardore
1313 545 1503 586 suffusos:

118 608 252 648 iuberi
280 607 383 648 mihi
412 607 591 657 videbar,
624 609 672 646 ut
702 607 882 647 biberem
912 609 1029 646 tuum
1060 619 1271 647 venenum.
1327 607 1505 656 nescisti,

119 670 249 720 pater,
279 668 548 720 pertinaciam
577 681 710 707 meam
741 680 913 718 servare,
945 669 1120 707 nescisti.
1177 667 1307 706 filium
1339 669 1505 719 propter

66 736 102 771 10
119 731 160 769 te
191 730 296 769 mori
326 729 530 768 volentem
561 728 872 780 deprehendisti.
936 729 997 768 vis
1030 727 1238 768 occidere?
1287 730 1391 767 veta.
1442 729 1504 767 in-

119 790 222 830 vade
259 791 468 841 poculum,
507 803 557 828 ne
596 790 800 840 hauriam,
838 789 986 828 bibam.
1051 789 1252 829 exclama:
1285 785 1510 839 ‘temerari,.

121 850 220 902 quid
250 851 352 890 facis
361 847 395 889 ‘?’
459 850 542 890 iam
574 849 712 890 desino
744 850 883 900 irasci,
914 851 998 889 iam
1028 851 1210 889 revertor
1241 851 1284 888 in
1317 850 1504 902 gratiam.

119 910 365 963 properabo,
395 913 445 950 ut
474 911 550 950 hoc
581 923 715 950 secum
747 923 863 950 aures
894 911 1048 961 ferant,
1079 912 1127 949 ut
1156 911 1402 961 inpatientia
1432 912 1506 950 tua

121 973 314 1012 fruantur
344 971 463 1011 oculi.
513 971 591 1010 tibi
622 973 784 1022 inputes
818 971 930 1022 quod.
955 985 1019 1011 me
1051 971 1263 1021 retorsisti,
1296 971 1404 1022 quod
1435 970 1503 1010 ab·

67 1046 102 1074 15
121 1033 208 1073 lata
233 1033 329 1074 sunt
353 1034 605 1072 sacramenta
630 1031 835 1084 pereundi.
881 1032 1090 1072 innocenti
1113 1032 1276 1071 facilius
1302 1035 1364 1071 est
1387 1033 1504 1081 mori,

122 1093 158 1134 si
187 1095 364 1146 rogetur,
401 1094 451 1132 ut
480 1093 605 1132 vivat.
667 1093 788 1132 fidem
820 1093 1005 1143 deorum,
1038 1094 1083 1131 in
1115 1105 1237 1143 quam
1268 1106 1332 1131 me
1365 1095 1504 1132 contu-

122 1155 313 1204 maciam,
351 1155 480 1205 pater,
517 1155 561 1192 in
593 1167 712 1204 quem
743 1156 840 1193 tunc
870 1153 1057 1204 inpulisti
1088 1154 1356 1193 contentionis
1390 1153 1505 1192 ardo-

122 1228 219 1265 rem,
238 1227 329 1254 cum
355 1214 523 1254 diceres:
552 1210 693 1253 ‘bibes’
743 1227 817 1254 nec
841 1216 977 1254 vivere
1002 1214 1104 1253 mihi
1134 1214 1257 1253 libuit
1287 1227 1360 1253 nec
1386 1215 1501 1253 mori.

124 1277 284 1326 ereptus
317 1288 405 1315 sum
436 1277 559 1314 miser
590 1276 725 1314 animo
750 1288 839 1314 meo
874 1277 915 1314 et
938 1275 1146 1326 inprovisa
1171 1287 1267 1314 voce
1292 1287 1505 1325 percussus

69 1350 105 1377 20
125 1337 221 1376 steti
258 1336 343 1376 sine
381 1335 561 1385 adfectu,
599 1337 685 1375 sine
723 1336 998 1388 negotiatione
1036 1335 1253 1385 attonitus,
1291 1348 1427 1374 amens
1466 1337 1513 1377 et.

123 1410 187 1436 me
224 1402 352 1448 paene
390 1397 509 1435 aliter
547 1396 685 1436 occidi.
747 1396 850 1435 nihil
889 1398 949 1435 est
986 1397 1166 1447 profecto
1208 1396 1506 1447 inprovisorum

123 1456 261 1497 dolore
291 1457 530 1506 torrentius,
568 1459 609 1495 et
638 1458 792 1496 fractae
823 1457 1024 1496 malorum
1062 1457 1318 1496 contentione
1349 1458 1505 1496 mentes

124 1517 176 1557 ad
206 1517 482 1568 inexspectata
514 1517 704 1569 caligant.
767 1530 849 1556 non
881 1518 1064 1567 querelas
1097 1518 1191 1568 post
1221 1517 1296 1557 hoc
1326 1518 1502 1567 invenio,

124 1591 205 1617 non
235 1578 371 1627 verba,
402 1591 482 1617 non
512 1578 713 1618 lacrimas.
776 1578 829 1617 ad
858 1578 1010 1618 nullius
1041 1578 1101 1617 rei
1133 1580 1323 1631 conatum
1355 1577 1507 1618 sufficit

71 1653 106 1678 25
124 1639 229 1678 mori
260 1639 427 1678 alterius
460 1640 593 1678 animo
626 1640 668 1678 et
698 1651 769 1678 suo
802 1651 966 1678 veneno.

224 1770 242 1802 1
270 1765 367 1802 dicit
381 1787 425 1792 —
440 1767 638 1802 accusator
663 1766 731 1802 del.
753 1766 836 1803 Obr.
912 1770 932 1801 2
960 1765 1144 1814 negarsssse
1161 1773 1199 1801 Β
1270 1778 1303 1803 Sl
1320 1743 1434 1803 lerem
1453 1772 1506 1811 Β;

126 1819 147 1849 3
175 1826 261 1850 011111
286 1826 354 1851 om.
376 1820 420 1849 M
514 1818 535 1849 4
562 1814 717 1850 nudasti
743 1821 794 1859 M,
819 1814 879 1850 vel
903 1815 1063 1850 mutasti
1087 1829 1130 1850 m
1253 1815 1338 1862 quis
1364 1821 1444 1850 ΒΜ

119 1867 207 1910 post
231 1865 353 1899 restat
377 1863 463 1899 add.
491 1862 597 1898 locus
624 1869 679 1907 M3
707 1862 813 1899 aliud
839 1871 909 1906 βγσ
996 1867 1016 1899 5
1044 1863 1211 1899 deducas
1238 1870 1299 1906 Μβ
1391 1867 1412 1899 6
1439 1875 1507 1910 pa-

125 1911 243 1948 rarim
263 1921 285 1946 ς
384 1914 428 1947 10
454 1913 542 1947 veta
556 1932 600 1938 —
615 1912 799 1958 syllabam
818 1913 856 1947 te
880 1913 979 1948 vocis
997 1912 1198 1948 temerarie
1217 1913 1239 1948 l.
1262 1916 1307 1948 11
1334 1923 1403 1961 om,
1424 1918 1462 1947 Β

127 1961 231 1996 vetat
255 1967 296 2005 νς
322 1971 416 1996 vaca
443 1966 486 1994 M
601 1964 643 1995 11
671 1971 735 1996 ne:
767 1961 856 1996 tene
880 1967 909 1995 V
1015 1960 1194 1996 temerari
1225 1967 1264 1996 V:
1291 1960 1429 1996 merari
1455 1967 1507 2005 Β;

126 2032 265 2068 mirare
298 2039 354 2077 M;
380 2034 419 2068 te
444 2031 575 2068 mirari
608 2041 628 2075 β
750 2036 793 2068 12
826 2032 947 2068 facias
973 2039 1010 2067 Β
1138 2037 1182 2068 13
1208 2021 1442 2080 prosperabo
1469 2039 1512 2068 M

127 2083 159 2125 (s
184 2093 286 2128 supr.
306 2082 362 2127 m)
448 2082 493 2116 ut
517 2080 604 2116 hoc:
631 2091 718 2117 vero
744 2081 780 2118 h.
808 2090 828 2124 β
903 2080 1028 2117 ferent
1047 2087 1097 2125 M,
1123 2093 1215 2118 corr.
1236 2096 1279 2116 m
1366 2086 1411 2117 14
1437 2082 1507 2117 im-

126 2131 236 2175 potes
262 2136 289 2164 V
394 2129 539 2165 torsisti
564 2135 602 2164 Β
690 2130 918 2176 qued-quod
942 2136 980 2165 Β
1090 2133 1134 2166 15
1160 2130 1356 2166 innocenti
1380 2142 1425 2166 ex
1450 2129 1508 2165 -di

128 2183 172 2212 M
266 2179 324 2213 est
349 2189 417 2214 om.
442 2184 491 2222 M,
517 2189 619 2224 supr.
639 2191 682 2212 m
787 2181 831 2213 18
857 2189 904 2213 ne
930 2179 1031 2223 (ante
1055 2177 1194 2224 vivere)
1221 2185 1271 2223 M,
1298 2190 1318 2214 c
1342 2191 1445 2225 supr.
1466 2193 1508 2213 m

130 2229 174 2261 19
200 2237 284 2262 11100
305 2237 372 2263 om.
394 2233 438 2270 P,
464 2238 566 2272 supr.
585 2241 614 2267 1²
711 2229 757 2262 20
783 2226 864 2262 sine
890 2237 937 2262 ne
967 2226 1153 2263 otiatione
1178 2239 1223 2263 ex
1249 2238 1336 2263 sene
1362 2239 1398 2262 n.
1425 2233 1463 2262 Β

127 2274 332 2321 negatione
359 2282 381 2309 ς’
467 2279 510 2310 21
538 2285 614 2309 me:
641 2285 689 2310 ne
716 2281 745 2309 V
822 2279 867 2311 22
895 2275 943 2311 110
961 2286 1004 2312 or
1029 2276 1068 2311 et
1092 2275 1308 2311 hortentius
1333 2281 1414 2319 Β1’;
1443 2275 1508 2310 110-

128 2322 207 2406 {oze
230 2323 448 2406 lffgenffius
475 2329 525 2368 M,
551 2322 611 2359 vel
635 2323 696 2360 tor
718 2335 820 2370 supr.
841 2338 883 2359 m
999 2323 1139 2360 mentis
1165 2332 1185 2366 β
1301 2328 1346 2359 23
1375 2334 1509 2368 expec-

148 2381 170 2406 a
189 2381 212 2406 a
