1638 2560
583 114 588 159 j
622 111 688 148 PR
702 111 929 148 AEFATIO.
1428 111 1483 148 XI

90 229 270 271 usitatis.
323 227 487 267 litterae
518 227 697 267 initiales
730 228 771 266 et
801 227 924 266 rubro
957 229 999 266 et
1028 227 1151 265 viridi
1182 226 1316 265 colore
1347 226 1482 277 pictae

91 291 200 332 sunt.
249 301 355 340 quae
378 288 462 327 iam
487 290 723 339 sequuntur,
748 287 824 327 hoc
854 288 943 327 loco
969 300 1203 327 enumerare
1228 286 1482 337 supersedeo,

91 363 187 391 cum
217 363 267 390 ea
295 351 439 401 postea
476 349 638 388 demum
675 361 767 387 cum
797 347 1241 394 Pseudo-Quintiliano
1279 361 1407 386 unum
1437 346 1482 385 in

91 412 282 452 volumen
318 410 535 450 coniuncta
571 403 704 462 sint.¹)
767 409 1083 448 declamationes
1119 421 1264 448 manus
1302 407 1479 447 eiusdem

90 473 241 512 astaus
281 472 467 510 correxit.
523 470 737 520 quinquies
778 469 843 509 vel
875 470 1002 509 sexies
1043 470 1203 509 saeculo
1234 468 1311 507 XV
1341 469 1481 508 variae

90 533 286 573 lectiones
317 531 481 571 additae
513 534 618 570 sunt.

185 592 417 632 Seldensem
443 594 580 631 autem
605 605 654 630 ex
679 591 880 631 Vossiano
912 604 1035 642 quam
1062 591 1362 632 accuratissime
1394 601 1480 628 esse

91 653 343 705 descriptum
360 654 501 693 multis
515 654 718 692 evincitur
730 653 990 704 argumentis.
1028 664 1061 690 e.
1076 666 1113 704 g.
1128 651 1371 691 declamatio
1384 649 1480 688 XIX

89 714 244 754 eisdem
282 713 416 754 verbis
457 713 607 752 desinit
643 715 765 764 atque
803 714 847 751 in
880 713 1090 752 Vossiano.
1148 725 1239 751 cum
1279 711 1480 751 declama-

91 777 203 815 tione
232 774 294 814 IV
323 774 442 814 finita
480 773 739 813 membranae
776 786 871 823 pars
902 773 1043 813 infima
1079 775 1247 823 propter
1285 772 1481 811 materiae

91 835 295 876 maculam
324 836 369 874 in
394 834 594 874 Vossiano
619 835 769 874 litteris
795 847 876 873 non
909 834 1070 885 expleta
1102 835 1168 884 sit,
1199 835 1300 873 item
1324 835 1368 872 in
1395 831 1479 870 Sel·

92 897 208 936 densi
237 896 397 946 reliqua
433 896 610 946 paginae
650 909 744 946 pars
777 908 905 933 vacua
944 897 1016 934 est.
1073 895 1240 934 titulum
1279 894 1481 934 declama·

90 957 217 998 tionis
240 956 302 995 VI
324 956 492 1008 praebet
516 958 687 1006 uterque
712 955 835 995 codex
860 956 936 995 hac
956 956 1112 1001 forma:
1137 957 1226 1005 ipsa
1255 959 1311 994 est
1333 965 1482 994 manus

92 1030 134 1057 cc
185 1028 193 1035 ”
303 1029 355 1056 ce.
411 1018 518 1056 inter
549 1019 834 1069 argumentum
871 1016 1177 1056 declamationis
1209 1016 1291 1055 VH
1322 1018 1364 1055 et
1394 1018 1480 1054 tex-

88 1080 180 1118 tum
204 1079 375 1129 uterque
395 1077 552 1116 addidit
571 1089 682 1127 opus.
733 1077 929 1116 accedunt
950 1077 1113 1116 eaedem
1131 1077 1313 1126 lacunae,
1339 1076 1481 1115 eadem

90 1138 205 1178 vitia.
279 1138 518 1189 plerumque
568 1151 672 1189 quae
717 1137 918 1177 Seldensis
968 1138 1134 1189 propria
1183 1140 1350 1188 peccata
1395 1149 1479 1176 esse

88 1199 281 1239 videntur
322 1199 515 1239 facillime
561 1212 607 1238 ex
648 1198 887 1238 lectionibus
929 1198 1120 1238 Vossiani
1162 1211 1376 1250 perperam
1419 1199 1480 1237 in-

90 1259 266 1300 tellectis
298 1260 561 1310 explicantur.

182 1321 273 1360 Iam
308 1323 563 1360 transeamus
604 1321 656 1360 ad
698 1321 1185 1372 Montepessulanum
1225 1320 1267 1359 H
1304 1321 1389 1359 226
1433 1334 1481 1359 ex

90 1381 339 1421 bibliotheca
370 1381 529 1421 scholae
561 1381 739 1420 medicae
766 1376 853 1435 (M)
863 1376 899 1433 ²)
925 1382 1077 1420 saeculi
1107 1381 1324 1434 XIIJXHI,
1355 1394 1478 1420 mem·

90 1442 346 1491 branaceum,
378 1443 532 1481 formae
559 1442 854 1493 quaternariae,
881 1442 1072 1481 foliorum
1100 1443 1168 1490 90,
1195 1454 1384 1481 versuum
1410 1443 1480 1482 35.

91 1502 249 1554 primae
285 1503 628 1542 declamationum
664 1503 826 1542 litterae
858 1503 991 1542 colore
1029 1503 1213 1542 caeruleo
1255 1505 1328 1542 aut
1357 1503 1480 1542 rubro

92 1565 228 1614 pictae
258 1565 364 1603 sunt.
421 1563 599 1603 codicem
631 1563 682 1602 ab
714 1576 798 1602 una
828 1576 953 1603 manu
984 1565 1183 1615 scriptum
1214 1564 1344 1603 altera
1376 1564 1480 1602 eius-

93 1623 184 1663 dem
216 1625 365 1664 aetatis
390 1625 574 1674 correxit,
607 1637 711 1674 quae
740 1624 889 1664 menda
912 1624 1072 1663 librarii
1103 1627 1290 1664 accurate
1323 1637 1481 1664 emacu-

93 1685 214 1733 lavit,
254 1697 329 1736 pro
367 1684 579 1735 scripturis
616 1697 638 1724 e
678 1698 860 1725 sermone
898 1685 1060 1737 vulgari
1101 1685 1349 1736 depromptis
1382 1698 1414 1724 e.
1442 1699 1479 1736 g.

92 1745 247 1794 inquid,
271 1746 571 1791 calamitatium,
596 1757 749 1785 sonnus
767 1745 833 1795 (=
852 1744 1048 1796 somnus),
1074 1746 1255 1785 damnum
1281 1745 1347 1795 (=
1367 1746 1479 1785 dam-

90 1806 222 1855 num),
255 1807 485 1851 ammirari,
515 1807 624 1854 facta
655 1805 723 1855 (=
747 1806 854 1856 fata)
887 1807 1083 1859 genuinas
1114 1807 1314 1855 restituit,
1356 1820 1480 1845 enun-

91 1865 198 1906 tiata
229 1866 432 1916 distinxit,
465 1866 599 1912 varias
632 1867 807 1906 aliorum
845 1867 1042 1906 libromm
1076 1867 1287 1916 lectiones,
1326 1869 1480 1906 coniec-

91 1929 225 1977 turas,
257 1927 545 1978 explicationes
585 1928 628 1966 in
666 1928 850 1980 margine
887 1928 1046 1967 adiecit.
1102 1928 1480 1979 Montepessulanus

92 1990 187 2039 post
211 1988 549 2027 declamationem
572 1988 638 2026 HI
667 1988 834 2038 praebet
867 1990 1165 2028 accusationem
1190 1989 1334 2028 militis
1366 1989 1481 2027 illam

94 2061 217 2099 quam
256 2048 420 2101 ignotus
462 2049 627 2099 quidam
668 2052 810 2088 auctor
850 2049 982 2088 medio
1015 2062 1114 2088 aevo
1156 2049 1384 2099 composuit
1421 2049 1479 2087 in-

92 2110 305 2160 scriptam:
346 2110 530 2148 tribunus
564 2110 788 2149 Marianus
825 2109 1012 2161 apposito
1050 2112 1188 2149 tamen
1226 2110 1342 2162 signo
1376 2111 1480 2148 anti-

93 2170 239 2222 graphi
273 2163 360 2224 (ψ).
421 2171 554 2221 primo
592 2171 692 2210 folio
734 2171 901 2222 legitur:
948 2170 1186 2220 Quintiliani
1227 2171 1283 2210 de
1314 2172 1481 2210 causis

193 2311 228 2356 1)
254 2309 301 2345 cf.
322 2309 498 2357 Catalogi
523 2309 708 2346 librorum
727 2310 1073 2357 manuscriptorum
1093 2311 1256 2357 Angliae
1282 2312 1320 2346 et
1347 2310 1479 2345 Hiber—

91 2357 193 2405 niae,
219 2358 388 2395 Oxoniae
416 2362 508 2394 1697
535 2359 564 2403 1,
590 2371 627 2404 p.
650 2362 718 2395 162
746 2359 816 2394 sub
842 2359 907 2394 Nr.
930 2362 1035 2394 3350.

192 2408 229 2454 2)
254 2406 301 2443 cf.
329 2407 576 2452 Dessauer,
602 2419 639 2454 p.
664 2412 719 2443 14.
