1638 2560
190 110 279 154 370
568 103 826 142 EXGERPTA
849 100 1180 139 MONAGENSIA.

189 239 278 266 eum
310 224 542 276 gladiatore.
607 233 680 272 ego
711 221 884 258 tremens
911 217 1090 256 duellum
1114 215 1284 267 inspicio
1316 216 1358 254 et
1383 215 1564 266 singulos

187 286 290 325 ictus
323 297 420 335 quos
451 283 520 321 ille
552 281 788 333 perferebat.
843 278 943 317 mihi
974 277 1112 317 illatas
1148 277 1341 327 reputans
1371 274 1566 315 imitabar

189 347 322 399 gestus
364 346 457 383 eius.
519 343 700 381 mortuus
742 341 802 379 est
844 351 936 391 ergo
979 339 1019 377 et
1060 351 1150 378 eum
1190 337 1340 376 viatico
1382 335 1490 386 quod
1528 336 1566 374 ei

188 406 448 457 superfuerat,
488 416 559 455 ego
592 416 679 442 sum
710 412 902 440 reversus.
964 400 1124 450 patrem
1155 398 1339 450 egentem
1370 396 1476 436 alere
1501 408 1565 435 me

186 468 356 518 rogavit.
413 477 519 503 1111110
557 475 651 514 ergo
691 475 755 500 me
791 473 1015 509 reversum,
1057 460 1153 510 quia
1190 459 1350 510 patrem
1381 458 1565 509 egentem
1585 467 1603 496 5

187 527 270 576 alo,
306 539 369 565 me
407 525 568 564 abdicas
613 524 653 562 et
695 522 819 561 abicis
858 533 881 559 3
919 520 1056 570 (101110,
1098 518 1397 571 ingratissimus
1436 518 1566 568 pater.-
1598 541 1600 545 ν

185 587 310 638 pudet
353 598 582 625 enumerare
623 584 901 623 calamitatum
941 594 1122 620 mearum
1162 579 1330 631 gradus,
1375 578 1566 629 piratam,

186 648 392 695 lanistam⁷
431 647 600 697 patrem.
664 645 698 683 si
737 643 838 682 mihi
876 641 1026 681 obicias
1069 640 1177 691 quod
1218 639 1406 680 amabam
1447 639 1566 678 illum

186 708 254 759 qui
292 707 494 759 gladiator
530 706 626 754 fuit,
666 705 710 742 in
746 705 821 742 hoe
864 703 990 742 obicis
1026 702 1130 741 mihi
1172 701 1279 751 quod
1318 700 1467 740 vivam.
1530 700 1566 738 si

183 770 330 807 iterum
357 768 507 807 obicias
533 779 604 805 eur
629 765 805 804 dilexisti
830 763 958 802 filium
977 763 1134 802 inimici
1157 763 1250 812 mei,
1275 773 1357 800 non
1380 761 1565 812 poteram
1586 772 1622 800 10

185 829 313 868 odisse
353 828 422 878 qui
460 840 522 866 me
559 828 720 865 tantum
758 824 940 874 amabat,
977 825 1101 862 immo
1141 835 1186 862 eo
1229 821 1337 873 quod
1372 821 1566 860 1100113111

184 902 319 928 rarum
346 890 416 938 est,
448 890 494 926 ut
518 887 647 926 filium
671 886 826 924 inimici
849 886 978 936 patris
1015 885 1103 934 quis
1130 884 1249 933 amet,
1274 883 1410 934 ipsum
1434 882 1565 933 magis

185 949 379 988 amabam.
435 950 654 999 praeterea,
686 959 776 986 011111
808 946 858 985 ab
889 945 1065 984 infantia
1090 956 1163 983 nos
1196 944 1253 984 sie
1284 943 1566 991 amaverimus,

183 1023 389 1060 nunquam
426 1010 527 1048 alias
565 1021 683 1059 super
723 1008 798 1046 hoe
828 1008 957 1046 iratus
990 1018 1031 1044 es
1062 1005 1182 1054 mihi,
1225 1005 1306 1044 nisi
1334 1015 1443 1042 1111110
1472 1003 1566 1054 post

182 1072 388 1121 receptum
425 1068 721 1108 inaestimabile
757 1067 993 1106 beneficium
1025 1067 1164 1115 amici,
1200 1065 1244 1104 in
1283 1077 1361 1115 quo
1395 1075 1564 1132 appares
1585 1075 1621 1102 15

182 1131 490 1182 ingratissimus.
554 1129 761 1168 considera
792 1141 887 1180 ergo
913 1140 1132 1178 pauperem
1161 1127 1287 1165 istum
1317 1137 1398 1164 non
1429 1124 1565 1163 inimi-

185 1204 277 1230 cum
318 1191 387 1231 sed
427 1192 585 1242 patrem
626 1190 756 1228 3111101.
834 1202 881 1228 ex
920 1189 1094 1227 miseriis
1142 1199 1241 1237 quas
1281 1198 1423 1236 passus
1464 1198 1565 1234 sum,

183 1251 306 1290 didici
337 1252 492 1290 miseris
520 1251 701 1289 misereri
733 1251 774 1288 et
803 1250 977 1288 maxime
1004 1249 1133 1288 3111100
1159 1249 1203 1286 111
1233 1259 1411 1298 paupere
1436 1246 1564 1296 patre.

183 1312 251 1351 sed
277 1312 399 1351 dices:
425 1312 611 1350 inimicus
636 1323 747 1349 meus
775 1312 846 1349 est.
885 1310 954 1349 sed
980 1308 1189 1348 considera
1214 1307 1322 1358 quod
1347 1307 1408 1346 est
1431 1306 1565 1355 homo,

183 1372 290 1422 quod
320 1374 437 1423 pater
469 1373 598 1410 3111101.
663 1384 765 1421 quae
797 1372 898 1420 laus,
931 1371 965 1410 si
998 1371 1127 1409 3111100
1151 1368 1253 1408 bene
1283 1368 1398 1417 facis,
1429 1366 1499 1406 sed
1530 1367 1565 1406 si
1584 1378 1621 1404 20

181 1434 262 1472 tuis
295 1432 437 1483 opibus
469 1433 573 1472 vivit
603 1432 801 1471 inimicus.
863 1432 929 1470 hie
960 1432 1066 1470 iacet
1090 1430 1179 1469 laus
1204 1430 1288 1468 tua.
1350 1441 1446 1467 nam
1478 1440 1564 1479 ego,

183 1494 217 1532 si
248 1493 345 1543 quid
375 1494 418 1531 in
455 1494 612 1543 patrem
644 1493 859 1532 servatoris
898 1493 978 1530 mei
1016 1491 1195 1540 confero,
1233 1502 1314 1528 non
1357 1501 1447 1528 sum
1476 1488 1565 1527 lau-

183 1552 346 1592 dandus.
411 1553 542 1604 aspice
575 1553 703 1592 solum
742 1554 926 1604 egentem
958 1565 1093 1592 senem
1130 1550 1315 1590 omnibus
1351 1547 1564 1600 praesidiis

182 1613 430 1652 destitutum.
496 1614 645 1652 amicus
677 1614 757 1652 mei
788 1613 889 1651 mihi
918 1613 1126 1663 praestitit
1158 1611 1266 1662 quod
1296 1623 1378 1649 non
1409 1609 1564 1661 rogavi,

183 1675 223 1712 et
253 1686 333 1712 non
363 1675 575 1724 pecuniam
607 1673 675 1713 sed
713 1686 753 1712 se
784 1675 928 1724 ipsum.
987 1685 1060 1725 ego
1092 1673 1130 1712 ei
1165 1673 1209 1710 in
1239 1682 1416 1722 paupere
1447 1670 1564 1721 patre
1583 1680 1619 1708 25

181 1735 346 1785 rogatus
378 1747 458 1773 non
482 1734 714 1784 impendam
741 1734 847 1784 quod
871 1735 988 1784 petit,
1019 1746 1100 1772 non
1130 1745 1207 1782 me,
1239 1731 1309 1771 sed
1338 1731 1563 1782 pecuniam,

182 1806 272 1833 eum
305 1795 345 1833 et
374 1807 437 1833 me
470 1795 547 1834 sibi
578 1794 754 1833 debeam.
819 1795 924 1844 audi,
955 1796 1092 1845 pater,
1125 1794 1318 1832 alimenta
1348 1792 1429 1831 ista
1461 1803 1564 1841 quae

182 1854 332 1893 donata
364 1856 497 1906 egenti
521 1856 653 1905 putas,
686 1856 829 1905 quanti
853 1856 916 1894 illi
942 1856 1125 1894 constent
1150 1854 1220 1904 qui
1250 1865 1324 1903 pro
1352 1865 1417 1891 me
1449 1850 1564 1890 orba-

180 1916 246 1954 tus
290 1916 350 1953 est
380 1915 474 1954 filio.
521 1915 640 1954 ‘inter
680 1917 835 1966 piratas
875 1929 938 1954 me
971 1916 1190 1966 quaesivit,
1230 1926 1322 1953 cum
1361 1914 1408 1951 tu
1447 1913 1564 1962 pater

180 1975 496 2025 redemptionem
527 1975 720 2025 tardares,
751 1989 831 2014 non
856 1977 1063 2015 inveniens
1090 1975 1142 2014 ad
1166 1975 1358 2014 lanistam
1383 1973 1562 2021 festinat,
1581 1984 1618 2011 30

179 2036 224 2074 in
265 2036 360 2074 ludo
402 2036 673 2087 gladiatorum
713 2050 776 2075 me
823 2038 984 2086 reperit.
1049 2037 1093 2075 in
1134 2035 1279 2087 vigilia
1319 2035 1360 2072 et
1398 2045 1562 2083 vespere
1611 2070 1613 2072 ,

179 2097 321 2135 mortis
347 2109 419 2146 pro
451 2110 514 2135 me
545 2098 727 2136 moritur.
785 2098 825 2135 et
854 2097 930 2136 hoe
960 2110 1040 2135 uno
1072 2097 1202 2135 tristis
1229 2094 1425 2134 occiditur
1455 2092 1563 2143 quod

181 2156 354 2206 amplius
388 2158 560 2195 amicum
591 2158 751 2196 visurus
777 2170 858 2196 non
896 2159 993 2195 erat.
1056 2170 1187 2206 neque
1215 2168 1310 2196 vero
1342 2154 1563 2205 plurimum

179 2217 270 2266 fuit,
295 2218 544 2268 praestitisse
568 2220 750 2256 mortem.
802 2231 897 2256 nam
921 2219 1084 2256 interim
1110 2218 1289 2267 specioso
1314 2215 1436 2254 titulo
1461 2214 1561 2253 bene

178 2278 266 2316 vita
296 2279 498 2328 pensatur.
554 2278 658 2316 illud
685 2280 819 2317 autem
851 2280 912 2317 est
937 2278 1064 2317 3111100
1098 2278 1273 2330 gravius,
1304 2288 1450 2315 nomen
1475 2274 1560 2326 gla·
1580 2284 1616 2312 35

278 2408 322 2441 29
349 2406 506 2451 pyratas
532 2411 575 2440 Μ
