1638 2560
200 113 290 155 294
721 111 860 148 AMici
885 110 1047 147 VADEs

199 228 272 267 bus
303 227 488 266 humanis
520 227 624 266 hunc
658 239 740 266 esse
773 226 935 266 nolebat
968 226 1173 276 affectum,
1205 225 1443 277 decipimus,
1476 225 1575 266 dum

200 289 455 339 temptamur.

152 347 176 384 4
292 348 377 399 Ego
408 360 487 386 non
519 347 698 396 invenio,
731 360 800 386 cur
831 347 992 386 horreat
1023 348 1152 386 mater
1184 358 1333 397 arcem,
1366 347 1465 398 quid
1497 347 1574 388 sibi

198 409 298 448 velit
329 408 444 458 quasi
482 407 704 447 destinatas
743 409 898 459 operire
931 407 1114 447 cervices.
1177 420 1258 446 non
1290 407 1378 447 odit
1414 421 1477 447 me
1509 411 1573 459 ty-

197 481 344 507 rannus
384 469 495 507 cuius
534 481 614 507 non
651 468 835 518 interest,
880 481 932 507 an
971 468 1097 507 alium
1142 467 1308 508 occidat.
1371 469 1572 520 miserere,
1611 482 1627 510 ε

196 530 341 579 mater,
381 529 415 567 si
452 529 542 579 quis
581 531 641 568 est
678 541 916 580 magnorum
952 530 1188 568 meritorum
1225 528 1365 579 pudor,
1408 541 1574 580 querere

197 589 271 628 hoc
301 602 425 627 unum
457 589 505 628 de
532 590 744 628 caecitate:
775 589 1054 640 impatientius
1087 601 1134 627 ex
1164 588 1279 630 nobis
1311 591 1441 629 amari
1472 601 1572 630 sem-

195 662 267 700 per
281 649 508 689 absentem.
561 650 623 688 cui
648 651 693 688 tu
719 650 918 700 fortunae,
949 649 1095 701 quibus
1121 649 1429 690 necessitatibus
1455 650 1571 690 inicis

194 708 389 749 manum?
449 723 511 748 me
545 709 595 748 ad
633 710 806 749 amicum
843 723 977 749 meum
1009 710 1272 750 admitterent
1309 710 1475 750 alterius
1507 724 1572 751 ca-

194 771 310 809 tenae
341 771 524 820 tyranni,
562 783 668 810 nunc
699 771 798 809 mihi
836 773 973 822 portas
1012 771 1205 821 aperiret,
1244 771 1422 811 subsidio
1457 773 1571 811 navi·
1592 785 1627 812 ιο

195 831 308 882 gium
345 830 478 881 pirata
516 833 751 881 praestaret.
815 833 850 870 si
880 831 1125 871 mehercules
1158 833 1251 871 ante
1289 845 1475 882 morerer,
1513 833 1571 872 ire

194 890 367 941 deberes,
398 893 539 940 mater,
571 892 623 930 ad
655 892 771 930 diem.
822 892 967 931 misera
999 905 1080 931 non
1111 892 1314 944 intellegis
1347 894 1498 943 quanto
1530 894 1570 932 te

194 952 322 1003 magis
354 953 443 1002 pius
476 952 716 1003 obligaverit
748 951 928 992 amicus?
958 954 1049 1004 plus
1076 953 1194 992 debes
1226 953 1380 993 homini
1406 955 1476 1004 qui
1507 967 1570 992 me

193 1012 271 1050 tibi
307 1012 478 1061 remisit,
516 1026 562 1051 ex
600 1026 679 1063 quo
717 1014 806 1064 pati
843 1026 923 1052 non
960 1015 1094 1064 potes,
1134 1015 1181 1053 ut
1217 1015 1407 1053 revertar.
1471 1014 1572 1054 libet

193 1072 456 1122 mehercules,
493 1072 661 1121 iudices,
699 1073 798 1112 libet
829 1073 1009 1113 misereri
1047 1074 1256 1114 hominum
1289 1075 1359 1125 qui
1389 1088 1452 1114 me
1483 1075 1570 1113 lau·
1591 1087 1626 1114 15

194 1132 293 1171 dant
322 1134 599 1172 revertentem.
663 1135 813 1173 amicus
844 1135 944 1173 mihi
977 1134 1157 1185 credidit,
1189 1137 1237 1174 ut
1267 1134 1450 1174 redirem.
1509 1137 1570 1174 ita

193 1206 297 1232 nunc
329 1206 401 1244 ego
433 1194 537 1232 facio
569 1207 653 1233 rem
684 1208 885 1247 magnam,
917 1208 989 1248 ego
1022 1209 1111 1235 sum
1143 1196 1212 1235 ille
1243 1195 1373 1235 bonus
1402 1195 1570 1245 amicus,

192 1253 261 1291 ille
298 1253 513 1303 mirabilis,
555 1255 624 1293 ille
662 1255 896 1295 narrandus.
960 1257 996 1295 si
1034 1269 1115 1306 qua
1152 1256 1321 1296 dicentis
1362 1256 1458 1296 fides
1497 1258 1569 1306 est,

192 1314 347 1353 facinus
385 1314 485 1353 mihi
516 1315 693 1365 videtur,
732 1315 840 1366 quod
878 1317 958 1355 scio
996 1329 1058 1355 me
1098 1330 1179 1356 non
1214 1329 1298 1356 esse
1330 1318 1568 1376 periturum:

284 1373 430 1424 Sentit,
469 1375 638 1426 iudices,
675 1378 714 1415 et
745 1377 834 1427 ipsa
866 1378 996 1416 mater
1027 1390 1112 1416 rem
1144 1390 1185 1417 se
1216 1377 1349 1417 facere
1380 1378 1568 1428 turpissi-
1588 1391 1624 1418 20

192 1446 317 1483 mam,
356 1435 390 1473 si
422 1406 656 1475 necessitate
690 1437 881 1476 detinear.
946 1438 1083 1488 itaque
1121 1438 1267 1477 mulier
1297 1451 1400 1490 quae
1439 1437 1569 1478 adhuc

194 1494 240 1532 de
282 1494 426 1533 affectu
468 1498 610 1535 cuncta
651 1498 818 1548 fecerat,
862 1499 913 1537 ad
956 1499 1086 1550 legem
1128 1498 1261 1538 subito
1306 1499 1567 1538 convertitur.

146 1552 169 1589 5
194 1555 385 1605 pessima,
422 1556 590 1606 iudices,
629 1570 749 1597 causa
779 1560 920 1597 matris
954 1561 1031 1609 est,
1065 1560 1107 1598 in
1142 1572 1222 1610 qua
1252 1559 1474 1610 plurimum
1505 1559 1570 1599 lex

193 1616 334 1664 potest.
381 1611 547 1655 eliberi
579 1620 808 1668 parentes
836 1619 886 1658 in
912 1620 1201 1659 calamitate
1227 1633 1282 1659 ne
1308 1617 1567 1659 deserant?

193 1675 347 1714 facinus
375 1678 444 1726 est,
476 1677 639 1727 iudices,
670 1679 746 1718 hoc
771 1680 851 1718 dici
875 1680 1028 1719 homini
1053 1693 1224 1720 reverso.
1275 1682 1336 1720 ita
1360 1693 1466 1720 nunc
1493 1693 1567 1733 ego
1587 1693 1623 1721 ss

290 1817 308 1848 1
335 1814 488 1850 volebat
514 1822 554 1849 M
650 1821 671 1852 3
697 1817 832 1854 horrea
858 1825 912 1862 M,
939 1830 1031 1855 corr.
1053 1834 1094 1854 m
1169 1850 1171 1852 .
1194 1830 1383 1855 carcerem
1410 1824 1472 1854 Ns

194 1888 214 1920 5
249 1885 354 1921 cuius
380 1887 638 1923 misericordia
664 1901 739 1925 non
764 1896 794 1924 V
884 1903 976 1927 non:
1010 1903 1111 1927 nunc
1137 1897 1180 1926 M
1273 1878 1410 1928 mii-&re
1435 1898 1474 1927 B

194 1937 213 1968 6
247 1934 331 1980 quis
363 1945 559 1982 magorum
591 1943 646 1981 M,
679 1949 770 1974 corr.
792 1953 834 1973 m
975 1945 994 1975 7
1027 1940 1099 1976 hoc
1126 1940 1219 1976 Bw·
1254 1940 1356 1986 quod
1382 1955 1429 1985 ως
1464 1940 1568 1987 quod

191 1993 308 2017 unum
335 1982 369 2019 d.
392 1994 420 2018 c.
442 1985 549 2029 potes
576 1986 680 2022 Dess
702 1998 742 2032 p.
765 1990 812 2022 89
887 1988 1024 2023 amaris
1052 2003 1099 2033 ως
1125 2000 1218 2026 corr.
1239 1996 1263 2024 b
1346 1992 1367 2024 8
1393 1989 1566 2026 fortunas

192 2044 240 2074 ως
271 2041 362 2066 corr.
387 2031 469 2067 Obr.
568 2033 739 2070 fortunas
764 2035 917 2071 uberius
943 2036 1239 2083 impraecabaris
1266 2037 1404 2083 quibus
1430 2044 1474 2073 M

191 2059 356 2114 inimicis
381 2086 452 2114 BV
472 2082 506 2126 (c
532 2093 575 2117 em
602 2094 692 2118 corr.
719 2084 756 2127 V)
879 2087 899 2119 9
927 2085 1146 2121 admitteret
1172 2094 1208 2130 (33
1238 2086 1474 2122 admittasoe

192 2126 348 2163 alterius
363 2149 406 2154 —
421 2130 549 2174 portas
577 2131 598 2165 l.
615 2133 662 2166 10
687 2142 755 2168 om.
778 2140 804 2166 tr
899 2134 1071 2169 catenae:
1099 2135 1257 2170 catenae
1283 2135 1322 2170 ct
1347 2140 1403 2179 M,
1431 2135 1567 2170 catena

191 2176 231 2210 et
254 2176 405 2221 reliqui3
436 2188 527 2213 corr.
550 2179 654 2215 Dess.
678 2191 717 2224 p.
741 2182 789 2215 75
913 2185 956 2216 10
982 2183 1166 2227 tyrannus
1194 2188 1254 2226 Mc
1377 2182 1564 2218 subsidio:

190 2246 348 2284 fastidio
375 2255 418 2284 Π
531 2254 573 2285 12
601 2227 729 2287 ‘aldiem
753 2258 791 2287 B
900 2257 944 2288 13
970 2254 1072 2300 pius:
1100 2255 1185 2300 plus
1212 2269 1242 2290 ω
1264 2260 1412 2301 praeter
1436 2261 1481 2291 Μ
1501 2257 1569 2301 qui

191 2307 278 2341 om.;
304 2307 395 2334 corr.
420 2297 485 2334 Gr.
560 2299 626 2343 qui
645 2311 705 2335 me
728 2311 796 2337 om.
824 2307 851 2335 V
945 2306 989 2337 14
1014 2304 1141 2348 potest
1166 2310 1195 2338 V
1275 2305 1319 2340 ut
1343 2315 1419 2340 non
1444 2314 1566 2339 rever-

190 2345 252 2379 tar
276 2351 320 2380 M
409 2349 452 2382 15
478 2346 614 2382 misere
639 2354 677 2383 B
768 2352 812 2384 17
838 2361 953 2386 nunc:
980 2362 1056 2386 non
1083 2358 1119 2386 P
1198 2355 1241 2387 18
1268 2351 1496 2387 miserabilis
1523 2360 1565 2397 ω,

189 2415 282 2441 corr.
305 2413 326 2440 ς
424 2410 466 2441 21
496 2407 667 2444 detineor
692 2415 719 2442 V
812 2413 856 2444 22
884 2402 1023 2446 affectu
1043 2418 1079 2446 Β
