1638 2560
528 115 850 152 DECLAMATIO
876 115 962 151 XIX
981 118 1087 151 6—8.
1409 113 1498 157 343

113 233 155 272 et
190 231 403 283 plerosque
434 231 572 270 videas
610 231 772 270 fortiter
809 243 932 282 supra
971 243 1044 270 sua
1082 231 1235 269 secreta
1272 229 1494 268 morientis.

112 291 296 344 agedum,
328 292 364 332 si
387 292 560 342 videtur,
592 293 810 342 utrumque
839 305 988 340 sexum,
1022 304 1181 330 omnem
1206 290 1494 339 condicionem,

113 365 272 393 omnem
297 354 525 392 scrutemur
551 354 739 402 aetatem,
771 353 930 391 nullum
955 352 1040 392 sine
1067 351 1313 391 conscientia
1337 352 1494 401 pectus,

111 413 227 453 nulla
255 413 345 452 vita
382 413 468 453 sine
506 414 636 453 causis
673 413 847 454 tacendi.
910 412 944 452 si
974 414 1015 451 te
1050 413 1320 463 interrogaret
1359 410 1496 450 omnia

59 487 92 515 ιε
111 474 294 524 maritus,
338 473 505 513 haberes
550 474 706 525 aliquid
744 475 785 513 et
821 475 868 513 tu
914 473 1024 524 quod
1066 485 1148 512 non
1191 473 1390 511 fatereris.
1454 473 1495 511 et

111 536 264 586 quanto
284 534 494 575 silentium
519 536 684 586 gravius
708 536 768 574 est
787 534 830 572 in
851 547 955 583 sene,
980 533 1244 573 verecundius
1264 533 1307 571 in
1332 532 1494 582 marito,

110 596 288 635 sanctius
318 596 362 634 in
391 593 539 646 patre?

199 655 357 695 Pudeat
393 668 485 706 nos,
522 657 680 705 mulier,
718 655 979 694 infirmitatis.
1042 656 1142 694 vicit
1173 667 1244 693 nos
1276 653 1396 693 modo
1428 654 1490 692 iu-
1516 652 1541 690 8

108 717 221 756 venis
257 716 328 756 ille
361 718 599 756 constantia.
662 716 766 755 mori
798 716 947 766 voluit,
986 718 1032 754 ut
1070 718 1304 754 taceremus.
1367 714 1492 763 vides,

55 791 90 818 ιο
108 777 266 827 mulier,
306 777 451 827 quibus
482 777 887 828 interpretationibus
924 777 1104 827 praestes
1136 777 1253 814 tuum
1285 773 1492 814 dolorem?

109 837 253 877 diceris
290 837 382 877 ideo
419 851 483 876 me
521 838 791 889 interrogare,
837 838 933 888 quia
972 838 1048 876 scis
1081 836 1216 876 omnia
1253 849 1318 875 me
1356 835 1491 886 potius

107 899 198 948 pafi
233 899 356 937 malle
395 911 517 949 quam
553 898 677 949 loqui.
741 899 830 949 quis
870 898 978 937 enim
1015 898 1058 936 in
1095 897 1171 936 hac
1206 897 1372 936 civitate
1410 909 1491 935 non

107 960 223 998 novit
271 960 566 998 taciturnitatis
616 972 729 998 meae
778 957 981 1011 rigorem?
1058 958 1147 1008 quis
1196 958 1360 1009 ignorat
1411 970 1491 1007 qua

109 1021 256 1058 cuncta
287 1020 440 1059 soleam
478 1020 583 1059 ferre
620 1018 848 1070 patientia?
911 1033 961 1059 ne
993 1020 1195 1058 occisurus
1229 1018 1390 1068 quidem
1426 1030 1491 1056 su-

52 1092 87 1120 15
107 1081 234 1130 spiria
278 1080 530 1132 gemitusque
573 1081 777 1131 praemisi.
839 1080 944 1119 nihil
981 1080 1060 1118 feci
1103 1079 1209 1118 unde
1253 1080 1487 1129 erupturum

107 1140 348 1192 quandoque
385 1154 458 1192 per
489 1140 706 1179 orbitatem
743 1141 873 1191 patris
907 1141 1087 1179 animum
1120 1141 1191 1179 aut
1230 1141 1275 1178 tu
1307 1139 1490 1189 praescio

104 1201 250 1240 timore
281 1202 463 1251 sentires,
496 1203 568 1241 aut
591 1202 677 1252 ipse
709 1203 926 1252 periturus.
977 1202 1081 1240 hanc
1112 1213 1219 1239 nunc
1243 1213 1307 1238 me
1338 1200 1490 1238 iactare

105 1261 392 1302 conscientiam
435 1264 556 1313 putas
595 1262 703 1312 quod
740 1262 844 1300 nihil
880 1262 924 1300 in
962 1261 1143 1312 publico,
1181 1261 1283 1299 m'hil
1321 1260 1364 1298 in
1403 1260 1489 1299 ullo

104 1322 207 1360 mihi
242 1323 409 1373 permisi
446 1323 696 1373 proclamare
735 1321 963 1362 conventu?
1026 1334 1100 1373 ego
1141 1334 1236 1360 vero
1278 1333 1361 1359 non
1401 1333 1487 1360 sum

50 1395 86 1423 ιο
106 1384 270 1433 questus
301 1383 351 1422 de
382 1383 525 1422 iuvene
558 1396 630 1422 nec
667 1382 745 1422 tibi
782 1395 855 1422 nec
894 1383 1075 1434 captavi,
1107 1383 1153 1420 ut
1184 1381 1302 1419 illum
1332 1394 1489 1420 meeum

106 1444 147 1482 et
177 1445 308 1483 mater
339 1444 499 1483 odisset.
551 1444 703 1482 frustra
734 1445 775 1482 te
807 1445 928 1493 putas
961 1445 1197 1493 extorquere
1233 1442 1488 1481 accusatione

105 1515 221 1554 posse
259 1503 368 1555 quod
405 1505 507 1542 mihi
544 1516 626 1542 non
662 1505 775 1554 ipsae
813 1504 1085 1553 calamitates,
1124 1516 1206 1541 non
1243 1502 1369 1551 dolor,
1407 1515 1488 1541 non

104 1564 317 1604 meditatio
344 1564 531 1604 orbitatis
558 1566 764 1615 expressit.
816 1577 909 1604 uras
941 1565 1049 1613 licet,
1076 1563 1242 1612 durabo,
1274 1563 1487 1613 perferam.

104 1637 246 1674 passus
279 1638 367 1664 sum
398 1626 481 1664 iam
514 1625 622 1675 quod
654 1626 742 1663 erat
773 1624 995 1664 difficilius:
1029 1624 1168 1663 occidi.

49 1697 85 1724 25
197 1681 377 1734 ‘Torsit',
408 1685 554 1735 inquit,
582 1682 727 1724 ‘filium
752 1681 914 1724 meum.'
964 1685 1152 1734 breviter,
1185 1683 1348 1734 iudices,
1380 1684 1487 1723 ratio

103 1744 314 1784 reddatur:
352 1745 545 1784 infamem
584 1746 682 1795 quid
718 1746 861 1795 refert,
900 1759 952 1784 an
989 1746 1262 1794 innocentem,
1302 1745 1337 1783 si
1375 1744 1487 1783 aliud

201 1839 220 1870 1
248 1847 362 1882 super
387 1843 443 1878 Py
540 1837 745 1872 morientes
766 1843 856 1880 Μβσ
946 1841 966 1872 2
993 1837 1025 1872 si
1052 1848 1119 1873 om.
1142 1842 1178 1870 P
1274 1839 1295 1870 3
1322 1837 1487 1870 seructe-

103 1895 189 1919 mur
214 1890 257 1919 Μ
353 1887 373 1919 6
400 1885 553 1931 gravius
580 1896 625 1921 ex
650 1885 810 1930 gravisis
836 1891 874 1920 Β
974 1887 1032 1921 est
1058 1897 1125 1921 om.
1159 1891 1186 1918 V
1281 1888 1302 1919 8
1327 1883 1486 1919 muliere

102 1938 154 1976 Β;
180 1932 397 1968 mulierbris
422 1934 486 1969 sed
510 1938 709 1969 correctum
734 1940 762 1968 V
849 1933 1106 1980 infigrmitatis
1139 1939 1166 1967 V
1261 1935 1281 1967 9
1309 1933 1484 1967 constan-

103 1980 204 2016 ciam
222 1987 260 2016 Β
331 1981 418 2017 vide
443 1988 489 2026 Β,
517 1993 533 2016 s
553 1993 655 2027 supr.
683 1989 723 2026 b;
751 1982 839 2017 vide
864 1983 919 2018 vel
946 1982 1099 2018 videsne
1122 1982 1202 2018 Sch.
1305 1984 1349 2015 10
1376 1980 1485 2026 inpa-

101 2028 332 2065 trationibus
352 2036 397 2074 Β,
424 2029 481 2064 in·
500 2031 554 2065 vel
574 2030 908 2076 impetrationibus
929 2037 1100 2074 ω’ΜΡσς
1126 2029 1484 2075 impetractionibus

102 2083 146 2122 ες
171 2088 264 2113 corr.
287 2086 308 2112 ς
396 2082 437 2113 11
473 2078 571 2113 scias
597 2085 667 2113 BV
750 2083 793 2114 12
820 2089 865 2114 ac
896 2085 925 2113 V
1005 2083 1048 2114 13
1075 2079 1254 2124 ignorant
1274 2083 1311 2112 Β
1396 2077 1485 2122 quic

102 2155 147 2193 Β,
174 2159 251 2194 qua
271 2156 294 2184 ὸ
394 2154 438 2186 14
464 2150 698 2196 pacientiam
716 2157 754 2186 Β
849 2127 1004 2186 qnidem
1030 2156 1067 2185 Β
1164 2154 1208 2185 15
1235 2149 1391 2196 permisi
1417 2158 1437 2192 β

101 2197 203 2233 unde
229 2209 297 2234 om.
327 2204 355 2232 V
471 2199 633 2234 fecunde
653 2205 690 2234 B
811 2201 1029 2245 erepturum
1055 2205 1141 2243 ΒΜ,
1174 2199 1229 2234 vel
1261 2199 1484 2244 erupturum

101 2293 203 2327 supr.
230 2296 272 2317 m
348 2286 392 2318 19
424 2283 606 2328 praemisi
637 2290 665 2318 V
741 2260 900 2319 convgtu
926 2289 978 2328 Β;
1006 2284 1231 2319 conventum
1259 2288 1302 2317 Μ
1372 2286 1415 2316 21
1444 2282 1483 2316 te

100 2331 425 2385 putam-temptas
452 2338 488 2366 Ρ
559 2342 669 2377 posse
696 2334 769 2367 ext.
798 2343 874 2367 acc.
902 2338 929 2366 V
999 2335 1043 2367 22
1071 2332 1153 2377 ipse
1180 2345 1203 2365 α
1286 2334 1331 2365 23
1357 2330 1433 2364 iras
1460 2336 1482 2363 V

102 2417 149 2449 24
169 2390 326 2451 diffllius
349 2422 386 2450 Β
459 2420 503 2451 26
518 2379 673 2452 τὲᾶαὲιιι·
687 2422 723 2451 Β
795 2416 992 2451 infamem:
1015 2415 1040 2450 f.
1061 2416 1103 2451 ‘in
1122 2426 1214 2451 corr.
1235 2420 1271 2449 Β
1342 2413 1440 2448 illud
1462 2421 1483 2447 ς
