1638 2560
487 98 905 139 DECLAMATIONES
929 99 975 135 X.
999 99 1064 135 XI.
1375 99 1464 142 373

86 216 198 257 diam
226 216 360 256 facere
394 216 519 255 morti
547 209 663 267 'quae
698 216 812 267 prius
849 228 942 254 cum
977 215 1109 254 morte
1146 215 1332 266 tempora
1362 214 1467 254 divi-

86 278 197 318 serat
225 278 269 317 ct
296 276 473 316 tenebris
497 275 719 316 fruebatur.
775 275 946 328 singulis
972 276 1080 315 enim
1110 275 1296 315 noctibus
1322 287 1467 326 corpus

86 351 109 378 e
140 337 324 390 sepulcro
346 338 555 388 resumpto
582 336 633 376 ad
663 338 837 376 matrem
860 336 1045 388 placidus
1077 338 1119 375 et
1141 336 1310 388 pulcher
1333 337 1467 376 venie-

87 398 171 438 bat.
225 410 333 438 nunc
362 399 537 451 ligatum
568 399 630 437 est
660 409 805 448 corpus
836 399 879 436 et
915 398 1081 448 spiritus
1114 410 1138 436 a
1168 409 1300 465 mago.
1363 410 1400 446 o,
1431 397 1468 436 si

50 472 68 500 5
85 471 225 499 manes
254 459 363 498 inter
393 471 437 499 so
472 458 719 510 colloquium
754 457 923 508 habent,
959 470 1041 498 non
1072 458 1184 498 deest
1220 457 1293 509 qui
1329 458 1468 497 iuveni

85 532 178 560 meo
207 519 335 559 dicat.
367 532 491 570 quam
514 519 609 558 vilis
639 519 722 558 tuis
752 518 880 569 fuisti7
912 531 1035 569 quam
1058 518 1234 558 libenter
1262 520 1304 558 te
1334 517 1468 570 perdi-

86 579 244 631 derunt,
275 582 317 620 et
345 593 396 619 ne
427 579 480 619 ad
509 579 652 619 matris
684 580 879 619 solacium
907 576 1128 632 (quidem)
1157 579 1288 619 redire
1319 580 1468 620 valeas.

85 643 206 693 pater
234 653 260 680 a
289 653 410 693 mago
440 642 483 680 te
513 641 610 680 fecit
634 641 792 680 vinciri.
854 640 1026 680 crudelis
1057 641 1174 680 fuisti
1197 642 1242 679 in
1265 639 1397 679 filium
1428 641 1470 679 et

85 701 130 741 in
159 702 333 742 matrem
365 714 488 752 quam
518 702 745 752 inquietam
783 702 974 741 continuo
1011 701 1163 751 fecisti,
1200 703 1247 740 ut
1282 701 1469 752 perderet

34 775 72 802 ιο
87 764 227 803 noctes
267 764 311 802 et
349 762 446 802 dies.
502 775 525 801 0
566 775 703 814 mage,
744 761 908 801 ostende
947 763 1230 814 magisterium
1269 764 1388 801 tuum
1427 763 1469 800 et

87 835 212 863 evoca
236 824 425 875 spirltum
450 836 570 874 quem
596 822 764 873 elusisti,
788 836 839 862 ne
863 825 905 862 te
929 822 1074 862 reddas
1098 823 1305 872 infamem,
1336 832 1469 873 neque

85 884 257 924 ulterius
288 885 445 924 saevias
474 885 519 923 in
549 886 755 923 mortuum
786 886 828 923 et
857 884 900 922 in
931 885 1115 934 matrem,
1148 886 1188 923 et
1218 883 1375 923 desinet
1406 895 1470 922 or-

86 945 207 984 fanus
237 956 323 984 csse
352 944 460 984 filius
492 946 533 984 et
562 946 694 984 mater
724 944 877 984 orbata.

364 1102 434 1141 XI.
466 1101 598 1142 Dlvns
629 1114 871 1142 ACCVSATvs
903 1114 1182 1142 PRODITIONIS.

33 1199 68 1227 ιε
175 1185 467 1237 Arywmentum
498 1200 534 1226 v.
552 1200 597 1236 p.
622 1189 727 1238 206,
753 1189 792 1227 8.

177 1247 266 1288 Hoc
302 1250 366 1287 est
402 1248 510 1298 quod
548 1249 758 1299 potissime
795 1261 859 1287 me
892 1250 1054 1300 gravat,
1096 1260 1119 1287 o
1150 1248 1320 1298 iudices,
1363 1247 1471 1298 quod

87 1307 250 1347 videtur
281 1309 360 1348 sibi
391 1310 490 1348 satis
528 1309 676 1349 vixisse
712 1311 847 1359 pater,
884 1311 1102 1359 postquam
1142 1308 1290 1348 occidit
1320 1308 1469 1348 liberos

86 1381 198 1409 meos
229 1370 271 1408 et
300 1369 376 1409 hoc
406 1369 617 1420 pofissime
649 1369 812 1421 gaudet,
843 1372 889 1408 ut
920 1369 1138 1409 orbitatem
1168 1382 1300 1408 meam
1331 1369 1470 1408 liberis

88 1431 172 1469 suis
215 1429 432 1481 relinquat.
508 1430 663 1480 gratias
713 1443 790 1482 ago
834 1431 994 1469 civitati
1042 1430 1149 1480 quod
1197 1443 1262 1468 me
1310 1429 1471 1469 fidelem

34 1503 72 1530 πο
89 1489 334 1530 aestimastis
375 1493 416 1529 et
455 1490 607 1529 bellum
646 1491 749 1530 mihi
788 1490 974 1542 publicae
1017 1490 1302 1531 sollicitudinis
1344 1491 1471 1530 credi-

88 1551 216 1591 distis.
288 1550 358 1590 sed
397 1564 526 1601 neque
569 1564 643 1603 ego
683 1565 769 1590 rem
809 1552 987 1591 melioris
1029 1551 1141 1591 ducis
1181 1552 1314 1591 facere
1353 1552 1471 1602 potui

89 1623 212 1662 quam
253 1611 362 1662 quod
402 1613 487 1652 sine
527 1611 665 1652 liberis
706 1613 806 1651 meis
846 1612 1050 1663 profectus
1091 1625 1191 1652 sum.
1254 1625 1336 1651 non
1375 1612 1470 1651 reli-

90 1671 245 1723 quisset
284 1672 377 1711 illos
418 1672 498 1711 dux
538 1673 783 1724 proditurus.
840 1673 945 1713 filios
985 1686 1094 1713 meos
1135 1674 1282 1713 civitas
1323 1673 1470 1712 occidit

90 1731 253 1772 credens
286 1734 511 1772 accusatori
546 1746 611 1772 me
644 1734 893 1784 proditorem
931 1735 1135 1774 asserenti.
1192 1734 1290 1773 fecit
1325 1734 1470 1774 civitas

35 1805 70 1832 25
89 1792 284 1844 quicquid
314 1793 381 1833 hic
411 1793 459 1832 de
493 1807 558 1833 me
595 1794 727 1834 facere
765 1795 918 1846 potuit:
955 1794 1059 1834 filios
1096 1808 1207 1835 meos
1237 1796 1469 1834 innocentes

90 1853 249 1894 occidit.
306 1854 375 1894 sed
405 1855 554 1893 mirum
588 1855 718 1905 dictu,
755 1868 845 1895 cum
883 1857 1055 1895 mortem
1085 1855 1263 1895 filiorum
1302 1856 1469 1894 nuntius

88 1915 133 1953 in
159 1916 292 1954 castra
316 1915 498 1966 pertulit,
524 1928 606 1955 non
631 1928 745 1955 arma
769 1917 932 1967 proieci,
964 1929 1046 1955 non
1077 1917 1271 1956 stationes
1296 1916 1470 1955 vallum-

90 1988 168 2026 que
193 1975 363 2025 deserui,
394 1978 525 2015 totam
550 1976 767 2016 orbitatem
792 1990 925 2016 meam
949 1978 992 2016 in
1020 1977 1128 2016 bella
1154 1978 1348 2026 converti,
1378 1978 1469 2016 tan-

91 2048 214 2086 quam
253 2036 400 2076 liberos
440 2049 550 2076 meos
580 2036 639 2076 ibi
677 2038 951 2089 perdidissem.
1014 2051 1086 2077 vos
1125 2040 1261 2077 autem
1299 2050 1471 2088 quorum

35 2109 73 2136 so
89 2095 195 2136 filios
226 2096 334 2135 bello
366 2097 631 2148 salvaveram‚
662 2097 767 2138 filios
798 2111 908 2138 meos
934 2098 1147 2138 occidistis.
1210 2100 1305 2150 peto
1330 2100 1471 2150 igitur,

90 2158 139 2196 ut
170 2157 407 2196 occidantur
437 2157 511 2196 filii
534 2158 725 2209 pauperis
758 2161 827 2209 qui
852 2172 962 2199 meos
987 2161 1222 2210 procuravit
1253 2158 1392 2208 occidi,
1424 2160 1471 2197 ut

90 2218 149 2256 sic
172 2218 368 2268 puniatur
392 2217 436 2256 in
461 2231 519 2268 eo,
543 2219 587 2257 in
614 2232 692 2270 quo
719 2220 901 2270 deliquit.
953 2220 1022 2259 sed
1051 2220 1167 2260 dicis:
1200 2220 1471 2259 calumniator

90 2277 199 2317 idem
242 2279 438 2329 patiatur.
512 2280 554 2318 et
601 2292 675 2332 ego
729 2280 817 2320 dico
867 2280 975 2331 quod
1019 2293 1100 2320 non
1147 2281 1255 2320 idem
1304 2281 1469 2331 pateris,

91 2339 171 2377 nisi
201 2340 265 2378 tui
294 2338 370 2377 filii
401 2339 636 2379 occidantur
665 2342 713 2379 ut
743 2342 840 2380 mei:
878 2342 1009 2380 maior
1040 2341 1148 2381 enim
1179 2341 1294 2380 dolor
1325 2340 1373 2379 de
1406 2352 1469 2378 ca-

36 2411 74 2439 35
91 2398 346 2439 lamitatibus
379 2412 502 2450 quam
539 2399 588 2440 de
625 2401 833 2453 suppliciis
871 2402 994 2441 venit.
1058 2402 1287 2450 calamitas,
1323 2401 1470 2451 inquit,
