<?xml version="1.0" encoding="UTF-8"?>
<!DOCTYPE html PUBLIC "-//W3C//DTD XHTML 1.0 Transitional//EN"
    "http://www.w3.org/TR/xhtml1/DTD/xhtml1-transitional.dtd">
<html xmlns="http://www.w3.org/1999/xhtml" xml:lang="en" lang="en">
 <head>
  <title>
</title>
<meta http-equiv="Content-Type" content="text/html;charset=utf-8" />
  <meta name='ocr-system' content='tesseract 3.04.00' />
  <meta name='ocr-capabilities' content='ocr_page ocr_carea ocr_par ocr_line ocrx_word'/>
</head>
<body>
  <div class='ocr_page' id='page_1' title='image "./quintilianiquaef00lehnuoft_0202.png"; bbox 0 0 1638 2560; ppageno 0'>
   <div class='ocr_carea' id='block_1_1' title="bbox 132 85 1081 134">
    <p class='ocr_par' dir='ltr' id='par_1_1' title="bbox 132 85 1081 134">
     <span class='ocr_line' id='line_1_1' title="bbox 132 85 1081 134; baseline -0.008 -4"><span class='ocrx_word' id='word_1_1' title='bbox 132 91 217 134; x_wconf 83' lang='lat'>166</span> <span class='ocrx_word' id='word_1_2' title='bbox 549 87 724 124; x_wconf 83' lang='lat' dir='ltr'>GEMINI</span> <span class='ocrx_word' id='word_1_3' title='bbox 750 85 1081 130; x_wconf 65' lang='lat' dir='ltr'>LANGVENTES</span> 
     </span>
    </p>
   </div>
   <div class='ocr_carea' id='block_1_2' title="bbox 124 201 1604 1815">
    <p class='ocr_par' dir='ltr' id='par_1_2' title="bbox 126 201 1604 739">
     <span class='ocr_line' id='line_1_2' title="bbox 128 201 1500 257; baseline -0.003 -13"><span class='ocrx_word' id='word_1_4' title='bbox 128 219 230 245; x_wconf 89' lang='lat' dir='ltr'>unus</span> <span class='ocrx_word' id='word_1_5' title='bbox 263 219 309 244; x_wconf 87' lang='lat' dir='ltr'>ex</span> <span class='ocrx_word' id='word_1_6' title='bbox 341 205 519 257; x_wconf 86' lang='lat' dir='ltr'>geminis.</span> <span class='ocrx_word' id='word_1_7' title='bbox 582 203 738 242; x_wconf 79' lang='lat' dir='ltr'>felicior</span> <span class='ocrx_word' id='word_1_8' title='bbox 767 203 837 241; x_wconf 92' lang='grc'><strong>1116</strong></span> <span class='ocrx_word' id='word_1_9' title='bbox 870 202 986 241; x_wconf 91' lang='lat' dir='ltr'>dolor</span> <span class='ocrx_word' id='word_1_10' title='bbox 1017 203 1078 241; x_wconf 90' lang='lat' dir='ltr'>est</span> <span class='ocrx_word' id='word_1_11' title='bbox 1110 202 1180 252; x_wconf 88' lang='lat' dir='ltr'>qui</span> <span class='ocrx_word' id='word_1_12' title='bbox 1217 202 1391 254; x_wconf 86' lang='lat' dir='ltr'>transigi</span> <span class='ocrx_word' id='word_1_13' title='bbox 1422 201 1500 241; x_wconf 85' lang='lat' dir='ltr'>sal-</span> 
     </span>
     <span class='ocr_line' id='line_1_3' title="bbox 127 262 1502 314; baseline -0.002 -9"><span class='ocrx_word' id='word_1_14' title='bbox 127 268 211 305; x_wconf 91' lang='lat' dir='ltr'>tem</span> <span class='ocrx_word' id='word_1_15' title='bbox 248 279 337 305; x_wconf 91' lang='lat' dir='ltr'>cum</span> <span class='ocrx_word' id='word_1_16' title='bbox 374 265 498 304; x_wconf 90' lang='lat' dir='ltr'>oculis</span> <span class='ocrx_word' id='word_1_17' title='bbox 535 265 686 314; x_wconf 89' lang='lat' dir='ltr'>potest,</span> <span class='ocrx_word' id='word_1_18' title='bbox 729 265 959 312; x_wconf 81' lang='lat' dir='ltr'>renovatur,</span> <span class='ocrx_word' id='word_1_19' title='bbox 1004 262 1237 302; x_wconf 67' lang='lat' dir='ltr'>accenditur</span> <span class='ocrx_word' id='word_1_20' title='bbox 1275 263 1316 301; x_wconf 90' lang='lat' dir='ltr'>et</span> <span class='ocrx_word' id='word_1_21' title='bbox 1354 263 1399 301; x_wconf 92' lang='lat' dir='ltr'>in</span> <span class='ocrx_word' id='word_1_22' title='bbox 1438 262 1502 302; x_wconf 81' lang='lat' dir='ltr'>his</span> 
     </span>
     <span class='ocr_line' id='line_1_4' title="bbox 128 322 1502 374; baseline -0.003 -8"><span class='ocrx_word' id='word_1_23' title='bbox 128 326 306 366; x_wconf 82' lang='lat' dir='ltr'>vultibus</span> <span class='ocrx_word' id='word_1_24' title='bbox 331 326 447 364; x_wconf 89' lang='lat' dir='ltr'>illum</span> <span class='ocrx_word' id='word_1_25' title='bbox 473 324 620 363; x_wconf 89' lang='lat' dir='ltr'>cotidie</span> <span class='ocrx_word' id='word_1_26' title='bbox 648 324 767 374; x_wconf 87' lang='lat' dir='ltr'>putat</span> <span class='ocrx_word' id='word_1_27' title='bbox 796 324 927 362; x_wconf 88' lang='lat' dir='ltr'>videre</span> <span class='ocrx_word' id='word_1_28' title='bbox 959 324 1204 374; x_wconf 89' lang='lat' dir='ltr'>pereuntem.</span> <span class='ocrx_word' id='word_1_29' title='bbox 1257 322 1326 362; x_wconf 89' lang='lat' dir='ltr'>sed</span> <span class='ocrx_word' id='word_1_30' title='bbox 1351 323 1393 361; x_wconf 88' lang='lat' dir='ltr'>et</span> <span class='ocrx_word' id='word_1_31' title='bbox 1415 324 1502 373; x_wconf 87' lang='lat' dir='ltr'>ipse</span> 
     </span>
     <span class='ocr_line' id='line_1_5' title="bbox 130 384 1501 439; baseline -0.003 -13"><span class='ocrx_word' id='word_1_32' title='bbox 130 387 276 439; x_wconf 87' lang='lat' dir='ltr'>gaudio</span> <span class='ocrx_word' id='word_1_33' title='bbox 308 386 486 424; x_wconf 85' lang='lat' dir='ltr'>redditae</span> <span class='ocrx_word' id='word_1_34' title='bbox 518 386 626 424; x_wconf 89' lang='lat' dir='ltr'>vitae</span> <span class='ocrx_word' id='word_1_35' title='bbox 664 385 902 434; x_wconf 87' lang='lat' dir='ltr'>laetitiaque</span> <span class='ocrx_word' id='word_1_36' title='bbox 934 397 1015 422; x_wconf 90' lang='lat' dir='ltr'>non</span> <span class='ocrx_word' id='word_1_37' title='bbox 1053 384 1204 422; x_wconf 85' lang='lat' dir='ltr'>fruitur</span> <span class='ocrx_word' id='word_1_38' title='bbox 1235 396 1308 422; x_wconf 88' lang='lat' dir='ltr'>nec</span> <span class='ocrx_word' id='word_1_39' title='bbox 1345 395 1387 422; x_wconf 85' lang='lat' dir='ltr'>se</span> <span class='ocrx_word' id='word_1_40' title='bbox 1419 396 1501 423; x_wconf 88' lang='lat' dir='ltr'>cre-</span> 
     </span>
     <span class='ocr_line' id='line_1_6' title="bbox 130 444 1604 496; baseline -0.001 -10"><span class='ocrx_word' id='word_1_41' title='bbox 130 448 221 486; x_wconf 82' lang='lat' dir='ltr'>dere</span> <span class='ocrx_word' id='word_1_42' title='bbox 245 447 378 496; x_wconf 86' lang='lat' dir='ltr'>potest</span> <span class='ocrx_word' id='word_1_43' title='bbox 403 447 572 484; x_wconf 87' lang='lat' dir='ltr'>caritate</span> <span class='ocrx_word' id='word_1_44' title='bbox 597 445 825 495; x_wconf 86' lang='lat' dir='ltr'>praelatum</span> <span class='ocrx_word' id='word_1_45' title='bbox 852 457 970 494; x_wconf 86' lang='lat' dir='ltr'>quem</span> <span class='ocrx_word' id='word_1_46' title='bbox 995 444 1173 483; x_wconf 87' lang='lat' dir='ltr'>medicus</span> <span class='ocrx_word' id='word_1_47' title='bbox 1199 445 1333 496; x_wconf 86' lang='lat' dir='ltr'>elegit.</span> <span class='ocrx_word' id='word_1_48' title='bbox 1379 445 1504 483; x_wconf 88' lang='lat' dir='ltr'>sentit</span> <span class='ocrx_word' id='word_1_49' title='bbox 1541 457 1557 484; x_wconf 82' lang='lat'><strong>5</strong></span> <span class='ocrx_word' id='word_1_50' title='bbox 1602 492 1604 494; x_wconf 12' lang='lat' dir='ltr'><em>r</em></span> 
     </span>
     <span class='ocr_line' id='line_1_7' title="bbox 128 505 1503 555; baseline -0.001 -10"><span class='ocrx_word' id='word_1_51' title='bbox 128 508 268 546; x_wconf 83' lang='lat' dir='ltr'>infelix</span> <span class='ocrx_word' id='word_1_52' title='bbox 300 507 411 546; x_wconf 90' lang='lat' dir='ltr'>cuius</span> <span class='ocrx_word' id='word_1_53' title='bbox 444 506 629 544; x_wconf 89' lang='lat' dir='ltr'>orbitatis</span> <span class='ocrx_word' id='word_1_54' title='bbox 664 506 804 544; x_wconf 89' lang='lat' dir='ltr'>unicus</span> <span class='ocrx_word' id='word_1_55' title='bbox 837 506 907 554; x_wconf 87' lang='lat' dir='ltr'>sit,</span> <span class='ocrx_word' id='word_1_56' title='bbox 947 505 1091 555; x_wconf 89' lang='lat' dir='ltr'>quibus</span> <span class='ocrx_word' id='word_1_57' title='bbox 1123 505 1301 544; x_wconf 82' lang='lat' dir='ltr'>lacrimis</span> <span class='ocrx_word' id='word_1_58' title='bbox 1339 505 1503 555; x_wconf 85' lang='lat' dir='ltr'>perfun-</span> 
     </span>
     <span class='ocr_line' id='line_1_8' title="bbox 129 565 1503 617; baseline -0.002 -11"><span class='ocrx_word' id='word_1_59' title='bbox 129 568 275 606; x_wconf 89' lang='lat' dir='ltr'>dantur</span> <span class='ocrx_word' id='word_1_60' title='bbox 312 567 464 615; x_wconf 82' lang='lat' dir='ltr'>oscula,</span> <span class='ocrx_word' id='word_1_61' title='bbox 504 579 625 616; x_wconf 83' lang='lat' dir='ltr'>quam</span> <span class='ocrx_word' id='word_1_62' title='bbox 662 567 820 617; x_wconf 86' lang='lat' dir='ltr'>magnis</span> <span class='ocrx_word' id='word_1_63' title='bbox 857 565 1149 616; x_wconf 83' lang='lat' dir='ltr'>profundisque</span> <span class='ocrx_word' id='word_1_64' title='bbox 1187 566 1371 616; x_wconf 85' lang='lat' dir='ltr'>suspiriis</span> <span class='ocrx_word' id='word_1_65' title='bbox 1410 578 1503 605; x_wconf 83' lang='lat' dir='ltr'>con-</span> 
     </span>
     <span class='ocr_line' id='line_1_9' title="bbox 129 626 1502 678; baseline -0.001 -11"><span class='ocrx_word' id='word_1_66' title='bbox 129 628 332 667; x_wconf 85' lang='lat' dir='ltr'>cutiantur</span> <span class='ocrx_word' id='word_1_67' title='bbox 364 628 580 677; x_wconf 85' lang='lat' dir='ltr'>amplexus.</span> <span class='ocrx_word' id='word_1_68' title='bbox 643 627 790 665; x_wconf 89' lang='lat' dir='ltr'>misera</span> <span class='ocrx_word' id='word_1_69' title='bbox 822 626 1063 665; x_wconf 83' lang='lat' dir='ltr'>verecundia</span> <span class='ocrx_word' id='word_1_70' title='bbox 1095 627 1283 665; x_wconf 86' lang='lat' dir='ltr'>sanitatis</span> <span class='ocrx_word' id='word_1_71' title='bbox 1315 627 1502 678; x_wconf 83' lang='lat' dir='ltr'>ingratae</span> 
     </span>
     <span class='ocr_line' id='line_1_10' title="bbox 126 687 930 739; baseline -0.002 -12"><span class='ocrx_word' id='word_1_72' title='bbox 126 689 300 739; x_wconf 87' lang='lat' dir='ltr'>pretium</span> <span class='ocrx_word' id='word_1_73' title='bbox 331 687 408 727; x_wconf 88' lang='lat' dir='ltr'>sibi</span> <span class='ocrx_word' id='word_1_74' title='bbox 439 687 598 726; x_wconf 87' lang='lat' dir='ltr'>videtur</span> <span class='ocrx_word' id='word_1_75' title='bbox 628 687 766 726; x_wconf 88' lang='lat' dir='ltr'>fratris</span> <span class='ocrx_word' id='word_1_76' title='bbox 799 687 930 726; x_wconf 90' lang='lat' dir='ltr'>occisi.</span> 
     </span>
    </p>

    <p class='ocr_par' dir='ltr' id='par_1_3' title="bbox 124 747 1556 1815">
     <span class='ocr_line' id='line_1_11' title="bbox 217 747 1556 796; baseline 0.001 -10"><span class='ocrx_word' id='word_1_77' title='bbox 217 747 473 787; x_wconf 72' lang='lat' dir='ltr'>Convertitur</span> <span class='ocrx_word' id='word_1_78' title='bbox 504 749 579 786; x_wconf 87' lang='lat' dir='ltr'>hoc</span> <span class='ocrx_word' id='word_1_79' title='bbox 610 748 716 796; x_wconf 88' lang='lat' dir='ltr'>loco,</span> <span class='ocrx_word' id='word_1_80' title='bbox 748 747 918 796; x_wconf 82' lang='lat' dir='ltr'>iudices,</span> <span class='ocrx_word' id='word_1_81' title='bbox 957 748 1103 786; x_wconf 90' lang='lat' dir='ltr'>mulier</span> <span class='ocrx_word' id='word_1_82' title='bbox 1133 747 1278 786; x_wconf 84' lang='lat' dir='ltr'>infelix</span> <span class='ocrx_word' id='word_1_83' title='bbox 1315 748 1356 786; x_wconf 87' lang='lat' dir='ltr'>et</span> <span class='ocrx_word' id='word_1_84' title='bbox 1387 747 1501 787; x_wconf 87' lang='lat' dir='ltr'>velut</span> <span class='ocrx_word' id='word_1_85' title='bbox 1522 760 1556 787; x_wconf 75' lang='grc' dir='ltr'>ιο</span> 
     </span>
     <span class='ocr_line' id='line_1_12' title="bbox 128 803 1501 858; baseline -0.001 -11"><span class='ocrx_word' id='word_1_86' title='bbox 128 809 179 848; x_wconf 88' lang='lat' dir='ltr'>ad</span> <span class='ocrx_word' id='word_1_87' title='bbox 222 809 423 858; x_wconf 87' lang='lat' dir='ltr'>quandam</span> <span class='ocrx_word' id='word_1_88' title='bbox 468 809 738 858; x_wconf 76' lang='lat' dir='ltr'>praesentiam</span> <span class='ocrx_word' id='word_1_89' title='bbox 782 809 921 847; x_wconf 88' lang='lat' dir='ltr'>amissi</span> <span class='ocrx_word' id='word_1_90' title='bbox 963 809 1140 857; x_wconf 84' lang='lat' dir='ltr'>iuvenis,</span> <span class='ocrx_word' id='word_1_91' title='bbox 1181 803 1310 857; x_wconf 74' lang='lat' dir='ltr'>‘sive&#39;‚</span> <span class='ocrx_word' id='word_1_92' title='bbox 1353 808 1501 858; x_wconf 84' lang='lat' dir='ltr'>inquit,</span> 
     </span>
     <span class='ocr_line' id='line_1_13' title="bbox 128 866 1502 919; baseline -0.001 -11"><span class='ocrx_word' id='word_1_93' title='bbox 128 866 305 908; x_wconf 74' lang='lat' dir='ltr'>‘tandem</span> <span class='ocrx_word' id='word_1_94' title='bbox 325 870 538 908; x_wconf 81' lang='lat' dir='ltr'>securitate</span> <span class='ocrx_word' id='word_1_95' title='bbox 561 870 703 908; x_wconf 85' lang='lat' dir='ltr'>mortis</span> <span class='ocrx_word' id='word_1_96' title='bbox 730 869 942 919; x_wconf 89' lang='lat' dir='ltr'>explicitus</span> <span class='ocrx_word' id='word_1_97' title='bbox 967 869 1012 907; x_wconf 93' lang='lat' dir='ltr'>in</span> <span class='ocrx_word' id='word_1_98' title='bbox 1032 869 1168 919; x_wconf 86' lang='lat' dir='ltr'>aliquo</span> <span class='ocrx_word' id='word_1_99' title='bbox 1190 868 1294 908; x_wconf 88' lang='lat' dir='ltr'>sedis</span> <span class='ocrx_word' id='word_1_100' title='bbox 1315 869 1502 907; x_wconf 85' lang='lat' dir='ltr'>aeternae</span> 
     </span>
     <span class='ocr_line' id='line_1_14' title="bbox 126 928 1502 981; baseline 0 -13"><span class='ocrx_word' id='word_1_101' title='bbox 126 930 276 980; x_wconf 89' lang='lat' dir='ltr'>pudore</span> <span class='ocrx_word' id='word_1_102' title='bbox 302 931 528 980; x_wconf 83' lang='lat' dir='ltr'>requiescis,</span> <span class='ocrx_word' id='word_1_103' title='bbox 560 930 643 968; x_wconf 86' lang='lat' dir='ltr'>sive</span> <span class='ocrx_word' id='word_1_104' title='bbox 670 930 850 968; x_wconf 88' lang='lat' dir='ltr'>exclusus</span> <span class='ocrx_word' id='word_1_105' title='bbox 877 942 923 968; x_wconf 92' lang='lat' dir='ltr'>ac</span> <span class='ocrx_word' id='word_1_106' title='bbox 953 942 1076 981; x_wconf 84' lang='lat' dir='ltr'>vagus</span> <span class='ocrx_word' id='word_1_107' title='bbox 1109 930 1150 968; x_wconf 90' lang='lat' dir='ltr'>et</span> <span class='ocrx_word' id='word_1_108' title='bbox 1177 930 1285 968; x_wconf 90' lang='lat' dir='ltr'>inter</span> <span class='ocrx_word' id='word_1_109' title='bbox 1315 928 1502 968; x_wconf 86' lang='lat' dir='ltr'>fabulosa</span> 
     </span>
     <span class='ocr_line' id='line_1_15' title="bbox 126 990 1501 1040; baseline 0.001 -12"><span class='ocrx_word' id='word_1_110' title='bbox 126 991 322 1040; x_wconf 88' lang='lat' dir='ltr'>supplicia</span> <span class='ocrx_word' id='word_1_111' title='bbox 353 990 588 1029; x_wconf 86' lang='lat' dir='ltr'>metuendus</span> <span class='ocrx_word' id='word_1_112' title='bbox 621 990 750 1028; x_wconf 88' lang='lat' dir='ltr'>adhuc</span> <span class='ocrx_word' id='word_1_113' title='bbox 787 990 1034 1029; x_wconf 84' lang='lat' dir='ltr'>laceratione</span> <span class='ocrx_word' id='word_1_114' title='bbox 1066 1003 1138 1040; x_wconf 90' lang='lat' dir='ltr'>per</span> <span class='ocrx_word' id='word_1_115' title='bbox 1170 990 1376 1040; x_wconf 86' lang='lat' dir='ltr'>stupentes</span> <span class='ocrx_word' id='word_1_116' title='bbox 1408 990 1501 1029; x_wconf 89' lang='lat' dir='ltr'>hor-</span> 
     </span>
     <span class='ocr_line' id='line_1_16' title="bbox 125 1050 1556 1100; baseline 0.001 -12"><span class='ocrx_word' id='word_1_117' title='bbox 125 1052 335 1100; x_wconf 83' lang='lat' dir='ltr'>rentesque</span> <span class='ocrx_word' id='word_1_118' title='bbox 367 1063 502 1090; x_wconf 89' lang='lat' dir='ltr'>manes</span> <span class='ocrx_word' id='word_1_119' title='bbox 535 1050 677 1089; x_wconf 88' lang='lat' dir='ltr'>umbra</span> <span class='ocrx_word' id='word_1_120' title='bbox 709 1051 915 1100; x_wconf 86' lang='lat' dir='ltr'>discurris,</span> <span class='ocrx_word' id='word_1_121' title='bbox 950 1051 1046 1089; x_wconf 89' lang='lat' dir='ltr'>audi</span> <span class='ocrx_word' id='word_1_122' title='bbox 1076 1051 1326 1090; x_wconf 88' lang='lat' dir='ltr'>miserrimae</span> <span class='ocrx_word' id='word_1_123' title='bbox 1357 1051 1500 1090; x_wconf 85' lang='lat' dir='ltr'>matris</span> <span class='ocrx_word' id='word_1_124' title='bbox 1523 1063 1556 1090; x_wconf 84' lang='lat'>15</span> 
     </span>
     <span class='ocr_line' id='line_1_17' title="bbox 125 1111 1503 1161; baseline 0.001 -12"><span class='ocrx_word' id='word_1_125' title='bbox 125 1112 420 1160; x_wconf 88' lang='lat' dir='ltr'>iniquissimam</span> <span class='ocrx_word' id='word_1_126' title='bbox 452 1111 805 1161; x_wconf 88' lang='lat' dir='ltr'>conplorationem.</span> <span class='ocrx_word' id='word_1_127' title='bbox 869 1124 950 1150; x_wconf 90' lang='lat' dir='ltr'>non</span> <span class='ocrx_word' id='word_1_128' title='bbox 983 1111 1145 1161; x_wconf 87' lang='lat' dir='ltr'>quidem</span> <span class='ocrx_word' id='word_1_129' title='bbox 1176 1112 1294 1150; x_wconf 88' lang='lat' dir='ltr'>licuit</span> <span class='ocrx_word' id='word_1_130' title='bbox 1324 1111 1429 1150; x_wconf 82' lang='lat' dir='ltr'>mihi</span> <span class='ocrx_word' id='word_1_131' title='bbox 1458 1112 1503 1150; x_wconf 92' lang='lat' dir='ltr'>in</span> 
     </span>
     <span class='ocr_line' id='line_1_18' title="bbox 124 1167 1502 1223; baseline 0.001 -14"><span class='ocrx_word' id='word_1_132' title='bbox 124 1171 227 1209; x_wconf 90' lang='lat' dir='ltr'>illud</span> <span class='ocrx_word' id='word_1_133' title='bbox 259 1167 548 1223; x_wconf 87' lang='lat' dir='ltr'>[conditorum]</span> <span class='ocrx_word' id='word_1_134' title='bbox 589 1171 816 1210; x_wconf 86' lang='lat' dir='ltr'>cubiculum</span> <span class='ocrx_word' id='word_1_135' title='bbox 853 1173 948 1211; x_wconf 88' lang='lat' dir='ltr'>tuae</span> <span class='ocrx_word' id='word_1_136' title='bbox 986 1173 1128 1211; x_wconf 88' lang='lat' dir='ltr'>mortis</span> <span class='ocrx_word' id='word_1_137' title='bbox 1167 1173 1397 1222; x_wconf 88' lang='lat' dir='ltr'>inrumpere</span> <span class='ocrx_word' id='word_1_138' title='bbox 1429 1184 1502 1211; x_wconf 89' lang='lat' dir='ltr'>nec</span> 
     </span>
     <span class='ocr_line' id='line_1_19' title="bbox 126 1232 1502 1282; baseline 0.001 -12"><span class='ocrx_word' id='word_1_139' title='bbox 126 1244 247 1282; x_wconf 89' lang='lat' dir='ltr'>supra</span> <span class='ocrx_word' id='word_1_140' title='bbox 279 1233 484 1271; x_wconf 87' lang='lat' dir='ltr'>carissima</span> <span class='ocrx_word' id='word_1_141' title='bbox 521 1232 700 1270; x_wconf 89' lang='lat' dir='ltr'>membra</span> <span class='ocrx_word' id='word_1_142' title='bbox 736 1233 964 1282; x_wconf 87' lang='lat' dir='ltr'>prostratae</span> <span class='ocrx_word' id='word_1_143' title='bbox 1002 1234 1101 1272; x_wconf 90' lang='lat' dir='ltr'>meis</span> <span class='ocrx_word' id='word_1_144' title='bbox 1134 1233 1303 1272; x_wconf 87' lang='lat' dir='ltr'>vulnera</span> <span class='ocrx_word' id='word_1_145' title='bbox 1333 1234 1406 1272; x_wconf 89' lang='lat' dir='ltr'>tua</span> <span class='ocrx_word' id='word_1_146' title='bbox 1443 1233 1502 1271; x_wconf 86' lang='lat' dir='ltr'>te-</span> 
     </span>
     <span class='ocr_line' id='line_1_20' title="bbox 126 1293 1502 1344; baseline 0.001 -14"><span class='ocrx_word' id='word_1_147' title='bbox 126 1305 217 1344; x_wconf 86' lang='lat' dir='ltr'>gere</span> <span class='ocrx_word' id='word_1_148' title='bbox 254 1293 481 1332; x_wconf 86' lang='lat' dir='ltr'>visceribus.</span> <span class='ocrx_word' id='word_1_149' title='bbox 546 1293 653 1343; x_wconf 90' lang='lat' dir='ltr'>quod</span> <span class='ocrx_word' id='word_1_150' title='bbox 691 1293 821 1332; x_wconf 87' lang='lat' dir='ltr'>solum</span> <span class='ocrx_word' id='word_1_151' title='bbox 858 1295 996 1332; x_wconf 89' lang='lat' dir='ltr'>tamen</span> <span class='ocrx_word' id='word_1_152' title='bbox 1032 1294 1167 1344; x_wconf 89' lang='lat' dir='ltr'>potui,</span> <span class='ocrx_word' id='word_1_153' title='bbox 1209 1306 1353 1344; x_wconf 89' lang='lat' dir='ltr'>corpus</span> <span class='ocrx_word' id='word_1_154' title='bbox 1393 1293 1502 1344; x_wconf 87' lang='lat' dir='ltr'>quod</span> 
     </span>
     <span class='ocr_line' id='line_1_21' title="bbox 124 1352 1556 1406; baseline 0.002 -16"><span class='ocrx_word' id='word_1_155' title='bbox 124 1352 311 1402; x_wconf 88' lang='lat' dir='ltr'>medicus,</span> <span class='ocrx_word' id='word_1_156' title='bbox 345 1353 452 1403; x_wconf 88' lang='lat' dir='ltr'>quod</span> <span class='ocrx_word' id='word_1_157' title='bbox 475 1354 696 1403; x_wconf 88' lang='lat' dir='ltr'>reliquerat</span> <span class='ocrx_word' id='word_1_158' title='bbox 725 1355 853 1403; x_wconf 87' lang='lat' dir='ltr'>pater,</span> <span class='ocrx_word' id='word_1_159' title='bbox 885 1355 960 1393; x_wconf 88' lang='lat' dir='ltr'>hoc</span> <span class='ocrx_word' id='word_1_160' title='bbox 987 1355 1077 1393; x_wconf 86' lang='lat' dir='ltr'>sinu</span> <span class='ocrx_word' id='word_1_161' title='bbox 1103 1355 1252 1393; x_wconf 84' lang='lat' dir='ltr'>misera</span> <span class='ocrx_word' id='word_1_162' title='bbox 1280 1355 1427 1406; x_wconf 83' lang='lat' dir='ltr'>collegi</span> <span class='ocrx_word' id='word_1_163' title='bbox 1453 1366 1500 1393; x_wconf 87' lang='lat' dir='ltr'>ac</span> <span class='ocrx_word' id='word_1_164' title='bbox 1520 1367 1556 1393; x_wconf 81' lang='lat'>20</span> 
     </span>
     <span class='ocr_line' id='line_1_22' title="bbox 125 1414 1501 1483; baseline 0.001 -32"><span class='ocrx_word' id='word_1_165' title='bbox 125 1426 296 1452; x_wconf 86' lang='lat' dir='ltr'>vacuum</span> <span class='ocrx_word' id='word_1_166' title='bbox 332 1415 470 1464; x_wconf 89' lang='lat' dir='ltr'>pectus</span> <span class='ocrx_word' id='word_1_167' title='bbox 509 1414 668 1465; x_wconf 85' lang='lat' dir='ltr'>frigidis</span> <span class='ocrx_word' id='word_1_168' title='bbox 708 1414 953 1483; x_wconf 80' lang='lat' dir='ltr'>abiectisque</span> <span class='ocrx_word' id='word_1_169' title='bbox 991 1415 1211 1454; x_wconf 87' lang='lat' dir='ltr'>visceribus</span> <span class='ocrx_word' id='word_1_170' title='bbox 1250 1427 1388 1454; x_wconf 86' lang='lat' dir='ltr'>rursus</span> <span class='ocrx_word' id='word_1_171' title='bbox 1426 1415 1501 1453; x_wconf 89' lang='lat' dir='ltr'>im-</span> 
     </span>
     <span class='ocr_line' id='line_1_23' title="bbox 124 1474 1502 1525; baseline 0.002 -14"><span class='ocrx_word' id='word_1_172' title='bbox 124 1474 250 1523; x_wconf 82' lang='lat' dir='ltr'>plevi,</span> <span class='ocrx_word' id='word_1_173' title='bbox 295 1487 452 1524; x_wconf 87' lang='lat' dir='ltr'>sparsos</span> <span class='ocrx_word' id='word_1_174' title='bbox 497 1475 607 1514; x_wconf 89' lang='lat' dir='ltr'>artus</span> <span class='ocrx_word' id='word_1_175' title='bbox 650 1475 898 1524; x_wconf 86' lang='lat' dir='ltr'>amplexibus</span> <span class='ocrx_word' id='word_1_176' title='bbox 936 1476 1067 1525; x_wconf 88' lang='lat' dir='ltr'>iunxi⁷</span> <span class='ocrx_word' id='word_1_177' title='bbox 1111 1475 1292 1514; x_wconf 87' lang='lat' dir='ltr'>membra</span> <span class='ocrx_word' id='word_1_178' title='bbox 1337 1475 1502 1514; x_wconf 84' lang='lat' dir='ltr'>diducta</span> 
     </span>
     <span class='ocr_line' id='line_1_24' title="bbox 126 1535 1500 1588; baseline 0.002 -16"><span class='ocrx_word' id='word_1_179' title='bbox 126 1535 318 1584; x_wconf 89' lang='lat' dir='ltr'>conposui</span> <span class='ocrx_word' id='word_1_180' title='bbox 354 1536 394 1573; x_wconf 90' lang='lat' dir='ltr'>et</span> <span class='ocrx_word' id='word_1_181' title='bbox 432 1535 478 1573; x_wconf 90' lang='lat' dir='ltr'>de</span> <span class='ocrx_word' id='word_1_182' title='bbox 515 1536 626 1574; x_wconf 89' lang='lat' dir='ltr'>tristi</span> <span class='ocrx_word' id='word_1_183' title='bbox 663 1535 916 1586; x_wconf 89' lang='lat' dir='ltr'>terribilique</span> <span class='ocrx_word' id='word_1_184' title='bbox 954 1536 1057 1575; x_wconf 89' lang='lat' dir='ltr'>facie</span> <span class='ocrx_word' id='word_1_185' title='bbox 1095 1536 1261 1576; x_wconf 87' lang='lat' dir='ltr'>tandem</span> <span class='ocrx_word' id='word_1_186' title='bbox 1293 1537 1406 1588; x_wconf 88' lang='lat' dir='ltr'>aegri</span> <span class='ocrx_word' id='word_1_187' title='bbox 1437 1549 1500 1575; x_wconf 88' lang='lat' dir='ltr'>ca-</span> 
     </span>
     <span class='ocr_line' id='line_1_25' title="bbox 126 1593 1501 1647; baseline 0.003 -15"><span class='ocrx_word' id='word_1_188' title='bbox 126 1593 248 1632; x_wconf 90' lang='lat' dir='ltr'>daver</span> <span class='ocrx_word' id='word_1_189' title='bbox 284 1595 445 1633; x_wconf 88' lang='lat' dir='ltr'>imitata</span> <span class='ocrx_word' id='word_1_190' title='bbox 484 1608 582 1634; x_wconf 90' lang='lat' dir='ltr'>sum.</span> <span class='ocrx_word' id='word_1_191' title='bbox 645 1596 720 1634; x_wconf 88' lang='lat' dir='ltr'>hoc</span> <span class='ocrx_word' id='word_1_192' title='bbox 758 1597 819 1635; x_wconf 89' lang='lat' dir='ltr'>est</span> <span class='ocrx_word' id='word_1_193' title='bbox 855 1598 992 1635; x_wconf 89' lang='lat' dir='ltr'>tamen</span> <span class='ocrx_word' id='word_1_194' title='bbox 1031 1597 1139 1647; x_wconf 89' lang='lat' dir='ltr'>quod</span> <span class='ocrx_word' id='word_1_195' title='bbox 1177 1597 1225 1636; x_wconf 90' lang='lat' dir='ltr'>de</span> <span class='ocrx_word' id='word_1_196' title='bbox 1265 1597 1501 1636; x_wconf 84' lang='lat' dir='ltr'>tristissima</span> 
     </span>
     <span class='ocr_line' id='line_1_26' title="bbox 126 1653 1555 1708; baseline 0.003 -16"><span class='ocrx_word' id='word_1_197' title='bbox 126 1653 299 1692; x_wconf 88' lang='lat' dir='ltr'>orbitate</span> <span class='ocrx_word' id='word_1_198' title='bbox 329 1657 542 1705; x_wconf 85' lang='lat' dir='ltr'>praecipue</span> <span class='ocrx_word' id='word_1_199' title='bbox 574 1657 676 1694; x_wconf 90' lang='lat' dir='ltr'>ferre</span> <span class='ocrx_word' id='word_1_200' title='bbox 708 1670 789 1695; x_wconf 93' lang='lat' dir='ltr'>non</span> <span class='ocrx_word' id='word_1_201' title='bbox 820 1670 1000 1707; x_wconf 89' lang='lat' dir='ltr'>possum:</span> <span class='ocrx_word' id='word_1_202' title='bbox 1039 1658 1206 1708; x_wconf 89' lang='lat' dir='ltr'>propter</span> <span class='ocrx_word' id='word_1_203' title='bbox 1239 1658 1409 1696; x_wconf 90' lang='lat' dir='ltr'>fratrem</span> <span class='ocrx_word' id='word_1_204' title='bbox 1440 1658 1500 1696; x_wconf 87' lang='lat' dir='ltr'>vi-</span> <span class='ocrx_word' id='word_1_205' title='bbox 1521 1670 1555 1697; x_wconf 79' lang='lat'>25</span> 
     </span>
     <span class='ocr_line' id='line_1_27' title="bbox 127 1714 1501 1769; baseline 0.003 -17"><span class='ocrx_word' id='word_1_206' title='bbox 127 1714 230 1753; x_wconf 84' lang='lat' dir='ltr'>deris</span> <span class='ocrx_word' id='word_1_207' title='bbox 263 1716 430 1764; x_wconf 83' lang='lat' dir='ltr'>occisus,</span> <span class='ocrx_word' id='word_1_208' title='bbox 470 1729 542 1755; x_wconf 91' lang='lat' dir='ltr'>nec</span> <span class='ocrx_word' id='word_1_209' title='bbox 573 1718 710 1755; x_wconf 89' lang='lat' dir='ltr'>tamen</span> <span class='ocrx_word' id='word_1_210' title='bbox 742 1731 933 1768; x_wconf 84' lang='lat' dir='ltr'>umquam</span> <span class='ocrx_word' id='word_1_211' title='bbox 966 1719 1149 1758; x_wconf 88' lang='lat' dir='ltr'>constare</span> <span class='ocrx_word' id='word_1_212' title='bbox 1187 1719 1340 1769; x_wconf 86' lang='lat' dir='ltr'>poterit</span> <span class='ocrx_word' id='word_1_213' title='bbox 1371 1731 1424 1757; x_wconf 87' lang='lat' dir='ltr'>an</span> <span class='ocrx_word' id='word_1_214' title='bbox 1454 1719 1501 1757; x_wconf 88' lang='lat' dir='ltr'>tu</span> 
     </span>
     <span class='ocr_line' id='line_1_28' title="bbox 125 1776 536 1815; baseline 0.005 -2"><span class='ocrx_word' id='word_1_215' title='bbox 125 1776 328 1814; x_wconf 88' lang='lat' dir='ltr'>sanaveris</span> <span class='ocrx_word' id='word_1_216' title='bbox 360 1776 536 1815; x_wconf 87' lang='lat' dir='ltr'>fratrem.</span> 
     </span>
    </p>
   </div>
   <div class='ocr_carea' id='block_1_3' title="bbox 123 1850 413 1857">
    <p class='ocr_par' dir='ltr' id='par_1_4' title="bbox 123 1850 413 1857">
     <span class='ocr_line' id='line_1_29' title="bbox 123 1850 413 1857; baseline 0 0"><span class='ocrx_word' id='word_1_217' title='bbox 123 1850 413 1857; x_wconf 95' lang='lat' dir='ltr'> </span> 
     </span>
    </p>
   </div>
   <div class='ocr_carea' id='block_1_4' title="bbox 124 1891 1504 2275">
    <p class='ocr_par' dir='ltr' id='par_1_5' title="bbox 124 1891 1504 2171">
     <span class='ocr_line' id='line_1_30' title="bbox 226 1891 1503 1946; baseline 0.005 -22"><span class='ocrx_word' id='word_1_218' title='bbox 226 1894 243 1925; x_wconf 89' lang='lat'>1</span> <span class='ocrx_word' id='word_1_219' title='bbox 270 1891 457 1946; x_wconf 63' lang='lat' dir='ltr'>transigi}</span> <span class='ocrx_word' id='word_1_220' title='bbox 475 1897 512 1926; x_wconf 99' lang='grc' dir='ltr'><strong><em>Β</em></strong></span> <span class='ocrx_word' id='word_1_221' title='bbox 572 1895 592 1926; x_wconf 86' lang='grc'><strong>3</strong></span> <span class='ocrx_word' id='word_1_222' title='bbox 620 1892 760 1927; x_wconf 85' lang='lat' dir='ltr'>cotidie</span> <span class='ocrx_word' id='word_1_223' title='bbox 781 1904 847 1928; x_wconf 87' lang='lat' dir='ltr'>om</span> <span class='ocrx_word' id='word_1_224' title='bbox 869 1900 897 1927; x_wconf 99' lang='lat' dir='ltr'><em>V</em></span> <span class='ocrx_word' id='word_1_225' title='bbox 959 1897 981 1928; x_wconf 86' lang='lat'>4</span> <span class='ocrx_word' id='word_1_226' title='bbox 1007 1893 1163 1929; x_wconf 84' lang='lat' dir='ltr'>fruitur:</span> <span class='ocrx_word' id='word_1_227' title='bbox 1186 1894 1294 1929; x_wconf 89' lang='lat' dir='ltr'>-ruit-</span> <span class='ocrx_word' id='word_1_228' title='bbox 1315 1895 1358 1930; x_wconf 73' lang='lat' dir='ltr'>in</span> <span class='ocrx_word' id='word_1_229' title='bbox 1376 1905 1450 1930; x_wconf 79' lang='lat' dir='ltr'>ras.</span> <span class='ocrx_word' id='word_1_230' title='bbox 1465 1899 1503 1929; x_wconf 85' lang='lat' dir='ltr'><em>B</em></span> 
     </span>
     <span class='ocr_line' id='line_1_31' title="bbox 127 1938 1431 1988; baseline 0.004 -15"><span class='ocrx_word' id='word_1_231' title='bbox 127 1942 147 1973; x_wconf 78' lang='lat'><strong>7</strong></span> <span class='ocrx_word' id='word_1_232' title='bbox 175 1938 380 1984; x_wconf 84' lang='lat' dir='ltr'>superiruis</span> <span class='ocrx_word' id='word_1_233' title='bbox 407 1946 443 1974; x_wconf 89' lang='lat' dir='ltr'><strong><em>P</em></strong></span> <span class='ocrx_word' id='word_1_234' title='bbox 528 1944 569 1975; x_wconf 89' lang='lat'>11</span> <span class='ocrx_word' id='word_1_235' title='bbox 599 1940 755 1976; x_wconf 84' lang='lat' dir='ltr'>admissi</span> <span class='ocrx_word' id='word_1_236' title='bbox 780 1948 812 1976; x_wconf 83' lang='lat' dir='ltr'><em>J</em></span> <span class='ocrx_word' id='word_1_237' title='bbox 895 1946 938 1977; x_wconf 83' lang='lat'>12</span> <span class='ocrx_word' id='word_1_238' title='bbox 967 1953 1037 1988; x_wconf 87' lang='lat' dir='ltr'>exp</span> <span class='ocrx_word' id='word_1_239' title='bbox 1039 1942 1168 1977; x_wconf 88' lang='lat' dir='ltr'>licitus</span> <span class='ocrx_word' id='word_1_240' title='bbox 1195 1954 1240 1978; x_wconf 72' lang='lat' dir='ltr'>ea:</span> <span class='ocrx_word' id='word_1_241' title='bbox 1265 1943 1367 1978; x_wconf 81' lang='lat' dir='ltr'>-atus</span> <span class='ocrx_word' id='word_1_242' title='bbox 1392 1948 1431 1977; x_wconf 92' lang='grc' dir='ltr'><strong><em>Β</em></strong></span> 
     </span>
     <span class='ocr_line' id='line_1_32' title="bbox 126 1988 1504 2037; baseline 0.004 -15"><span class='ocrx_word' id='word_1_243' title='bbox 126 1988 280 2022; x_wconf 88' lang='lat' dir='ltr'>aeterno</span> <span class='ocrx_word' id='word_1_244' title='bbox 300 1993 336 2021; x_wconf 91' lang='grc' dir='ltr'><strong><em>Β</em></strong></span> <span class='ocrx_word' id='word_1_245' title='bbox 410 1991 453 2023; x_wconf 83' lang='lat'>15</span> <span class='ocrx_word' id='word_1_246' title='bbox 479 1999 608 2023; x_wconf 82' lang='lat' dir='ltr'>manes</span> <span class='ocrx_word' id='word_1_247' title='bbox 636 1989 704 2023; x_wconf 83' lang='lat' dir='ltr'>sub</span> <span class='ocrx_word' id='word_1_248' title='bbox 730 1989 865 2025; x_wconf 88' lang='lat' dir='ltr'>umbra</span> <span class='ocrx_word' id='word_1_249' title='bbox 883 1997 921 2024; x_wconf 87' lang='lat' dir='ltr'><em>B</em></span> <span class='ocrx_word' id='word_1_250' title='bbox 995 1995 1038 2026; x_wconf 84' lang='lat'>16</span> <span class='ocrx_word' id='word_1_251' title='bbox 1066 1990 1453 2037; x_wconf 84' lang='lat' dir='ltr'>decomplorationem</span> <span class='ocrx_word' id='word_1_252' title='bbox 1472 1998 1504 2026; x_wconf 82' lang='lat' dir='ltr'><em>J</em></span> 
     </span>
     <span class='ocr_line' id='line_1_33' title="bbox 128 2035 1500 2085; baseline 0.004 -16"><span class='ocrx_word' id='word_1_253' title='bbox 128 2038 171 2069; x_wconf 79' lang='lat'>17</span> <span class='ocrx_word' id='word_1_254' title='bbox 199 2035 451 2070; x_wconf 86' lang='lat' dir='ltr'>conditorium</span> <span class='ocrx_word' id='word_1_255' title='bbox 477 2036 589 2072; x_wconf 77' lang='lat' dir='ltr'>deleto</span> <span class='ocrx_word' id='word_1_256' title='bbox 616 2036 832 2072; x_wconf 88' lang='lat' dir='ltr'>cubiculum</span> <span class='ocrx_word' id='word_1_257' title='bbox 859 2038 936 2074; x_wconf 78' lang='lat' dir='ltr'>Seh.</span> <span class='ocrx_word' id='word_1_258' title='bbox 1024 2042 1067 2074; x_wconf 87' lang='grc'>18</span> <span class='ocrx_word' id='word_1_259' title='bbox 1094 2041 1369 2085; x_wconf 83' lang='lat' dir='ltr'>prostratae—</span> <span class='ocrx_word' id='word_1_260' title='bbox 1383 2051 1500 2075; x_wconf 86' lang='lat' dir='ltr'>mem-</span> 
     </span>
     <span class='ocr_line' id='line_1_34' title="bbox 124 2083 1504 2133; baseline 0.004 -15"><span class='ocrx_word' id='word_1_261' title='bbox 124 2083 195 2119; x_wconf 86' lang='lat' dir='ltr'>bra</span> <span class='ocrx_word' id='word_1_262' title='bbox 221 2084 320 2119; x_wconf 75' lang='lat' dir='ltr'>linea</span> <span class='ocrx_word' id='word_1_263' title='bbox 339 2087 383 2118; x_wconf 82' lang='grc'>22</span> <span class='ocrx_word' id='word_1_264' title='bbox 412 2096 478 2120; x_wconf 85' lang='lat' dir='ltr'>om.</span> <span class='ocrx_word' id='word_1_265' title='bbox 499 2091 527 2118; x_wconf 87' lang='lat' dir='ltr'><em>V</em></span> <span class='ocrx_word' id='word_1_266' title='bbox 620 2089 663 2120; x_wconf 92' lang='grc'>21</span> <span class='ocrx_word' id='word_1_267' title='bbox 693 2086 927 2132; x_wconf 81' lang='lat' dir='ltr'>adiectisque</span> <span class='ocrx_word' id='word_1_268' title='bbox 953 2094 1026 2132; x_wconf 81' lang='grc' dir='ltr'>Ββ;</span> <span class='ocrx_word' id='word_1_269' title='bbox 1054 2088 1290 2133; x_wconf 82' lang='lat' dir='ltr'>adiectisque</span> <span class='ocrx_word' id='word_1_270' title='bbox 1315 2099 1360 2123; x_wconf 73' lang='lat' dir='ltr'>ea:</span> <span class='ocrx_word' id='word_1_271' title='bbox 1387 2088 1452 2123; x_wconf 85' lang='lat' dir='ltr'>ab·</span> <span class='ocrx_word' id='word_1_272' title='bbox 1471 2095 1504 2123; x_wconf 79' lang='lat' dir='ltr'><em>J</em></span> 
     </span>
     <span class='ocr_line' id='line_1_35' title="bbox 127 2132 1140 2171; baseline 0.005 -5"><span class='ocrx_word' id='word_1_273' title='bbox 127 2135 172 2167; x_wconf 82' lang='lat'>23</span> <span class='ocrx_word' id='word_1_274' title='bbox 197 2132 344 2167; x_wconf 83' lang='lat' dir='ltr'>tantem</span> <span class='ocrx_word' id='word_1_275' title='bbox 369 2138 406 2167; x_wconf 84' lang='lat' dir='ltr'><em>B</em></span> <span class='ocrx_word' id='word_1_276' title='bbox 502 2137 547 2167; x_wconf 81' lang='grc'>24</span> <span class='ocrx_word' id='word_1_277' title='bbox 573 2133 751 2169; x_wconf 86' lang='lat' dir='ltr'>inmitata</span> <span class='ocrx_word' id='word_1_278' title='bbox 776 2141 813 2169; x_wconf 92' lang='grc' dir='ltr'><strong><em>Β</em></strong></span> <span class='ocrx_word' id='word_1_279' title='bbox 907 2135 1076 2171; x_wconf 86' lang='lat' dir='ltr'>trissima</span> <span class='ocrx_word' id='word_1_280' title='bbox 1102 2143 1140 2171; x_wconf 91' lang='grc' dir='ltr'><strong><em>Β</em></strong></span> 
     </span>
    </p>

    <p class='ocr_par' dir='ltr' id='par_1_6' title="bbox 125 2179 1500 2275">
     <span class='ocr_line' id='line_1_36' title="bbox 221 2179 1499 2223; baseline 0.005 -9"><span class='ocrx_word' id='word_1_281' title='bbox 221 2179 271 2215; x_wconf 93' lang='grc' dir='ltr'>Μ.</span> <span class='ocrx_word' id='word_1_282' title='bbox 284 2180 415 2215; x_wconf 83' lang='lat' dir='ltr'>FABII</span> <span class='ocrx_word' id='word_1_283' title='bbox 429 2180 764 2223; x_wconf 83' lang='lat' dir='ltr'>QVINTILLIANI</span> <span class='ocrx_word' id='word_1_284' title='bbox 778 2182 953 2218; x_wconf 86' lang='lat' dir='ltr'>GEMINI</span> <span class='ocrx_word' id='word_1_285' title='bbox 966 2184 1262 2220; x_wconf 83' lang='lat' dir='ltr'><strong>LANGENTES</strong></span> <span class='ocrx_word' id='word_1_286' title='bbox 1276 2183 1499 2220; x_wconf 85' lang='lat' dir='ltr'>EXPLICIT</span> 
     </span>
     <span class='ocr_line' id='line_1_37' title="bbox 125 2227 1500 2275; baseline 0.004 -12"><span class='ocrx_word' id='word_1_287' title='bbox 125 2227 305 2264; x_wconf 75' lang='lat' dir='ltr'>INCIPIT</span> <span class='ocrx_word' id='word_1_288' title='bbox 332 2228 617 2264; x_wconf 83' lang='lat' dir='ltr'>GLADIATOR</span> <span class='ocrx_word' id='word_1_289' title='bbox 641 2236 678 2264; x_wconf 87' lang='grc' dir='ltr'><strong><em>Β</em></strong></span> <span class='ocrx_word' id='word_1_290' title='bbox 768 2231 816 2266; x_wconf 93' lang='grc' dir='ltr'>Μ.</span> <span class='ocrx_word' id='word_1_291' title='bbox 839 2231 952 2267; x_wconf 87' lang='lat' dir='ltr'>FABI</span> <span class='ocrx_word' id='word_1_292' title='bbox 978 2232 1294 2275; x_wconf 82' lang='lat' dir='ltr'>QVINTILIANI.</span> <span class='ocrx_word' id='word_1_293' title='bbox 1323 2232 1500 2268; x_wconf 83' lang='lat' dir='ltr'>GEMINI</span> 
     </span>
    </p>
   </div>
   <div class='ocr_carea' id='block_1_5' title="bbox 125 2281 1501 2386">
    <p class='ocr_par' dir='ltr' id='par_1_7' title="bbox 125 2281 1501 2386">
     <span class='ocr_line' id='line_1_38' title="bbox 125 2281 1500 2338; baseline 0.004 -15"><span class='ocrx_word' id='word_1_294' title='bbox 125 2288 448 2324; x_wconf 80' lang='lat' dir='ltr'><strong>LANGVENTEs</strong></span> <span class='ocrx_word' id='word_1_295' title='bbox 475 2281 659 2331; x_wconf 80' lang='lat' dir='ltr'>EXPLIC.</span> <span class='ocrx_word' id='word_1_296' title='bbox 688 2293 919 2338; x_wconf 73' lang='lat' dir='ltr'>(atramento)</span> <span class='ocrx_word' id='word_1_297' title='bbox 945 2286 1077 2328; x_wconf 67' lang='lat' dir='ltr'>INCIF</span> <span class='ocrx_word' id='word_1_298' title='bbox 1102 2292 1388 2329; x_wconf 76' lang='lat' dir='ltr'>GLADIATOR</span> <span class='ocrx_word' id='word_1_299' title='bbox 1418 2295 1500 2337; x_wconf 80' lang='lat' dir='ltr'>(mi—</span> 
     </span>
     <span class='ocr_line' id='line_1_39' title="bbox 125 2338 1501 2386; baseline 0.004 -14"><span class='ocrx_word' id='word_1_300' title='bbox 125 2338 202 2381; x_wconf 74' lang='lat' dir='ltr'>nio)</span> <span class='ocrx_word' id='word_1_301' title='bbox 227 2343 255 2372; x_wconf 88' lang='lat' dir='ltr'><em>V</em></span> <span class='ocrx_word' id='word_1_302' title='bbox 347 2339 471 2374; x_wconf 83' lang='lat' dir='ltr'>eadem</span> <span class='ocrx_word' id='word_1_303' title='bbox 497 2344 541 2373; x_wconf 83' lang='lat' dir='ltr'><em>M</em></span> <span class='ocrx_word' id='word_1_304' title='bbox 561 2339 624 2375; x_wconf 80' lang='lat' dir='ltr'>sed</span> <span class='ocrx_word' id='word_1_305' title='bbox 649 2340 764 2376; x_wconf 76' lang='lat' dir='ltr'>minio</span> <span class='ocrx_word' id='word_1_306' title='bbox 785 2342 915 2386; x_wconf 69' lang='lat' dir='ltr'>pimit</span> <span class='ocrx_word' id='word_1_307' title='bbox 939 2341 1118 2378; x_wconf 85' lang='lat' dir='ltr'>INCIPIT</span> <span class='ocrx_word' id='word_1_308' title='bbox 1144 2341 1501 2378; x_wconf 77' lang='lat' dir='ltr'><em>ARGVMENTVM</em></span> 
     </span>
    </p>
   </div>
  </div>
 </body>
</html>
