1638 2560
118 1756 166 1793 11

189 75 274 118 176
733 70 1017 108 GLADIATOR

187 190 294 240 quod
330 189 430 228 mihi
466 190 550 227 tam
587 200 731 238 parum
769 186 976 225 obiciatur.
1039 185 1304 236 redemptoris
1336 186 1416 226 mei
1450 186 1560 237 patri

186 250 227 288 in
259 250 433 300 pretium
464 262 597 287 meum
628 248 741 296 orbo,
775 248 908 299 egenti
947 245 1044 296 quid
1080 244 1301 296 praestiti?
1359 245 1467 296 quod
1497 246 1560 297 pi·

185 312 275 349 rata
314 312 448 360 capto,
488 309 594 359 quod
635 308 784 347 lanista
825 307 1060 359 gladiatori,
1103 307 1289 358 exiguam
1330 307 1478 357 stipem
1519 308 1560 346 et

186 370 294 410 cibos
319 383 474 420 semper
497 369 700 419 petendos.
751 368 992 418 quantulum
1019 368 1125 406 enim
1151 367 1240 406 dari
1264 367 1426 418 poterat
1451 367 1561 418 quod

186 443 265 470 non
294 430 461 469 sentiret
485 430 668 468 dominus
693 430 779 468 tam
805 426 1012 467 curiosus?
1062 427 1110 466 de
1141 428 1217 467 hac
1241 441 1284 466 re
1310 427 1558 478 consedistis,
1597 441 1613 468 5

185 491 259 530 hoc
285 491 502 530 concitavit
532 491 652 529 istam
683 489 821 528 iudicii
848 501 1045 537 scaenam,
1076 488 1193 539 panis
1220 488 1337 528 datus
1363 487 1559 539 mendico,

187 552 226 589 et
264 550 436 589 dilatata
472 551 548 589 hac
591 549 852 600 impotentiae
897 550 1058 588 nostrae
1097 548 1284 599 opinione
1322 548 1561 589 videbamur

187 611 334 650 amicos
367 611 470 650 ferro
503 611 691 659 occidere,
725 610 908 648 inimicos
939 610 1058 648 fame.
1122 611 1397 660 computemus
1429 610 1560 649 totam

185 673 305 711 istam
336 684 448 710 meae
478 671 658 710 luxuriae
689 671 930 720 impensam,
969 669 1106 708 audite
1139 682 1336 709 summam
1367 671 1408 709 et
1439 671 1560 710 mira-

185 732 301 780 mini,
332 731 367 771 si
396 731 468 771 hos
501 733 682 781 sumptus
714 744 763 770 ne
799 730 965 770 divitiae
998 730 1159 780 quidem
1190 729 1400 770 sustinent.
1450 731 1560 770 tanti
1579 743 1614 771 ιο

187 794 343 831 constat
366 792 474 842 patri
500 791 714 842 captivitas
740 804 840 841 mea,
871 804 961 830 cum
986 793 1072 830 tam
1099 803 1190 830 caro
1215 791 1445 842 redemptus
1470 790 1558 831 sim.

188 865 265 903 quo
296 852 459 891 tandem
488 853 679 902 patereris
706 853 852 901 animo,
884 852 918 890 si
945 851 1139 891 delicatus
1165 851 1414 902 adulescens,
1444 864 1559 902 prae-

187 913 323 952 sertim
354 912 570 963 splendidis
603 912 762 962 opibus,
793 913 858 951 vel
891 925 937 951 ex
968 914 1100 951 aetate
1138 925 1268 952 mores
1303 912 1369 952 vel
1401 925 1448 951 ex
1479 912 1560 951 for·
1629 962 1632 966 Δ

186 975 285 1012 tuna
320 974 530 1012 traxissem
568 975 609 1012 et
639 973 880 1023 tempestiva
912 973 1097 1012 convivia
1129 974 1170 1012 et
1200 972 1415 1025 pervigiles
1449 973 1565 1013 iocos*

188 1034 382 1072 advocata
426 1033 623 1073 sodalium
666 1033 785 1072 turba
822 1033 978 1072 solutus
1017 1035 1140 1084 atque
1179 1033 1358 1073 adfluens
1400 1046 1562 1086 agerem
1581 1046 1615 1074 15

188 1096 423 1144 tantumque
460 1094 730 1144 impenderem
762 1095 959 1144 quantum
990 1107 1070 1133 non
1101 1095 1237 1145 posset
1267 1095 1308 1134 te
1346 1095 1562 1146 ignorante

189 1154 382 1204 consumi,
422 1167 525 1204 quae
557 1157 692 1193 tamen
724 1155 812 1205 ipsa
843 1154 939 1193 boni
975 1157 1111 1205 patres
1149 1154 1322 1194 libenter
1353 1154 1469 1194 annis
1501 1168 1560 1195 re·

187 1214 392 1264 miserunt,
423 1227 513 1253 cum
540 1215 790 1254 abdicatione
817 1215 983 1266 dignum
1014 1217 1132 1266 putes
1160 1217 1200 1255 et
1224 1215 1369 1255 ultimo
1401 1215 1560 1266 patriae

187 1275 398 1325 potestatis
443 1276 609 1314 fulmine
654 1275 914 1314 coercendum
952 1289 1075 1326 quare
1119 1276 1302 1315 mendico
1341 1277 1428 1315 seni
1467 1288 1558 1327 por·

186 1336 367 1385 rexerim,
398 1337 445 1374 ut
475 1336 706 1386 parcissime
739 1336 880 1386 dicam,
914 1336 1020 1387 quod
1051 1337 1114 1375 illi
1144 1336 1251 1376 filius
1283 1335 1424 1376 misit?
1478 1349 1560 1376 non
1579 1350 1615 1376 2⁰

186 1395 394 1446 redempta
424 1397 624 1446 meretriX,
655 1409 735 1435 non
767 1399 947 1448 egestum
979 1397 1174 1437 conviviis
1206 1397 1359 1447 faenus,
1393 1410 1474 1436 non
1505 1397 1561 1436 le-

187 1469 335 1494 nonum
365 1457 713 1507 parasitorumque
746 1470 839 1496 cara
871 1457 1051 1496 adulatio
1087 1459 1130 1496 in
1162 1458 1312 1497 crimen
1343 1457 1472 1508 venit,
1506 1458 1560 1497 ci-

187 1515 301 1554 baria
341 1517 443 1555 senis
482 1530 623 1568 nempe
661 1517 780 1557 unius
822 1519 955 1557 aetate
996 1531 1042 1557 ac
1079 1519 1197 1558 malis
1239 1518 1420 1558 confecti.
1483 1518 1560 1557 hoc

189 1575 351 1616 divitias
388 1579 479 1616 tuas
518 1577 724 1616 concutit?
766 1579 840 1618 hoc
883 1578 1097 1617 fundatam
1141 1578 1320 1630 paternis
1359 1579 1559 1629 avitisque

189 1636 329 1685 opibus
373 1637 535 1676 domum
578 1637 787 1677 exhaurit?
856 1639 890 1678 si
933 1640 1019 1678 tam
1062 1652 1208 1679 avarus
1254 1652 1313 1690 es,
1357 1641 1560 1690 computa,
1579 1652 1614 1680 π

190 1696 317 1735 adhuc
349 1697 396 1735 de
429 1698 559 1737 alieno
590 1699 683 1737 vixi.

277 1757 334 1796 At
369 1758 467 1797 haec
504 1759 673 1798 fortasse
707 1772 808 1809 quae
841 1760 1074 1800 circumstat
1110 1761 1306 1800 iudicium
1341 1772 1488 1800 corona
1519 1762 1560 1799 et

189 1817 316 1856 omnis
354 1818 496 1869 ignara
533 1831 675 1858 causae
712 1819 832 1858 turba
869 1833 1061 1872 magnum
1091 1823 1224 1860 nescio
1264 1820 1362 1872 quid
1394 1823 1434 1860 et
1467 1833 1559 1871 por-

286 1960 304 1991 1
332 1957 452 2002 patris
482 1965 508 1991 <f
604 1962 623 1993 3
651 1958 814 2005 stipem}
840 1960 876 2005 (3
902 1959 969 1996 litt.
991 1961 1054 2006 er.)
1080 1966 1109 1995 V
1201 1963 1221 1996 5
1256 1938 1466 1996 dominfin

189 2007 209 2038 6
236 2004 370 2040 iudicii
395 2017 462 2041 om.
490 2012 517 2039 V
635 2009 653 2040 7
681 2007 877 2042 videamur
907 2014 946 2051 νς
979 2008 1151 2044 videmur
1176 2015 1219 2044 M
1338 2012 1360 2044 8
1387 2008 1560 2045 occidere

186 2052 286 2088 ferro
318 2059 345 2087 V
474 2057 494 2089 9
527 2053 696 2090 luxoriae
727 2061 755 2089 V
870 2055 1042 2092 luxuriae
1066 2067 1175 2093 meae
1201 2066 1220 2100 β
1356 2060 1400 2092 10
1429 2068 1500 2093 nec
1524 2063 1563 2093 Β

190 2104 234 2136 13
267 2101 402 2147 opibus
430 2109 465 2137 s:
500 2102 674 2148 operibus
701 2118 730 2137 ω
855 2107 899 2138 14
930 2105 1145 2141 traxissem:
1180 2105 1403 2140 transissem
1433 2112 1467 2142 J

188 2149 290 2185 iocos
317 2158 377 2193 30⁸:
404 2149 506 2186 locos
527 2165 551 2185 α
571 2150 686 2196 (locos
706 2151 764 2187 vel
784 2151 886 2187 iocos
911 2165 1011 2199 supr.
1032 2156 1106 2200 m>3
1132 2153 1226 2190 licos
1245 2168 1283 2198 y3
1310 2153 1420 2189 ludos
1442 2161 1464 2189 ς’

190 2201 233 2232 17
259 2197 423 2234 libenter
442 2209 508 2235 om.
530 2205 575 2242 Β,
594 2211 694 2245 supr.
709 2211 807 2236 man.
830 2201 908 2236 alia
983 2205 1026 2236 19
1053 2202 1282 2248 perrexerim
1300 2208 1338 2237 B
1410 2205 1454 2237 21
1481 2212 1560 2238 me-

187 2246 298 2281 ritrix
322 2252 359 2282 Β
472 2246 650 2283 lenonum
675 2260 719 2283 em
743 2247 828 2284 leno
854 2260 929 2284 non
954 2255 991 2284 B
1111 2255 1156 2286 22
1185 2250 1441 2296 parasitorum
1467 2261 1559 2296 quo-

189 2329 261 2364 que
286 2325 324 2354 B
407 2318 605 2355 adhulatio
637 2327 664 2354 v
757 2325 801 2356 25
835 2309 1007 2365 exhaugit
1034 2329 1077 2358 M
1171 2326 1216 2358 27
1244 2323 1293 2358 ad
1318 2328 1398 2358 mn
1488 2322 1560 2359 cir-

189 2368 312 2403 costat
336 2374 373 2402 P
467 2367 635 2403 iudicum
663 2375 722 2411 Μβ
820 2373 865 2405 28
892 2381 1006 2406 causa
1032 2378 1068 2406 P
