1638 2560
546 127 864 167 DECLAMAno
889 129 969 166 ΧΠ.
1359 130 1448 174 379
1519 112 1523 116 ⁴

68 246 329 296 frumentum,
360 246 457 297 quia
472 245 623 291 ‚classis
654 246 767 285 venit
791 246 835 284 in
859 246 1034 296 portum.
1096 246 1157 285 ita
1187 257 1259 285 vos
1291 245 1448 286 alienae

62 307 249 346 civitatis
267 318 271 322 ·
289 306 470 359 legatum
499 307 682 346 misimus
722 307 762 345 et
793 307 1019 345 vicinorum
1059 306 1214 346 deliciis
1254 307 1450 347 morimur

68 366 312 406 innocentes.
374 366 555 419 legatum
585 367 769 407 nostrum
800 379 920 417 quem
951 368 1186 417 creavimus,
1217 368 1302 406 iam
1333 367 1448 406 dinu-

67 427 234 467 meratis
262 427 512 478 temporibus
551 439 655 478 quae
693 427 857 467 secundi
893 429 1005 466 venti
1035 428 1223 467 breviora
1254 428 1447 478 fecerunt,

23 499 50 528 :5
70 487 219 528 cotidie
243 499 461 540 speramus,
493 501 566 527 nec
591 488 707 538 redit,
741 501 831 527 cum
855 489 995 539 possit.
1057 489 1138 539 ipsi
1169 501 1265 541 ergo
1298 489 1449 528 dictam

69 548 344 588 calamitatem
387 549 558 599 imputo.
625 549 789 599 poteras
833 547 967 588 dicere
1010 549 1156 599 quibus
1199 549 1449 588 frumentum

68 609 286 650 vendebas:
318 610 365 648 ut
389 610 567 649 vestram
592 609 801 648 civitatem
832 622 999 660 servem,
1030 622 1162 649 meam
1190 611 1338 649 everto.
1401 612 1449 649 tu

68 669 192 721 duplo
216 670 465 709 frumentum
490 669 630 709 vendis
656 671 697 709 et
715 670 790 709 hoc
809 669 922 709 lucro
945 670 1143 720 populum
1165 671 1282 709 tuum
1300 670 1447 722 perdis.

67 730 164 769 dum
194 731 365 770 moraris
395 730 623 780 vendendo,
656 731 923 770 acceleramus
955 731 1174 770 moriendo.
1238 731 1308 771 scd
1340 731 1448 771 dices

1 801 48 831 (ιο
65 791 222 831 forsan:
253 791 333 831 nisi
364 791 634 831 vendidissem
664 791 771 830 fame
803 790 1006 830 laboranti
1031 791 1201 842 civitati,
1233 792 1365 842 timui,
1397 805 1447 831 ne

63 853 236 902 raperet.
288 847 361 904 [it]
379 852 442 891 ita
464 852 606 902 utique
631 864 826 902 occupare
845 852 1023 902 voluisti,
1043 853 1090 891 ut
1114 852 1229 892 nobis
1254 853 1448 892 iniuriam

63 914 111 951 tu
141 911 397 962 potissimum
437 913 600 952 faceres.
672 925 722 951 ne
755 923 827 951 nos
868 912 1107 963 periremus,
1147 926 1229 952 non
1259 914 1447 952 timuisti.

63 973 218 1023 partire
242 972 405 1012 deberes
425 973 482 1012 eis
508 972 649 1024 gratis,
673 972 771 1011 dum
788 973 904 1012 nobis
931 973 1087 1023 ahquid
1114 985 1193 1024 quo
1218 971 1446 1026 res<p>ire-

65 1045 173 1083 mus,
217 1033 390 1072 afferres.
462 1034 667 1072 fortunam
712 1033 874 1073 deberes
919 1034 1124 1073 dimittere
1162 1034 1294 1074 facere
1339 1034 1447 1085 quod

2 1107 45 1134 ιιι»
64 1093 198 1133 vellet.
253 1093 412 1145 legatus
439 1107 464 1133 a
487 1095 702 1145 praecepto
733 1107 815 1133 non
846 1094 1023 1134 debuisti
1047 1095 1240 1134 recedere.
1297 1096 1446 1135 referre

63 1152 240 1193 debuisti
257 1154 372 1194 nobis
391 1155 586 1193 iniuriam
604 1156 796 1204 nostram,
821 1155 983 1194 mittere
1005 1157 1188 1205 nuntios3
1213 1157 1276 1195 ira
1296 1156 1446 1195 famem

63 1214 324 1265 differremus,
355 1227 586 1266 raperemus
617 1215 795 1255 furentes
828 1228 961 1266 arma,
993 1216 1035 1254 in
1067 1216 1318 1255 obsidionem
1350 1216 1445 1256 civi-

62 1275 161 1314 tatis
191 1275 359 1324 iremus,
399 1277 649 1316 vastaremus
681 1275 846 1315 interim
885 1275 1002 1326 fines,
1043 1290 1116 1328 per
1156 1277 1290 1316 aliena
1326 1278 1447 1328 prata

63 1347 328 1387 pasceremur,
359 1336 512 1375 bellum
541 1349 614 1376 nos
646 1337 784 1375 aleret.
848 1337 967 1376 citius
994 1337 1046 1376 ad
1076 1338 1325 1376 frumentum
1356 1350 1444 1388 per-

1 1409 45 1436 ρο
64 1397 291 1436 veniremus
317 1410 440 1447 quam
458 1398 505 1435 tu
524 1409 616 1435 cum
641 1396 843 1436 frumento
870 1396 1032 1436 redires.
1083 1398 1261 1437 hostium
1279 1398 1445 1437 tandem

64 1456 327 1496 cadaveribus
358 1457 604 1507 viveremus,
642 1457 711 1496 sed
744 1457 859 1496 nulla
895 1458 956 1497 vis
988 1457 1086 1507 fuit,
1124 1459 1238 1497 nulla
1270 1459 1447 1498 exterior

62 1517 226 1567 iniuria,
251 1517 386 1556 nullus
411 1517 490 1557 sibi
514 1517 611 1556 fecit
629 1517 832 1556 iniuriam.
884 1518 1015 1557 adhuc
1040 1519 1075 1557 si
1099 1531 1241 1569 rapere
1267 1519 1444 1558 alienum

62 1578 312 1618 frumentum
337 1579 379 1617 et
402 1579 572 1629 possunt
591 1579 631 1617 et
656 1578 810 1628 volunt,
836 1578 934 1629 quid
958 1579 1019 1617 ita
1039 1579 1205 1630 duplam
1229 1581 1444 1630 pecuniam

63 1637 254 1678 solvimt‘?
314 1651 409 1677 nam
434 1639 541 1678 sicut
563 1639 608 1677 in
631 1651 781 1690 magna
805 1639 944 1690 inopia
971 1640 1164 1691 quicquid
1190 1642 1268 1679 emi
1295 1642 1443 1691 potest,

4 1711 44 1738 -25
64 1698 144 1737 vile
176 1699 254 1747 est,
294 1700 355 1738 ita
392 1711 483 1738 cum
513 1700 642 1750 possis
680 1699 826 1738 habere
865 1701 1108 1751 gratuitum,
1150 1700 1272 1751 duplo
1305 1714 1444 1741 carum

64 1759 135 1798 est.
199 1758 268 1798 sed
298 1759 399 1798 mihi
431 1759 596 1810 credite,
632 1760 742 1799 color
771 1761 848 1799 iste
879 1761 1097 1811 patrocinii
1134 1763 1195 1801 est
1227 1763 1267 1800 et
1299 1761 1369 1801 diu
1399 1763 1444 1801 in

63 1820 202 1859 saturo
229 1820 313 1858 otio
338 1820 518 1872 cogitata
545 1820 735 1859 defensio.
796 1821 994 1871 numquid
1020 1821 1099 1860 fuit
1124 1821 1267 1861 similis
1294 1821 1442 1863 fames?

62 1892 146 1919 non
185 1879 316 1919 solum
357 1881 466 1919 enim
505 1882 595 1920 sata
630 1881 700 1920 sed
737 1882 861 1920 etiam
902 1883 1040 1932 empta
1079 1894 1151 1922 nos
1190 1883 1340 1922 fallunt
1371 1884 1443 1934 qui

64 1942 203 1980 nostra
234 1941 417 1991 pecunia,
449 1942 587 1980 nostra
618 1941 757 1991 classe,
787 1943 926 1981 nostro
959 1942 1107 1994 legato,
1138 1946 1276 1983 nostro
1307 1945 1442 1993 vento,

1 2013 44 2040 co
62 2000 293 2040 felicissimo
326 2013 443 2040 cursu
469 2005 735 2041 commeatum
759 2003 896 2041 tamen
921 2002 1180 2053 perdidimus.
1237 2004 1351 2043 nulla
1382 2006 1443 2044 est

63 2074 158 2113 ergo
191 2073 313 2101 causa
344 2074 466 2112 quam
496 2061 626 2114 fingis,
660 2062 774 2101 nulla
805 2063 868 2102 vis
899 2062 997 2113 fuit,
1030 2064 1099 2103 sed
1130 2066 1272 2114 sponte
1303 2064 1441 2104 vendi-

63 2121 161 2162 disti
192 2123 249 2170 et,
289 2122 384 2172 quia
416 2121 545 2161 adhuc
586 2124 793 2174 supererat
822 2125 999 2174 tempus,
1042 2124 1171 2163 obiter
1210 2125 1441 2176 negotiatus

63 2193 115 2221 es.
178 2182 436 2231 frumentum,
467 2184 614 2233 inquis,
649 2183 772 2234 duplo
804 2183 968 2222 vendidi
1000 2186 1040 2223 et
1066 2184 1235 2235 duplum
1266 2188 1440 2235 reporto.

64 2255 88 2281 o
100 2243 233 2292 miser,
252 2243 449 2294 naufirago
463 2242 645 2282 tabulam
665 2243 881 2293 abstulisti,
900 2245 1061 2284 mortuo
1081 2245 1262 2296 applicas
1282 2258 1440 2285 navem.

4 2314 43 2342 δῦ
64 2302 232 2353 duplum
255 2305 334 2343 est:
356 2302 524 2342 infunde
542 2304 587 2343 in
611 2305 806 2355 sepulcra,
828 2304 900 2342 ubi
925 2307 1019 2344 sunt
1039 2307 1110 2355 qui
1134 2306 1439 2346 mandaverunt.

62 2362 299 2403 miseramus
325 2365 366 2402 te
399 2377 528 2403 emere
559 2377 639 2403 non
665 2365 847 2404 vendere.
900 2365 1120 2404 vendidisti
1146 2368 1186 2404 et
1211 2379 1282 2405 nos
1308 2366 1440 2416 perdi-

64 2422 171 2462 disti.
234 2423 402 2475 duplum
435 2425 622 2474 attulisti,
654 2425 723 2465 sed
754 2425 837 2464 illis
872 2426 942 2475 qui
972 2427 1190 2476 perierunt,
1222 2426 1335 2465 nihil.
