1638 2560
543 106 860 144 DECLAMATIO
885 106 964 143 VII.
1353 108 1440 150 401

69 224 192 264 durus
231 223 328 262 adeo
369 225 523 272 tamen,
564 224 611 261 ut
651 236 731 262 non
762 222 968 262 moriatur.
1030 223 1082 261 D.
1117 222 1230 273 atqui
1271 222 1443 262 liberum

67 285 272 324 hominem
301 284 483 333 torqueri
507 295 587 322 non
618 283 749 323 liceat.
811 283 942 335 legem
968 282 1116 322 audite.
1172 284 1216 322 P.
1249 284 1326 323 hoc
1357 284 1443 322 eius

68 356 305 396 responsum
335 345 397 383 est
422 343 535 383 cuius
560 345 763 383 tormenta
794 345 1023 395 poscuntur.
1080 344 1156 383 hoc
1181 346 1341 383 tantum
1373 346 1444 393 est,

68 407 116 444 ut
145 418 262 445 nemo
298 404 400 444 liber
439 406 679 455 torqueatur
714 406 878 443 invitus.
944 405 998 444 D.
1029 404 1226 455 numquid
1266 405 1329 443 lex
1361 417 1445 444 cor-

33 480 50 507 5
67 465 292 517 rumpenda
324 463 412 504 est?
466 465 511 503 P.
539 466 583 504 at
614 477 709 504 sane
733 464 996 517 intelligenda
1028 477 1131 515 quae
1166 478 1190 504 a
1216 465 1341 504 servis
1372 478 1444 504 nos

69 527 257 576 secernit,
287 527 569 577 impatientiae
599 527 762 564 tantum
793 524 965 565 nolentis
998 526 1203 565 succurrit.
1267 526 1445 565 omnium

68 586 351 627 beneficiorum
382 588 528 625 natura
561 588 640 636 est,
680 588 729 625 ut
760 599 840 625 non
873 587 926 625 sit
956 586 1191 636 necessitas,
1233 587 1302 625 sed
1332 588 1443 637 pote-

70 650 165 687 stas.
218 647 411 698 quicquid
436 647 562 686 honos
595 648 668 696 est,
699 646 854 686 desinet
879 659 975 696 esse,
1008 647 1041 686 si
1068 659 1198 699 cogas.
1254 647 1307 686 D.
1333 647 1444 686 itane

70 720 208 747 omnes
245 708 348 746 aliae
386 707 495 760 leges
526 707 680 759 rigidae
716 710 757 746 et
791 709 1019 746 constantes
1057 709 1190 757 erunt,
1231 707 1329 746 haec
1359 708 1445 747 sola

17 782 51 809 ιο
73 768 125 808 ad
154 767 380 819 placitum?
433 768 477 806 P.
512 780 614 818 quae
644 781 739 807 vero
769 766 931 807 omnes?
987 780 1103 808 caeco
1135 768 1327 807 talionem
1357 781 1445 820 per-

68 830 192 879 misit,
223 841 303 868 non
336 829 478 880 coegit.
536 829 697 868 caedem
728 829 931 867 vindicare
963 841 1083 879 passa
1115 831 1187 878 est,
1219 842 1300 868 non
1330 842 1445 880 prae-

69 890 186 940 cepit.
244 890 384 939 noscis,
414 889 607 940 improbe,
638 888 794 928 nescis?
849 902 976 940 paene
1002 890 1132 928 levius
1159 891 1221 928 est
1244 890 1445 928 ultionem

68 951 200 1001 perire
232 963 353 1000 quam
377 951 632 1001 potestatem.
690 949 895 989 servitutis
922 963 1046 1001 genus
1073 952 1134 989 est
1159 951 1299 989 coacta
1326 951 1445 989 liber-

68 1013 144 1050 tas.
200 1011 262 1049 vis
293 1012 411 1060 scire,
453 1010 551 1060 quid
587 1010 651 1048 lex
691 1010 772 1049 ista
802 1009 1059 1062 promiserit?
1114 1023 1195 1050 non
1227 1011 1360 1062 exigo,
1400 1012 1446 1049 ut

16 1085 50 1112 15
69 1070 306 1122 torquearis.
373 1072 424 1110 D.
464 1084 543 1110 non
586 1072 646 1110 est
686 1072 850 1121 mirum,
891 1071 934 1109 P.
973 1070 1027 1121 0.,
1068 1071 1103 1110 si
1142 1072 1300 1111 mavult
1332 1067 1445 1110 *mori

70 1144 192 1182 quam
232 1132 366 1171 vivere
404 1131 475 1182 qui
514 1132 671 1171 mavult
708 1144 845 1171 servus
888 1144 1011 1182 quam
1050 1131 1152 1171 liber
1190 1144 1283 1171 esse.
1342 1133 1386 1170 P.
1422 1145 1444 1170 o

69 1205 199 1243 prava.
225 1192 404 1241 libertas,
436 1205 482 1231 ex
515 1205 594 1242 qua
626 1192 754 1231 oritur
780 1192 986 1231 occidendi
1010 1193 1195 1232 facultas.
1253 1206 1326 1245 ego
1358 1194 1444 1231 vin-

69 1253 197 1292 dicari
226 1253 353 1302 malo,
393 1265 472 1291 non
513 1254 626 1292 mori.
682 1253 734 1291 D.
767 1254 948 1303 torqueri
990 1266 1070 1292 non
1103 1253 1221 1292 debet
1262 1253 1331 1303 qui
1363 1255 1444 1291 tor-

69 1315 206 1353 menta
230 1313 364 1365 exigit.
415 1314 459 1352 P.
487 1312 583 1363 quid
608 1313 788 1362 interest,
813 1314 982 1365 exigam,
1015 1326 1067 1352 an
1092 1326 1282 1353 recusem.
1332 1313 1447 1353 brevi

16 1388 50 1414 so
69 1387 209 1413 verum
240 1373 398 1412 fatebor
422 1374 584 1412 invitus.
642 1386 722 1412 non
754 1373 871 1412 debet
898 1374 1108 1424 postulans
1140 1387 1222 1413 non
1252 1374 1445 1424 torqueri,

69 1434 137 1473 sed
169 1434 396 1485 dupplicari
432 1435 695 1483 tormentum,
733 1434 803 1473 sed
834 1433 903 1472 diu
944 1448 1025 1473 non
1058 1435 1181 1484 credi,
1220 1435 1289 1473 sed
1321 1434 1446 1473 obici:

68 1497 114 1533 tu
154 1496 241 1545 ipse
288 1495 517 1544 postulasti.
589 1495 641 1533 D.
674 1494 918 1546 intellegite,
958 1495 1001 1533 P.
1039 1494 1093 1544 O,
1133 1495 1369 1547 intelligite,
1412 1497 1446 1534 si

69 1555 187 1594 huius
218 1555 481 1605 postulationi
515 1555 724 1604 cesseritis,
757 1555 907 1605 peribit
938 1555 1215 1595 conditionum
1247 1555 1445 1606 discretio,

69 1615 219 1666 peribit
258 1616 358 1667 legis
400 1615 645 1665 observatio,
685 1615 834 1665 peribit
873 1615 1049 1655 libertas.
1114 1617 1158 1655 P.
1191 1629 1272 1655 non
1312 1617 1444 1656 minus

16 1690 51 1716 25
72 1676 224 1725 adeste,
264 1675 429 1715 iudices.
476 1675 510 1714 si
557 1675 663 1714 enim
708 1675 826 1715 huius
870 1677 1129 1727 protervitati
1175 1677 1445 1727 acquiescitis,

71 1738 250 1775 vertetur
288 1736 332 1774 in
363 1737 609 1775 exactionem
647 1737 874 1787 permissio,
915 1738 957 1775 in
989 1737 1318 1788 depravationem
1343 1738 1444 1789 legis

71 1796 372 1846 determinatio,
412 1798 455 1835 in
492 1797 719 1848 neglectum
750 1798 1009 1848 paternitatis
1041 1798 1264 1847 veneratio,
1303 1800 1362 1848 et,
1400 1800 1446 1837 ut

71 1857 282 1896 tormentis
323 1857 437 1896 salva
467 1857 522 1895 sit
561 1857 735 1907 iustitia,
777 1858 868 1908 plus
906 1860 984 1907 est,
1025 1858 1072 1897 de
1115 1871 1194 1910 quo
1227 1859 1445 1909 quaeritur,

73 1930 194 1968 quam
221 1917 419 1967 quomodo
446 1917 717 1967 quaerendum
742 1920 812 1957 est.
869 1920 952 1957 iam
979 1919 1143 1958 tandem
1168 1919 1445 1959 infirmitatem

18 1991 54 2018 so
72 1991 203 2017 meam
243 1978 356 2017 vobis
389 1978 531 2029 allego.
592 1979 627 2017 si
663 1990 802 2017 vocem
832 1980 875 2017 in
911 1980 1035 2018 eculei
1066 1980 1228 2031 ignibus
1262 1981 1445 2029 amisero,

71 2040 208 2078 tamen
228 2037 322 2077 vidi.
373 2039 408 2077 si
427 2038 604 2088 undique
624 2039 814 2078 collectus
834 2039 948 2079 dolor
966 2040 1168 2085 occiderit,
1194 2042 1328 2079 tamen
1349 2041 1443 2079 vidi.

170 2217 191 2248 5
218 2224 331 2258 quae:
359 2214 450 2259 quia
478 2220 513 2250 η
645 2226 720 2250 non
752 2221 812 2250 VB
950 2219 971 2251 8
998 2215 1139 2251 desinit
1166 2223 1218 2260 R,
1248 2218 1306 2252 -at
1338 2223 1398 2251 VB

79 2265 122 2296 17
149 2272 219 2308 ego
246 2271 332 2297 vero
361 2268 465 2297 RVB
537 2266 582 2298 25
609 2263 717 2298 adest
748 2269 807 2298 VB
878 2267 924 2299 26
951 2265 1139 2300 actionem
1164 2271 1224 2300 VB
1297 2269 1340 2300 27
1364 2269 1447 2310 post

77 2309 343 2345 determinatio
369 2311 456 2346 add.
481 2317 532 2346 R:
559 2311 599 2346 in
618 2311 836 2347 servitutem
856 2312 1024 2348 libertas.
1070 2312 1199 2348 Dives:
1226 2325 1301 2348 non
1322 2313 1445 2347 miuus

76 2358 208 2393 adeste
233 2358 388 2394 iudices.
428 2359 460 2394 si
480 2359 581 2394 enim
600 2360 711 2395 huius
730 2361 970 2406 protervitati
990 2362 1250 2407 acquiescetis,
1281 2364 1448 2397 vertetur

76 2405 116 2441 in
142 2405 357 2452 neglectum
381 2412 444 2443 eet.
545 2411 590 2443 30
615 2419 742 2444 vocem
768 2420 892 2444 meam
923 2416 983 2445 VB

150 2474 366 2506 vamnmm
386 2480 658 2501 nnanuArxoxns
679 2475 725 2502 ed.
745 2476 769 2501 L
779 2477 923 2502 ehnert.
1185 2474 1229 2504 26
