1638 2560
495 119 816 159 DECLAMATIO
842 121 878 158 V
898 125 1051 159 11—13.
1405 120 1463 165 99

84 237 276 279 nascendi
305 238 430 289 locus,
458 238 576 277 illum
602 237 821 290 gratiorem
843 238 954 288 patri
978 237 1076 276 fecit
1105 238 1293 276 infantia.
1339 238 1465 276 alium

85 299 232 340 laetior
266 299 405 339 vultus
449 301 489 338 et
532 298 719 338 blandior
762 298 908 337 osculis
953 298 1284 349 amplexibusque
1328 298 1466 349 facies,

85 360 283 412 quosdam
312 361 444 412 magis
475 359 670 399 severitas
701 359 963 410 probitasque
990 359 1253 398 commendat.
1303 359 1346 397 in
1377 360 1466 409 qui·

84 420 255 461 busdam
297 421 524 472 diliguntur
571 420 851 470 impatientius
895 419 1161 459 calamitates.
1231 420 1272 459 et
1315 419 1466 458 damna

49 495 65 522 ε
86 493 298 533 corporum
328 481 638 531 debilitatasque
663 480 934 520 membrorum
957 480 1179 520 notabilius
1205 481 1467 520 miseratione

84 541 397 594 complectimur.
455 542 571 581 salva
601 543 662 581 est
692 543 829 580 tamen
859 542 1116 591 universitas,
1148 554 1238 580 cum
1270 540 1468 592 quicquid

83 604 128 642 in
159 603 240 642 alio
279 615 433 642 cessare
471 603 658 651 creditur,
695 603 738 641 in
771 602 897 641 altero
934 602 1114 641 restituit
1146 602 1250 641 alter
1286 602 1463 641 affectus.

84 675 260 703 securus
277 663 345 713 sis,
375 676 456 702 non
480 662 728 702 intercidunt
751 664 843 712 ista,
873 675 956 702 non
980 665 1161 714 pereunt,
1194 662 1263 702 sed
1287 663 1463 702 invicem

82 724 262 774 vincunt,
293 724 540 774 praevalent,
573 724 730 763 cedunt.
780 723 864 762 filio
890 736 970 763 non
995 725 1131 774 potest
1155 723 1352 774 praeferri
1381 723 1461 762 nisi

30 798 65 825 ιο
82 784 201 824 filius.
263 784 462 834 blandiar,
498 784 670 835 iudices,
708 784 916 835 paulisper
952 784 1250 823 calamitatibus
1281 784 1382 823 meis
1420 786 1463 823 et

80 846 141 886 sic
185 857 326 897 agam,
368 847 580 896 tamquam
624 845 732 895 apud
775 844 929 896 piratas
973 845 1197 884 invenerim
1239 846 1461 895 utrumque

84 918 238 945 sanum.
298 906 419 945 attuli
451 905 536 945 sine
567 905 690 944 dubio
720 906 895 957 pretium
928 905 1110 955 duorum,
1142 905 1211 945 sed
1240 907 1460 956 utrumque

83 966 234 1018 praedo
270 979 351 1006 11011
388 966 533 1006 reddit.
597 966 714 1005 offert
754 966 1007 1006 electionem:
1053 966 1216 1006 suadete
1261 965 1357 1017 quid
1400 967 1459 1004 fa·

84 1027 198 1066 ciam.
263 1027 360 1078 quid
391 1026 524 1067 dicis?
569 1024 644 1066 ‘ita
674 1027 806 1078 pietas
838 1029 909 1078 est,
943 1027 1064 1077 abire,
1096 1027 1311 1076 discedere,
1342 1027 1463 1066 irasci

31 1101 64 1128 15
85 1088 257 1138 scilicet,
294 1088 408 1138 queri
446 1090 487 1127 et
522 1088 720 1126 invidiam
759 1087 890 1127 facere
928 1084 1095 1138 piratis'
1134 1100 1206 1127 vos
1242 1089 1463 1139 interrogo,

82 1148 219 1199 liberi,
256 1161 348 1199 vos,
384 1150 589 1199 parentes:
627 1161 708 1187 non
740 1160 835 1200 ergo
866 1148 1024 1187 facinus
1062 1150 1122 1188 est
1152 1148 1243 1188 ideo
1274 1150 1463 1187 neutrum

82 1208 295 1259 redimere,
339 1209 436 1259 quia
483 1211 701 1259 uta-umque
749 1222 831 1248 11011
879 1207 1039 1260 possis?
1107 1209 1269 1261 egregia
1318 1210 1462 1260 pietas,

83 1281 256 1321 aequare
287 1270 434 1309 liberos
459 1270 619 1309 iustitia
650 1270 954 1321 desperationis,
986 1271 1027 1308 et
1058 1282 1105 1309 ex
1136 1270 1212 1309 1100
1240 1269 1348 1319 quod
1373 1282 1460 1309 suc-

84 1342 243 1369 currere
274 1343 356 1370 non
380 1331 581 1382 contingit
611 1330 779 1380 duobus,
811 1330 1028 1369 orbitatem
1058 1331 1189 1369 facere
1222 1331 1360 1369 totam.
1410 1332 1460 1369 tu

28 1403 65 1431 20
83 1403 191 1441 vero,
222 1393 418 1442 senectus,
449 1392 585 1442 accipe
618 1390 810 1441 quicquid
842 1391 973 1440 datur,
1010 1391 1145 1441 accipe
1178 1389 1370 1441 quicquid
1401 1391 1460 1430 of-

82 1451 223 1501 fertur,
255 1451 354 1490 dnm
383 1452 460 1491 hoc
485 1452 629 1491 saltem
659 1451 815 1491 feritati
847 1451 958 1501 libet,
991 1454 1205 1502 antequam
1232 1451 1276 1489 in
1301 1451 1459 1502 patien-

82 1513 184 1551 tiam
214 1513 302 1551 tam
333 1525 454 1552 saeva
485 1512 677 1551 decrescit
707 1513 951 1551 immanitas.
1012 1512 1177 1550 interim
1207 1512 1337 1550 multa
1367 1523 1459 1562 pos-

83 1574 178 1612 sunt
209 1572 350 1612 afferre
382 1585 515 1612 casus:
548 1585 708 1623 sperare
739 1573 847 1622 licet,
877 1572 1093 1624 repeteris;
1125 1585 1299 1623 sperare,
1330 1574 1458 1623 pater,

83 1633 266 1672 fortassis
298 1633 454 1673 evadat.
518 1646 782 1684 quaecunque
814 1633 1006 1684 explicari
1044 1632 1346 1672 coacervatione
1376 1646 1458 1672 non

29 1707 63 1734 85
82 1697 268 1744 possunt,
311 1707 384 1744 per
425 1696 561 1744 partes
604 1695 791 1744 vicesque
835 1696 1059 1743 servantur,
1109 1696 1150 1733 et
1193 1693 1352 1733 facilius
1397 1695 1460 1733 est

83 1754 214 1794 divisa
256 1753 488 1793 subtrahere
532 1767 703 1805 quorum
745 1754 982 1806 magnitudo
1026 1754 1186 1794 laborat
1227 1755 1272 1793 in
1316 1754 1456 1794 solido.

83 1816 279 1865 quantum
309 1814 515 1867 intellego,
546 1815 709 1865 iudices,
739 1815 848 1854 filius
874 1816 939 1854 cui
968 1816 1227 1866 profuturum
1251 1828 1333 1854 non
1359 1817 1456 1865 erat,
1477 1815 1527 1852 13

82 1878 129 1915 ut
160 1875 367 1927 eligerem,
405 1875 479 1914 hoc
511 1877 643 1915 solum
674 1877 777 1915 ferre
808 1889 890 1915 non
920 1878 1055 1926 potest
1087 1875 1193 1926 quod
1223 1875 1455 1926 redemptus

82 1938 143 1975 est
172 1936 309 1976 frater.
360 1938 449 1987 quis
480 1936 596 1986 hanc,
627 1935 790 1987 iudices,
820 1936 1114 1988 impudentiam
1145 1935 1282 1975 ferat?
1332 1936 1457 1975 obicit

27 2010 63 2037 so
80 1996 181 2035 mihi
212 1996 320 2048 quod
356 1997 488 2035 ullum
526 1997 575 2036 de
612 1997 747 2036 liberis
783 1997 884 2036 meis
915 1998 1116 2048 potuerim
1153 1997 1285 2036 faeere
1317 1997 1456 2036 discri-

81 2070 183 2096 men.
246 2057 390 2096 deinde
435 2058 620 2108 queritur
662 2071 743 2097 non
787 2070 829 2097 se
866 2059 1000 2108 potius
1046 2058 1237 2106 electum,
1283 2059 1323 2096 et
1363 2070 1454 2096 cum

179 2189 197 2220 1
225 2184 404 2221 uescendi
429 2191 458 2219 V
525 2185 625 2231 patri
645 2186 727 2221 Bu:
753 2185 857 2231 prior
877 2194 965 2230 aycr,
991 2196 1058 2222 om.
1075 2194 1094 2228 β
1113 2185 1172 2232 (cf.
1195 2186 1300 2222 Dess.
1318 2197 1356 2230 p.
1372 2186 1453 2231 83);

80 2233 266 2279 praefecit
292 2242 313 2268 ς
428 2237 449 2269 8
475 2233 717 2269 intercedunt
740 2240 778 2269 Β
886 2238 906 2269 9
932 2233 1023 2269 nisi:
1050 2234 1127 2269 rasi
1152 2240 1190 2269 B
1300 2237 1343 2268 13
1370 2233 1452 2268 red-

82 2281 182 2317 didit
205 2288 243 2317 B
363 2285 408 2317 16
438 2282 526 2317 ideo
552 2293 619 2318 om.
641 2291 661 2325 β
784 2286 827 2318 18
859 2282 931 2318 1100
957 2294 1024 2319 om.
1047 2288 1128 2317 ΒΜ
1234 2293 1308 2327 quo
1334 2288 1357 2316 b

0 2339 3 2341 ’
82 2333 127 2365 20
152 2340 238 2366 vere
264 2336 306 2365 M
382 2334 427 2366 21
453 2330 642 2376 patientia
667 2336 711 2366 M
784 2334 829 2365 22
856 2331 1049 2366 decrescat
1068 2337 1112 2365 M
1183 2333 1227 2365 23
1253 2329 1451 2375 repeteris:

80 2378 295 2424 repeteritis
320 2385 373 2423 B;
398 2380 570 2425 repetere
594 2384 638 2414 Μ
661 2378 733 2425 (vel
758 2379 939 2425 repeteris
964 2390 1064 2425 supr.
1086 2380 1141 2425 m)
1162 2387 1190 2413 σ
1284 2381 1328 2413 29
1354 2377 1453 2412 hanc

81 2437 149 2463 om.
170 2433 216 2472 B,
242 2427 328 2462 add.
350 2434 373 2461 0
470 2427 608 2463 iudicis
633 2433 670 2462 B

1191 2486 1234 2521 7*
