1638 2560
183 104 268 146 182
723 101 1005 138 GLADIATOR

178 218 386 256 manitatis
424 217 590 256 civicam
628 217 799 268 gloriam
835 216 1059 266 periturum
1095 215 1316 265 hominem,
1356 215 1440 255 sive
1476 215 1547 254 ille

178 277 389 329 naufragio
428 278 573 316 eiectus
612 278 695 316 sive
734 277 928 327 spoliatus
966 276 1150 315 incendio
1191 275 1275 315 sive
1315 276 1457 315 exutus
1488 275 1547 315 la-

178 338 347 378 trocinio
387 339 490 387 erat,
535 339 703 376 naturae
746 337 980 387 patriaeque
1023 335 1195 376 restitui.
1257 335 1374 386 paria
1412 337 1548 377 tecum

179 398 295 447 facio,
326 397 551 448 respublica
577 410 678 448 quae
710 398 875 448 propter
905 410 968 436 me
999 411 1125 436 unum
1149 396 1279 436 civem
1301 395 1545 447 perdideras.

178 458 274 497 haec
305 471 367 496 me
402 458 530 510 magis
556 458 667 497 decet
697 458 878 508 impensa
905 470 1027 507 quam
1051 457 1174 497 vestis
1206 457 1428 508 argentum.
1478 457 1548 496 ubi
1585 470 1602 497 5

176 518 344 569 pecunia
375 518 519 557 melius
557 519 652 568 poni
689 519 822 568 potest
861 531 984 568 quam
1021 517 1094 556 ubi
1136 517 1224 557 laus
1263 518 1432 567 emitur,
1476 516 1548 556 ubi

177 579 316 617 faenus
348 578 542 617 bonitatis
575 577 828 618 extenditur?

107 639 153 675 17
265 639 413 690 Magna
452 639 695 678 conscientia
733 640 793 678 est
836 638 1074 677 felicitatem
1118 638 1319 677 meruisse.
1382 638 1548 689 ignotus

176 711 270 738 sane
303 700 356 737 sit
382 700 422 737 et
448 699 611 749 alienus,
644 698 740 750 quid
771 699 894 738 fuerit
919 700 1025 749 ante,
1056 712 1137 738 non
1163 711 1324 749 quaero,
1354 699 1449 748 post
1472 698 1548 738 hoc

177 759 252 797 erit
285 759 447 798 amicus.
511 761 551 798 et
580 760 752 809 hercule,
786 772 864 809 quo
897 760 1068 810 quisque
1099 759 1190 810 plus
1221 760 1357 809 potest
1389 770 1547 809 quoque
1567 772 1602 800 ιο

175 819 296 858 latius
328 821 442 870 patet
474 820 525 858 ad
555 820 753 868 incursus,
792 820 866 859 hoc
897 819 1026 872 magis
1067 821 1244 871 cogitare
1276 819 1395 858 debet
1425 820 1548 869 atque

175 879 368 929 respicere
401 881 595 929 quantum
626 880 667 918 in
699 893 771 920 nos
803 881 988 919 fortunae
1023 893 1193 932 regnum
1225 879 1295 929 sit,
1335 891 1456 929 quam
1486 880 1548 918 in-

176 940 313 978 stabili
344 940 433 979 sede
464 940 640 979 humana
672 941 903 979 consistant.
955 954 1035 980 non
1068 953 1131 979 me
1164 942 1307 980 aurata
1338 940 1548 990 laquearia

175 1013 246 1039 nec
276 1000 479 1039 radiantes
510 1013 708 1039 marmore
739 1002 947 1040 columnae
980 1014 1052 1040 nec
1083 1013 1224 1053 graves
1257 1001 1414 1040 crustae
1445 1001 1547 1039 fece-

174 1062 257 1098 rint
287 1062 558 1100 immemorem
589 1061 834 1112 fragilitatis.
897 1062 1027 1101 multa
1058 1074 1177 1112 saepe
1209 1062 1250 1100 et
1279 1060 1546 1111 locupletibus
1567 1074 1602 1101 15

176 1120 373 1170 accidunt,
405 1133 522 1172 saepe
553 1123 595 1160 in
627 1123 752 1160 imum
784 1134 940 1161 summa
972 1122 1172 1161 decidunt.
1228 1134 1300 1174 ego
1332 1121 1418 1161 vidi
1447 1133 1546 1172 pau-

174 1194 310 1231 perem
335 1181 485 1220 auxilia
511 1182 629 1221 diviti
654 1182 858 1221 ferentem.
910 1182 978 1222 sed
1004 1195 1098 1222 sane
1125 1181 1334 1233 superbius
1361 1181 1547 1221 aestimet

174 1241 354 1280 miserias
386 1241 507 1293 longa
546 1242 717 1281 felicitas
751 1245 790 1281 et
822 1243 997 1282 alienum
1029 1255 1167 1282 casum
1203 1242 1322 1281 facile
1351 1242 1549 1292 despiciat

176 1313 333 1340 securus
372 1302 450 1340 sui:
488 1315 580 1354 ego,
612 1303 796 1353 quotiens
836 1303 986 1342 auxilia
1021 1303 1266 1343 calamitatis
1305 1304 1440 1353 petere
1472 1302 1547 1341 ali-

176 1374 293 1411 quem
324 1362 458 1411 video,
497 1375 576 1402 non
614 1375 776 1413 possum
808 1377 887 1403 non
918 1364 1071 1403 moveri
1102 1365 1266 1402 fortuna
1297 1375 1397 1402 mea.
1460 1374 1547 1401 suc·
1566 1376 1601 1402 πο

175 1422 299 1460 currit
335 1423 435 1461 mihi
472 1425 659 1462 continuo
703 1426 861 1474 tempus
900 1424 1001 1462 illud
1046 1437 1124 1474 quo
1168 1424 1254 1474 ipse
1291 1423 1547 1462 clementiam

176 1482 376 1532 optabam.
426 1483 585 1534 ignosce
616 1486 744 1534 pater,
776 1485 810 1523 si
841 1485 1001 1535 penitus
1029 1485 1163 1523 animo
1188 1497 1277 1523 meo
1309 1483 1375 1522 hic
1399 1483 1548 1523 insedit

177 1542 350 1581 affectus.
415 1556 548 1582 amare
579 1545 891 1583 misericordiam
923 1546 1043 1584 miser
1075 1544 1198 1594 coepi.

268 1599 361 1641 ‘Sed
386 1601 599 1653 inimicus',
627 1605 774 1654 inquit,
801 1601 926 1644 ‘meus
954 1602 1040 1644 est.’
1093 1619 1190 1643 num
1217 1605 1305 1655 quis
1332 1617 1404 1644 nos
1429 1605 1545 1643 tanto

178 1674 294 1711 opere
326 1663 525 1713 laudaret,
564 1666 690 1715 pater,
728 1665 762 1704 si
793 1665 866 1704 hoc
898 1666 1026 1705 amico
1065 1663 1389 1716 praestaremus?
1450 1665 1548 1703 haec
1567 1676 1602 1704 25

177 1724 238 1760 est
276 1722 510 1762 celebranda
541 1726 685 1774 virtus,
724 1725 822 1763 haec
860 1726 985 1764 animi
1025 1725 1277 1776 suscipienda
1312 1724 1548 1775 moderatio,

176 1784 332 1821 vincere
370 1785 471 1822 iram
519 1787 558 1823 et
601 1786 706 1823 inter
745 1786 969 1825 simultates
1008 1799 1166 1837 quoque
1211 1785 1439 1824 meminisse
1477 1786 1547 1824 ho-

276 1913 294 1943 1
321 1909 512 1945 hominem
538 1923 605 1946 om.
627 1918 671 1955 B,
697 1923 797 1957 supr.
818 1919 841 1946 b
940 1917 959 1947 2
988 1924 1053 1948 seu
1080 1912 1265 1958 spoliatus
1290 1918 1334 1956 νβ
1433 1915 1454 1947 3
1480 1921 1548 1946 na-

177 1958 301 1993 turae:
329 1957 503 1994 fortunae
529 1959 608 1995 Sch.
709 1964 730 1994 4
757 1960 874 1995 civem
900 1972 944 1996 eoe
971 1972 1078 1996 avem
1097 1961 1116 1996 ‚9
1143 1962 1247 2007 (corr.
1269 1962 1306 2007 b)
1331 1966 1369 1995 B
1463 1970 1548 2006 per-

177 2005 286 2040 deras
312 2012 357 2050 B,
385 2006 423 2041 di
449 2018 549 2052 supr.
572 2014 594 2041 ⁶
692 2011 713 2042 5
746 2010 944 2054 argentum
970 2009 1023 2053 ibi
1049 2020 1165 2054 quam
1191 2020 1342 2053 aurum,
1371 2007 1440 2043 ubi
1464 2007 1548 2044 laus

176 2057 238 2089 eet.
267 2055 360 2099 (exp.
380 2056 434 2100 m)
456 2061 499 2089 M
593 2059 612 2090 6
646 2067 759 2101 quam
792 2056 858 2091 ubi
889 2057 972 2092 laus
999 2058 1137 2093 emitur
1163 2061 1249 2103 post
1275 2057 1475 2103 argentum
1500 2071 1547 2100 ως

176 2105 317 2147 transp.
341 2102 405 2138 Gr.
517 2107 535 2137 7
570 2104 781 2139 ostenditur
805 2111 837 2139 J
943 2109 964 2141 8
997 2106 1165 2151 quesisse
1191 2112 1231 2149 J,
1255 2105 1438 2141 meruisse
1462 2113 1477 2138 ι

175 2149 329 2196 ignotus
356 2161 445 2186 sane
473 2151 537 2187 sit:
564 2151 717 2198 ignotus
745 2152 795 2187 sit
819 2163 866 2187 ne
893 2153 942 2189 sit
967 2160 1003 2188 Β
1093 2158 1114 2189 9
1143 2153 1239 2189 alius
1266 2160 1309 2188 Π
1403 2156 1446 2188 12
1473 2152 1547 2188 for-

175 2199 292 2234 tunae
318 2198 359 2233 in
382 2209 450 2234 nos
477 2205 518 2234 M
608 2211 739 2244 quam:
767 2201 869 2246 quod
894 2208 930 2236 Ρ
1019 2202 1150 2238 stabili
1180 2208 1208 2236 V
1302 2204 1345 2236 13
1373 2201 1549 2237 constant

176 2247 252 2282 Bu.
330 2250 374 2282 14
401 2247 624 2293 columpnae
644 2255 671 2282 V
742 2252 783 2283 17
812 2249 969 2285 auxilia:
998 2263 1080 2285 -ux-
1099 2251 1141 2285 in
1160 2261 1233 2286 ras.
1253 2255 1291 2284 B
1357 2253 1402 2284 20
1427 2248 1507 2285 vidi
1526 2255 1555 2283 V

176 2298 221 2330 21
249 2293 344 2330 mihi
370 2306 437 2331 om.
459 2302 504 2340 Β,
530 2307 630 2342 supr.
653 2303 676 2330 b
773 2296 870 2331 illud
895 2299 964 2333 del.
985 2299 1059 2334 Bu.
1159 2302 1205 2333 22
1232 2297 1411 2333 obtebam
1437 2303 1481 2332 Μ

177 2346 223 2377 24
246 2354 347 2398 ‘num
373 2344 497 2380 Desa:
531 2355 619 2379 nam
645 2359 675 2379 ω
798 2348 841 2379 26
875 2347 948 2381 est:
976 2346 1077 2382 enim
1103 2353 1140 2381 B
1260 2345 1396 2381 animis
1423 2346 1547 2389 Dess.;

179 2402 293 2426 amlci
319 2399 341 2426 ς
