<?xml version="1.0" encoding="UTF-8"?>
<!DOCTYPE html PUBLIC "-//W3C//DTD XHTML 1.0 Transitional//EN"
    "http://www.w3.org/TR/xhtml1/DTD/xhtml1-transitional.dtd">
<html xmlns="http://www.w3.org/1999/xhtml" xml:lang="en" lang="en">
 <head>
  <title>
</title>
<meta http-equiv="Content-Type" content="text/html;charset=utf-8" />
  <meta name='ocr-system' content='tesseract 3.04.00' />
  <meta name='ocr-capabilities' content='ocr_page ocr_carea ocr_par ocr_line ocrx_word'/>
</head>
<body>
  <div class='ocr_page' id='page_1' title='image "./quintilianiquaef00lehnuoft_0055.png"; bbox 0 0 1638 2560; ppageno 0'>
   <div class='ocr_carea' id='block_1_1' title="bbox 514 116 1472 162">
    <p class='ocr_par' dir='ltr' id='par_1_1' title="bbox 514 116 1472 162">
     <span class='ocr_line' id='line_1_1' title="bbox 514 116 1472 162; baseline 0 -10"><span class='ocrx_word' id='word_1_1' title='bbox 514 116 835 153; x_wconf 77' lang='lat' dir='ltr'>DECLAMATIO</span> <span class='ocrx_word' id='word_1_2' title='bbox 860 116 879 152; x_wconf 90' lang='grc' dir='ltr'>Ι</span> <span class='ocrx_word' id='word_1_3' title='bbox 898 120 1042 153; x_wconf 86' lang='grc'>16-17</span> <span class='ocrx_word' id='word_1_4' title='bbox 1416 118 1472 162; x_wconf 89' lang='grc'>19</span> 
     </span>
    </p>
   </div>
   <div class='ocr_carea' id='block_1_2' title="bbox 28 231 1474 1744">
    <p class='ocr_par' dir='ltr' id='par_1_2' title="bbox 28 231 1474 1744">
     <span class='ocr_line' id='line_1_2' title="bbox 89 231 1473 284; baseline 0 -12"><span class='ocrx_word' id='word_1_5' title='bbox 89 233 182 283; x_wconf 87' lang='lat' dir='ltr'>pori</span> <span class='ocrx_word' id='word_1_6' title='bbox 217 231 521 272; x_wconf 82' lang='lat' dir='ltr'>accommodata</span> <span class='ocrx_word' id='word_1_7' title='bbox 557 232 749 284; x_wconf 88' lang='lat' dir='ltr'>lugubria</span> <span class='ocrx_word' id='word_1_8' title='bbox 785 232 971 271; x_wconf 89' lang='lat' dir='ltr'>flammeo</span> <span class='ocrx_word' id='word_1_9' title='bbox 1008 234 1235 272; x_wconf 87' lang='lat' dir='ltr'>revertente</span> <span class='ocrx_word' id='word_1_10' title='bbox 1275 233 1473 272; x_wconf 78' lang='lat' dir='ltr'><strong>mutabis:</strong></span> 
     </span>
     <span class='ocr_line' id='line_1_3' title="bbox 90 293 1471 344; baseline 0.001 -12"><span class='ocrx_word' id='word_1_11' title='bbox 90 294 135 332; x_wconf 88' lang='lat' dir='ltr'>at</span> <span class='ocrx_word' id='word_1_12' title='bbox 162 293 230 332; x_wconf 88' lang='lat' dir='ltr'>hic</span> <span class='ocrx_word' id='word_1_13' title='bbox 259 306 356 334; x_wconf 82' lang='lat' dir='ltr'>vero</span> <span class='ocrx_word' id='word_1_14' title='bbox 387 293 544 333; x_wconf 79' lang='lat' dir='ltr'>iuvenis</span> <span class='ocrx_word' id='word_1_15' title='bbox 578 293 660 344; x_wconf 91' lang='lat' dir='ltr'>qui,</span> <span class='ocrx_word' id='word_1_16' title='bbox 691 293 727 332; x_wconf 92' lang='lat' dir='ltr'>si</span> <span class='ocrx_word' id='word_1_17' title='bbox 757 293 946 332; x_wconf 75' lang='lat' dir='ltr'><strong>fortunae</strong></span> <span class='ocrx_word' id='word_1_18' title='bbox 977 305 1074 332; x_wconf 89' lang='lat' dir='ltr'>suae</span> <span class='ocrx_word' id='word_1_19' title='bbox 1098 293 1208 331; x_wconf 88' lang='lat' dir='ltr'>mala</span> <span class='ocrx_word' id='word_1_20' title='bbox 1235 306 1325 332; x_wconf 90' lang='lat' dir='ltr'>cum</span> <span class='ocrx_word' id='word_1_21' title='bbox 1355 307 1471 344; x_wconf 90' lang='lat' dir='ltr'>prae-</span> 
     </span>
     <span class='ocr_line' id='line_1_4' title="bbox 89 354 1471 405; baseline -0.001 -11"><span class='ocrx_word' id='word_1_22' title='bbox 89 355 221 394; x_wconf 73' lang='lat' dir='ltr'>teritis</span> <span class='ocrx_word' id='word_1_23' title='bbox 246 356 451 405; x_wconf 88' lang='lat' dir='ltr'>conparet,</span> <span class='ocrx_word' id='word_1_24' title='bbox 482 366 623 393; x_wconf 84' lang='lat' dir='ltr'>caecus</span> <span class='ocrx_word' id='word_1_25' title='bbox 650 354 783 404; x_wconf 87' lang='lat' dir='ltr'>coepit</span> <span class='ocrx_word' id='word_1_26' title='bbox 804 366 893 394; x_wconf 89' lang='lat' dir='ltr'>esse</span> <span class='ocrx_word' id='word_1_27' title='bbox 918 366 1027 393; x_wconf 87' lang='lat' dir='ltr'>nunc</span> <span class='ocrx_word' id='word_1_28' title='bbox 1052 354 1239 404; x_wconf 80' lang='lat' dir='ltr'>primum,</span> <span class='ocrx_word' id='word_1_29' title='bbox 1267 354 1366 405; x_wconf 88' lang='lat' dir='ltr'>quid</span> <span class='ocrx_word' id='word_1_30' title='bbox 1389 368 1471 394; x_wconf 92' lang='lat' dir='ltr'>non</span> 
     </span>
     <span class='ocr_line' id='line_1_5' title="bbox 89 413 1473 466; baseline 0.001 -12"><span class='ocrx_word' id='word_1_31' title='bbox 89 414 213 454; x_wconf 81' lang='lat' dir='ltr'>miser</span> <span class='ocrx_word' id='word_1_32' title='bbox 246 415 291 453; x_wconf 88' lang='lat' dir='ltr'>iu</span> <span class='ocrx_word' id='word_1_33' title='bbox 327 414 404 454; x_wconf 87' lang='lat' dir='ltr'>hoc</span> <span class='ocrx_word' id='word_1_34' title='bbox 441 427 534 454; x_wconf 92' lang='lat' dir='ltr'>sene</span> <span class='ocrx_word' id='word_1_35' title='bbox 571 413 777 466; x_wconf 82' lang='lat' dir='ltr'>perdidit?</span> <span class='ocrx_word' id='word_1_36' title='bbox 820 415 985 455; x_wconf 84' lang='lat' dir='ltr'>vivebat</span> <span class='ocrx_word' id='word_1_37' title='bbox 1028 415 1091 453; x_wconf 91' lang='lat' dir='ltr'>illi</span> <span class='ocrx_word' id='word_1_38' title='bbox 1134 427 1283 466; x_wconf 87' lang='lat' dir='ltr'>magna</span> <span class='ocrx_word' id='word_1_39' title='bbox 1326 417 1473 466; x_wconf 83' lang='lat' dir='ltr'>pietas,</span> 
     </span>
     <span class='ocr_line' id='line_1_6' title="bbox 52 474 1472 527; baseline -0.001 -10"><span class='ocrx_word' id='word_1_40' title='bbox 52 491 71 518; x_wconf 77' lang='lat'>⁵</span> <span class='ocrx_word' id='word_1_41' title='bbox 89 474 278 526; x_wconf 84' lang='lat' dir='ltr'>aderant,</span> <span class='ocrx_word' id='word_1_42' title='bbox 309 475 574 526; x_wconf 89' lang='lat' dir='ltr'>quodcunque</span> <span class='ocrx_word' id='word_1_43' title='bbox 601 476 796 525; x_wconf 85' lang='lat' dir='ltr'>iusserat,</span> <span class='ocrx_word' id='word_1_44' title='bbox 827 475 876 514; x_wconf 90' lang='lat' dir='ltr'>de</span> <span class='ocrx_word' id='word_1_45' title='bbox 906 475 1010 515; x_wconf 86' lang='lat' dir='ltr'>facie</span> <span class='ocrx_word' id='word_1_46' title='bbox 1048 476 1178 527; x_wconf 85' lang='lat' dir='ltr'>patris</span> <span class='ocrx_word' id='word_1_47' title='bbox 1210 476 1327 515; x_wconf 87' lang='lat' dir='ltr'>oculi.</span> <span class='ocrx_word' id='word_1_48' title='bbox 1389 489 1472 515; x_wconf 89' lang='lat' dir='ltr'>non</span> 
     </span>
     <span class='ocr_line' id='line_1_7' title="bbox 88 535 1470 587; baseline 0.001 -12"><span class='ocrx_word' id='word_1_49' title='bbox 88 535 270 576; x_wconf 85' lang='lat' dir='ltr'><strong>inludere</strong></span> <span class='ocrx_word' id='word_1_50' title='bbox 307 536 536 576; x_wconf 84' lang='lat' dir='ltr'>infelicibus</span> <span class='ocrx_word' id='word_1_51' title='bbox 572 536 751 576; x_wconf 87' lang='lat' dir='ltr'>tenebris</span> <span class='ocrx_word' id='word_1_52' title='bbox 789 538 1044 576; x_wconf 87' lang='lat' dir='ltr'>contumaces</span> <span class='ocrx_word' id='word_1_53' title='bbox 1082 537 1233 576; x_wconf 87' lang='lat' dir='ltr'>servuli</span> <span class='ocrx_word' id='word_1_54' title='bbox 1268 539 1470 587; x_wconf 80' lang='lat' dir='ltr'>poterant,</span> 
     </span>
     <span class='ocr_line' id='line_1_8' title="bbox 87 597 1474 649; baseline 0.001 -13"><span class='ocrx_word' id='word_1_55' title='bbox 87 610 161 637; x_wconf 90' lang='lat' dir='ltr'>nec</span> <span class='ocrx_word' id='word_1_56' title='bbox 191 619 252 624; x_wconf 94' lang='lat'><strong>—</strong></span> <span class='ocrx_word' id='word_1_57' title='bbox 283 597 391 648; x_wconf 92' lang='lat' dir='ltr'>quod</span> <span class='ocrx_word' id='word_1_58' title='bbox 433 599 659 636; x_wconf 75' lang='lat' dir='ltr'><strong>extremm</strong></span> <span class='ocrx_word' id='word_1_59' title='bbox 699 598 1036 637; x_wconf 87' lang='lat' dir='ltr'>contumeliarum</span> <span class='ocrx_word' id='word_1_60' title='bbox 1074 610 1200 649; x_wconf 88' lang='lat' dir='ltr'>genus</span> <span class='ocrx_word' id='word_1_61' title='bbox 1242 599 1304 637; x_wconf 87' lang='lat' dir='ltr'>est</span> <span class='ocrx_word' id='word_1_62' title='bbox 1338 619 1390 625; x_wconf 92' lang='lat'>—</span> <span class='ocrx_word' id='word_1_63' title='bbox 1424 604 1474 637; x_wconf 86' lang='lat' dir='ltr'>ut</span> 
     </span>
     <span class='ocr_line' id='line_1_9' title="bbox 88 657 1471 710; baseline 0 -13"><span class='ocrx_word' id='word_1_64' title='bbox 88 657 298 698; x_wconf 89' lang='lat' dir='ltr'>dominum</span> <span class='ocrx_word' id='word_1_65' title='bbox 323 660 474 710; x_wconf 83' lang='lat' dir='ltr'>ageret,</span> <span class='ocrx_word' id='word_1_66' title='bbox 497 658 710 710; x_wconf 79' lang='lat' dir='ltr'>rogabant.</span> <span class='ocrx_word' id='word_1_67' title='bbox 760 671 867 697; x_wconf 87' lang='lat' dir='ltr'>nunc</span> <span class='ocrx_word' id='word_1_68' title='bbox 894 660 1058 709; x_wconf 84' lang='lat' dir='ltr'>quanta,</span> <span class='ocrx_word' id='word_1_69' title='bbox 1090 658 1132 696; x_wconf 91' lang='lat' dir='ltr'>di</span> <span class='ocrx_word' id='word_1_70' title='bbox 1156 658 1264 709; x_wconf 86' lang='lat' dir='ltr'>boni,</span> <span class='ocrx_word' id='word_1_71' title='bbox 1292 658 1471 697; x_wconf 91' lang='lat' dir='ltr'>ludibria</span> 
     </span>
     <span class='ocr_line' id='line_1_10' title="bbox 87 717 1469 770; baseline 0 -12"><span class='ocrx_word' id='word_1_72' title='bbox 87 721 185 759; x_wconf 90' lang='lat' dir='ltr'>sunt</span> <span class='ocrx_word' id='word_1_73' title='bbox 223 717 429 758; x_wconf 80' lang='lat' dir='ltr'>ineunda?</span> <span class='ocrx_word' id='word_1_74' title='bbox 490 718 655 759; x_wconf 85' lang='lat' dir='ltr'>iunxere</span> <span class='ocrx_word' id='word_1_75' title='bbox 698 732 740 759; x_wconf 91' lang='lat' dir='ltr'>se</span> <span class='ocrx_word' id='word_1_76' title='bbox 780 720 935 770; x_wconf 87' lang='lat' dir='ltr'>pariter</span> <span class='ocrx_word' id='word_1_77' title='bbox 978 719 1151 758; x_wconf 88' lang='lat' dir='ltr'>caecitas</span> <span class='ocrx_word' id='word_1_78' title='bbox 1197 721 1239 758; x_wconf 85' lang='lat' dir='ltr'>et</span> <span class='ocrx_word' id='word_1_79' title='bbox 1282 719 1469 760; x_wconf 90' lang='lat' dir='ltr'>solitudo.</span> 
     </span>
     <span class='ocr_line' id='line_1_11' title="bbox 34 779 1472 831; baseline -0.002 -9"><span class='ocrx_word' id='word_1_80' title='bbox 34 794 70 822; x_wconf 83' lang='grc' dir='ltr'>ιο</span> <span class='ocrx_word' id='word_1_81' title='bbox 88 779 188 831; x_wconf 87' lang='lat' dir='ltr'>quid</span> <span class='ocrx_word' id='word_1_82' title='bbox 224 779 303 819; x_wconf 86' lang='lat' dir='ltr'>tibi</span> <span class='ocrx_word' id='word_1_83' title='bbox 340 793 463 830; x_wconf 90' lang='lat' dir='ltr'>nunc,</span> <span class='ocrx_word' id='word_1_84' title='bbox 504 780 729 820; x_wconf 88' lang='lat' dir='ltr'>miserrime</span> <span class='ocrx_word' id='word_1_85' title='bbox 767 780 1019 829; x_wconf 83' lang='lat' dir='ltr'>adulescens,</span> <span class='ocrx_word' id='word_1_86' title='bbox 1061 779 1267 819; x_wconf 71' lang='lat' dir='ltr'>hereditas</span> <span class='ocrx_word' id='word_1_87' title='bbox 1305 780 1472 831; x_wconf 89' lang='lat' dir='ltr'>prodest</span> 
     </span>
     <span class='ocr_line' id='line_1_12' title="bbox 88 840 1471 892; baseline 0 -12"><span class='ocrx_word' id='word_1_88' title='bbox 88 854 211 892; x_wconf 86' lang='lat' dir='ltr'>quam</span> <span class='ocrx_word' id='word_1_89' title='bbox 241 842 403 880; x_wconf 88' lang='lat' dir='ltr'>tantum</span> <span class='ocrx_word' id='word_1_90' title='bbox 435 841 569 891; x_wconf 81' lang='lat' dir='ltr'>audis3</span> <span class='ocrx_word' id='word_1_91' title='bbox 607 841 705 892; x_wconf 88' lang='lat' dir='ltr'>quid</span> <span class='ocrx_word' id='word_1_92' title='bbox 737 841 844 880; x_wconf 91' lang='lat' dir='ltr'>enim</span> <span class='ocrx_word' id='word_1_93' title='bbox 882 841 987 880; x_wconf 86' lang='lat' dir='ltr'>circa</span> <span class='ocrx_word' id='word_1_94' title='bbox 1018 843 1060 880; x_wconf 88' lang='lat' dir='ltr'>te</span> <span class='ocrx_word' id='word_1_95' title='bbox 1096 841 1270 891; x_wconf 87' lang='lat' dir='ltr'>pecunia</span> <span class='ocrx_word' id='word_1_96' title='bbox 1305 840 1471 892; x_wconf 78' lang='lat' dir='ltr'>potest?</span> 
     </span>
     <span class='ocr_line' id='line_1_13' title="bbox 88 900 1470 953; baseline -0.001 -12"><span class='ocrx_word' id='word_1_97' title='bbox 88 914 191 952; x_wconf 86' lang='lat' dir='ltr'>quae</span> <span class='ocrx_word' id='word_1_98' title='bbox 227 902 389 941; x_wconf 81' lang='lat' dir='ltr'>fruendi</span> <span class='ocrx_word' id='word_1_99' title='bbox 419 900 682 953; x_wconf 84' lang='lat' dir='ltr'>voluptates?</span> <span class='ocrx_word' id='word_1_100' title='bbox 719 902 818 952; x_wconf 87' lang='lat' dir='ltr'>quid</span> <span class='ocrx_word' id='word_1_101' title='bbox 849 902 962 940; x_wconf 89' lang='lat' dir='ltr'>aliud</span> <span class='ocrx_word' id='word_1_102' title='bbox 994 914 1118 952; x_wconf 87' lang='lat' dir='ltr'>quam</span> <span class='ocrx_word' id='word_1_103' title='bbox 1153 902 1378 952; x_wconf 89' lang='lat' dir='ltr'>spoliorum</span> <span class='ocrx_word' id='word_1_104' title='bbox 1408 902 1470 941; x_wconf 88' lang='lat' dir='ltr'>fa-</span> 
     </span>
     <span class='ocr_line' id='line_1_14' title="bbox 86 961 1468 1013; baseline 0.001 -11"><span class='ocrx_word' id='word_1_105' title='bbox 86 962 175 1002; x_wconf 87' lang='lat' dir='ltr'>cilis</span> <span class='ocrx_word' id='word_1_106' title='bbox 207 961 392 1002; x_wconf 78' lang='lat' dir='ltr'>occasio?</span> <span class='ocrx_word' id='word_1_107' title='bbox 442 976 567 1013; x_wconf 90' lang='lat' dir='ltr'>quam</span> <span class='ocrx_word' id='word_1_108' title='bbox 596 963 698 1002; x_wconf 91' lang='lat' dir='ltr'>bene</span> <span class='ocrx_word' id='word_1_109' title='bbox 729 964 810 1002; x_wconf 81' lang='lat' dir='ltr'>ista</span> <span class='ocrx_word' id='word_1_110' title='bbox 841 962 977 1002; x_wconf 86' lang='lat' dir='ltr'>omnia</span> <span class='ocrx_word' id='word_1_111' title='bbox 1007 963 1170 1013; x_wconf 84' lang='lat' dir='ltr'>paterni</span> <span class='ocrx_word' id='word_1_112' title='bbox 1195 963 1302 1002; x_wconf 91' lang='lat' dir='ltr'>oculi</span> <span class='ocrx_word' id='word_1_113' title='bbox 1333 965 1468 1003; x_wconf 91' lang='lat' dir='ltr'>custo-</span> 
     </span>
     <span class='ocr_line' id='line_1_15' title="bbox 86 1022 1470 1074; baseline 0.001 -12"><span class='ocrx_word' id='word_1_114' title='bbox 86 1022 282 1063; x_wconf 74' lang='lat' dir='ltr'>diebant?</span> <span class='ocrx_word' id='word_1_115' title='bbox 314 1037 439 1074; x_wconf 84' lang='lat' dir='ltr'>quam</span> <span class='ocrx_word' id='word_1_116' title='bbox 470 1024 590 1063; x_wconf 85' lang='lat' dir='ltr'>facile</span> <span class='ocrx_word' id='word_1_117' title='bbox 622 1023 767 1074; x_wconf 84' lang='lat' dir='ltr'>decipi,</span> <span class='ocrx_word' id='word_1_118' title='bbox 799 1036 922 1074; x_wconf 88' lang='lat' dir='ltr'>quam</span> <span class='ocrx_word' id='word_1_119' title='bbox 952 1023 1072 1063; x_wconf 85' lang='lat' dir='ltr'>facile</span> <span class='ocrx_word' id='word_1_120' title='bbox 1105 1023 1312 1073; x_wconf 86' lang='lat' dir='ltr'>denudari,</span> <span class='ocrx_word' id='word_1_121' title='bbox 1345 1037 1470 1074; x_wconf 91' lang='lat' dir='ltr'>quam</span> 
     </span>
     <span class='ocr_line' id='line_1_16' title="bbox 31 1082 1472 1136; baseline 0.001 -12"><span class='ocrx_word' id='word_1_122' title='bbox 31 1097 67 1125; x_wconf 69' lang='grc' dir='ltr'>ιε</span> <span class='ocrx_word' id='word_1_123' title='bbox 86 1084 172 1123; x_wconf 86' lang='lat' dir='ltr'>sine</span> <span class='ocrx_word' id='word_1_124' title='bbox 202 1083 342 1124; x_wconf 84' lang='lat' dir='ltr'>labore</span> <span class='ocrx_word' id='word_1_125' title='bbox 372 1084 463 1123; x_wconf 88' lang='lat' dir='ltr'>falli</span> <span class='ocrx_word' id='word_1_126' title='bbox 493 1083 638 1135; x_wconf 79' lang='lat' dir='ltr'>potes?</span> <span class='ocrx_word' id='word_1_127' title='bbox 670 1097 792 1135; x_wconf 90' lang='lat' dir='ltr'>quam</span> <span class='ocrx_word' id='word_1_128' title='bbox 817 1086 898 1124; x_wconf 86' lang='lat' dir='ltr'>cito</span> <span class='ocrx_word' id='word_1_129' title='bbox 930 1085 1047 1135; x_wconf 90' lang='lat' dir='ltr'>inops</span> <span class='ocrx_word' id='word_1_130' title='bbox 1077 1082 1193 1123; x_wconf 75' lang='lat' dir='ltr'>fieri?</span> <span class='ocrx_word' id='word_1_131' title='bbox 1243 1086 1371 1124; x_wconf 83' lang='lat' dir='ltr'>morte</span> <span class='ocrx_word' id='word_1_132' title='bbox 1396 1099 1472 1136; x_wconf 86' lang='lat' dir='ltr'>pa·</span> 
     </span>
     <span class='ocr_line' id='line_1_17' title="bbox 83 1144 1468 1196; baseline 0 -12"><span class='ocrx_word' id='word_1_133' title='bbox 83 1146 160 1184; x_wconf 72' lang='lat' dir='ltr'>lais</span> <span class='ocrx_word' id='word_1_134' title='bbox 198 1144 462 1184; x_wconf 75' lang='lat' dir='ltr'>exheredatus</span> <span class='ocrx_word' id='word_1_135' title='bbox 501 1158 554 1186; x_wconf 92' lang='lat' dir='ltr'>es.</span> <span class='ocrx_word' id='word_1_136' title='bbox 616 1145 717 1196; x_wconf 90' lang='lat' dir='ltr'>quid</span> <span class='ocrx_word' id='word_1_137' title='bbox 753 1159 860 1185; x_wconf 90' lang='lat' dir='ltr'>nunc</span> <span class='ocrx_word' id='word_1_138' title='bbox 897 1145 994 1195; x_wconf 89' lang='lat' dir='ltr'>tibi,</span> <span class='ocrx_word' id='word_1_139' title='bbox 1032 1145 1112 1184; x_wconf 87' lang='lat' dir='ltr'>nisi</span> <span class='ocrx_word' id='word_1_140' title='bbox 1146 1148 1369 1196; x_wconf 87' lang='lat' dir='ltr'>perpetuus</span> <span class='ocrx_word' id='word_1_141' title='bbox 1406 1147 1468 1184; x_wconf 88' lang='lat' dir='ltr'>in·</span> 
     </span>
     <span class='ocr_line' id='line_1_18' title="bbox 83 1205 1470 1257; baseline 0.001 -12"><span class='ocrx_word' id='word_1_142' title='bbox 83 1206 213 1245; x_wconf 86' lang='lat' dir='ltr'>minet</span> <span class='ocrx_word' id='word_1_143' title='bbox 253 1219 413 1246; x_wconf 85' lang='lat' dir='ltr'>maeror</span> <span class='ocrx_word' id='word_1_144' title='bbox 450 1208 492 1246; x_wconf 85' lang='lat' dir='ltr'>et</span> <span class='ocrx_word' id='word_1_145' title='bbox 528 1207 729 1246; x_wconf 83' lang='lat' dir='ltr'>execratio</span> <span class='ocrx_word' id='word_1_146' title='bbox 766 1205 904 1246; x_wconf 79' lang='lat' dir='ltr'>vitae?</span> <span class='ocrx_word' id='word_1_147' title='bbox 966 1207 1088 1245; x_wconf 88' lang='lat' dir='ltr'>miser</span> <span class='ocrx_word' id='word_1_148' title='bbox 1123 1208 1217 1257; x_wconf 88' lang='lat' dir='ltr'>post</span> <span class='ocrx_word' id='word_1_149' title='bbox 1260 1207 1396 1245; x_wconf 89' lang='lat' dir='ltr'>omnia</span> <span class='ocrx_word' id='word_1_150' title='bbox 1428 1209 1470 1246; x_wconf 88' lang='lat' dir='ltr'>et</span> 
     </span>
     <span class='ocr_line' id='line_1_19' title="bbox 84 1266 1468 1318; baseline 0 -12"><span class='ocrx_word' id='word_1_151' title='bbox 84 1266 273 1306; x_wconf 82' lang='lat' dir='ltr'>lacrimas</span> <span class='ocrx_word' id='word_1_152' title='bbox 309 1266 504 1318; x_wconf 83' lang='lat' dir='ltr'>perdidit,</span> <span class='ocrx_word' id='word_1_153' title='bbox 548 1280 621 1306; x_wconf 92' lang='lat' dir='ltr'>nec</span> <span class='ocrx_word' id='word_1_154' title='bbox 658 1267 863 1306; x_wconf 85' lang='lat' dir='ltr'>dolentem</span> <span class='ocrx_word' id='word_1_155' title='bbox 901 1267 1099 1306; x_wconf 83' lang='lat' dir='ltr'>adiuvant</span> <span class='ocrx_word' id='word_1_156' title='bbox 1142 1267 1259 1306; x_wconf 87' lang='lat' dir='ltr'>oculi.</span> <span class='ocrx_word' id='word_1_157' title='bbox 1322 1269 1468 1318; x_wconf 87' lang='lat' dir='ltr'>incipit</span> 
     </span>
     <span class='ocr_line' id='line_1_20' title="bbox 85 1327 1470 1380; baseline 0.001 -14"><span class='ocrx_word' id='word_1_158' title='bbox 85 1327 196 1379; x_wconf 86' lang='lat' dir='ltr'>apud</span> <span class='ocrx_word' id='word_1_159' title='bbox 225 1330 267 1367; x_wconf 86' lang='lat' dir='ltr'>te</span> <span class='ocrx_word' id='word_1_160' title='bbox 299 1327 460 1380; x_wconf 85' lang='lat' dir='ltr'>gladius</span> <span class='ocrx_word' id='word_1_161' title='bbox 490 1328 638 1367; x_wconf 85' lang='lat' dir='ltr'>habere</span> <span class='ocrx_word' id='word_1_162' title='bbox 671 1328 778 1379; x_wconf 92' lang='lat' dir='ltr'>quod</span> <span class='ocrx_word' id='word_1_163' title='bbox 811 1330 918 1380; x_wconf 86' lang='lat' dir='ltr'>agat.</span> <span class='ocrx_word' id='word_1_164' title='bbox 983 1330 1153 1378; x_wconf 87' lang='lat' dir='ltr'>quaerit,</span> <span class='ocrx_word' id='word_1_165' title='bbox 1186 1340 1274 1367; x_wconf 87' lang='lat' dir='ltr'>ecce</span> <span class='ocrx_word' id='word_1_166' title='bbox 1308 1330 1470 1379; x_wconf 89' lang='lat' dir='ltr'>quaerit</span> 
     </span>
     <span class='ocr_line' id='line_1_21' title="bbox 30 1385 1467 1439; baseline 0 -10"><span class='ocrx_word' id='word_1_167' title='bbox 30 1403 67 1430; x_wconf 77' lang='lat'>20</span> <span class='ocrx_word' id='word_1_168' title='bbox 83 1389 207 1428; x_wconf 82' lang='lat' dir='ltr'>miser</span> <span class='ocrx_word' id='word_1_169' title='bbox 235 1389 400 1428; x_wconf 83' lang='lat' dir='ltr'>ferrum.</span> <span class='ocrx_word' id='word_1_170' title='bbox 454 1385 605 1439; x_wconf 87' lang='lat' dir='ltr'>‘nunc&#39;,</span> <span class='ocrx_word' id='word_1_171' title='bbox 635 1390 781 1439; x_wconf 87' lang='lat' dir='ltr'>inquit,</span> <span class='ocrx_word' id='word_1_172' title='bbox 816 1386 909 1428; x_wconf 77' lang='lat' dir='ltr'>‘huc</span> <span class='ocrx_word' id='word_1_173' title='bbox 933 1388 1090 1428; x_wconf 85' lang='lat' dir='ltr'>reddite</span> <span class='ocrx_word' id='word_1_174' title='bbox 1115 1388 1233 1438; x_wconf 86' lang='lat' dir='ltr'>illud,</span> <span class='ocrx_word' id='word_1_175' title='bbox 1263 1390 1467 1439; x_wconf 88' lang='lat' dir='ltr'>innocens,</span> 
     </span>
     <span class='ocr_line' id='line_1_22' title="bbox 83 1449 1466 1500; baseline 0.001 -13"><span class='ocrx_word' id='word_1_176' title='bbox 83 1449 210 1489; x_wconf 90' lang='lat' dir='ltr'>donec</span> <span class='ocrx_word' id='word_1_177' title='bbox 246 1449 392 1488; x_wconf 90' lang='lat' dir='ltr'>habuit</span> <span class='ocrx_word' id='word_1_178' title='bbox 426 1462 539 1489; x_wconf 90' lang='lat' dir='ltr'>meas</span> <span class='ocrx_word' id='word_1_179' title='bbox 582 1463 727 1489; x_wconf 87' lang='lat' dir='ltr'>manus</span> <span class='ocrx_word' id='word_1_180' title='bbox 758 1451 931 1489; x_wconf 83' lang='lat' dir='ltr'>tantum.</span> <span class='ocrx_word' id='word_1_181' title='bbox 994 1450 1029 1488; x_wconf 88' lang='lat' dir='ltr'>si</span> <span class='ocrx_word' id='word_1_182' title='bbox 1059 1450 1163 1488; x_wconf 88' lang='lat' dir='ltr'>mori</span> <span class='ocrx_word' id='word_1_183' title='bbox 1201 1462 1361 1489; x_wconf 88' lang='lat' dir='ltr'>necesse</span> <span class='ocrx_word' id='word_1_184' title='bbox 1394 1453 1466 1500; x_wconf 91' lang='lat' dir='ltr'>est,</span> 
     </span>
     <span class='ocr_line' id='line_1_23' title="bbox 83 1510 1467 1562; baseline 0.001 -14"><span class='ocrx_word' id='word_1_185' title='bbox 83 1510 146 1548; x_wconf 92' lang='lat' dir='ltr'>illi</span> <span class='ocrx_word' id='word_1_186' title='bbox 181 1511 440 1561; x_wconf 75' lang='lat' dir='ltr'>pofissimum</span> <span class='ocrx_word' id='word_1_187' title='bbox 477 1511 719 1550; x_wconf 91' lang='lat' dir='ltr'>incumbam.</span> <span class='ocrx_word' id='word_1_188' title='bbox 782 1511 858 1549; x_wconf 93' lang='lat' dir='ltr'>hoc</span> <span class='ocrx_word' id='word_1_189' title='bbox 894 1510 967 1548; x_wconf 85' lang='lat' dir='ltr'>illa</span> <span class='ocrx_word' id='word_1_190' title='bbox 998 1510 1082 1549; x_wconf 87' lang='lat' dir='ltr'>iam</span> <span class='ocrx_word' id='word_1_191' title='bbox 1119 1510 1216 1549; x_wconf 92' lang='lat' dir='ltr'>olim</span> <span class='ocrx_word' id='word_1_192' title='bbox 1252 1511 1387 1562; x_wconf 85' lang='lat' dir='ltr'>gravis</span> <span class='ocrx_word' id='word_1_193' title='bbox 1426 1513 1467 1550; x_wconf 88' lang='lat' dir='ltr'>et</span> 
     </span>
     <span class='ocr_line' id='line_1_24' title="bbox 82 1570 1466 1621; baseline 0 -11"><span class='ocrx_word' id='word_1_194' title='bbox 82 1570 224 1610; x_wconf 82' lang='lat' dir='ltr'>infelix</span> <span class='ocrx_word' id='word_1_195' title='bbox 256 1572 392 1610; x_wconf 79' lang='lat' dir='ltr'>anima</span> <span class='ocrx_word' id='word_1_196' title='bbox 424 1571 679 1621; x_wconf 88' lang='lat' dir='ltr'>querebatur.</span> <span class='ocrx_word' id='word_1_197' title='bbox 741 1570 812 1610; x_wconf 93' lang='lat' dir='ltr'>ubi</span> <span class='ocrx_word' id='word_1_198' title='bbox 843 1584 949 1610; x_wconf 89' lang='lat' dir='ltr'>nunc</span> <span class='ocrx_word' id='word_1_199' title='bbox 980 1584 1093 1610; x_wconf 86' lang='lat' dir='ltr'>meae</span> <span class='ocrx_word' id='word_1_200' title='bbox 1124 1570 1259 1610; x_wconf 83' lang='lat' dir='ltr'>vires?</span> <span class='ocrx_word' id='word_1_201' title='bbox 1289 1571 1360 1610; x_wconf 92' lang='lat' dir='ltr'>ubi</span> <span class='ocrx_word' id='word_1_202' title='bbox 1389 1573 1466 1611; x_wconf 88' lang='lat' dir='ltr'>im-</span> 
     </span>
     <span class='ocr_line' id='line_1_25' title="bbox 82 1630 1465 1683; baseline 0.001 -13"><span class='ocrx_word' id='word_1_203' title='bbox 82 1630 231 1683; x_wconf 78' lang='lat' dir='ltr'>petus?</span> <span class='ocrx_word' id='word_1_204' title='bbox 259 1631 330 1670; x_wconf 91' lang='lat' dir='ltr'>ubi</span> <span class='ocrx_word' id='word_1_205' title='bbox 361 1631 502 1671; x_wconf 84' lang='lat' dir='ltr'>dextra</span> <span class='ocrx_word' id='word_1_206' title='bbox 532 1633 619 1670; x_wconf 86' lang='lat' dir='ltr'>tam</span> <span class='ocrx_word' id='word_1_207' title='bbox 649 1630 797 1672; x_wconf 81' lang='lat' dir='ltr'>fortis?</span> <span class='ocrx_word' id='word_1_208' title='bbox 826 1645 909 1671; x_wconf 87' lang='lat' dir='ltr'>uno</span> <span class='ocrx_word' id='word_1_209' title='bbox 940 1633 1037 1682; x_wconf 88' lang='lat' dir='ltr'>ictu,</span> <span class='ocrx_word' id='word_1_210' title='bbox 1068 1634 1181 1683; x_wconf 87' lang='lat' dir='ltr'>puto,</span> <span class='ocrx_word' id='word_1_211' title='bbox 1212 1645 1263 1671; x_wconf 89' lang='lat' dir='ltr'>ne</span> <span class='ocrx_word' id='word_1_212' title='bbox 1287 1646 1351 1672; x_wconf 92' lang='lat' dir='ltr'>me</span> <span class='ocrx_word' id='word_1_213' title='bbox 1378 1633 1465 1683; x_wconf 83' lang='lat' dir='ltr'>qui-</span> 
     </span>
     <span class='ocr_line' id='line_1_26' title="bbox 28 1689 955 1744; baseline -0.004 -9"><span class='ocrx_word' id='word_1_214' title='bbox 28 1707 65 1734; x_wconf 79' lang='lat'>25</span> <span class='ocrx_word' id='word_1_215' title='bbox 84 1692 177 1731; x_wconf 92' lang='lat' dir='ltr'>dem</span> <span class='ocrx_word' id='word_1_216' title='bbox 205 1693 341 1743; x_wconf 90' lang='lat' dir='ltr'>ipsum</span> <span class='ocrx_word' id='word_1_217' title='bbox 374 1693 477 1731; x_wconf 88' lang='lat' dir='ltr'>mihi</span> <span class='ocrx_word' id='word_1_218' title='bbox 507 1694 717 1744; x_wconf 85' lang='lat' dir='ltr'>continget</span> <span class='ocrx_word' id='word_1_219' title='bbox 747 1689 955 1732; x_wconf 89' lang='lat' dir='ltr'>occidere.&#39;</span> 
     </span>
    </p>
   </div>
   <div class='ocr_carea' id='block_1_3' title="bbox 81 1763 372 1767">
    <p class='ocr_par' dir='ltr' id='par_1_3' title="bbox 81 1763 372 1767">
     <span class='ocr_line' id='line_1_27' title="bbox 81 1763 372 1767; baseline 0 0"><span class='ocrx_word' id='word_1_220' title='bbox 81 1763 372 1767; x_wconf 95' lang='lat' dir='ltr'> </span> 
     </span>
    </p>
   </div>
   <div class='ocr_carea' id='block_1_4' title="bbox 17 1783 1464 2423">
    <p class='ocr_par' dir='ltr' id='par_1_4' title="bbox 81 1783 1464 1879">
     <span class='ocr_line' id='line_1_28' title="bbox 81 1783 1464 1832; baseline 0.001 -13"><span class='ocrx_word' id='word_1_221' title='bbox 81 1784 150 1820; x_wconf 79' lang='lat' dir='ltr'>ubi</span> <span class='ocrx_word' id='word_1_222' title='bbox 180 1783 392 1820; x_wconf 87' lang='lat' dir='ltr'>absoletam</span> <span class='ocrx_word' id='word_1_223' title='bbox 423 1783 525 1831; x_wconf 85' lang='lat' dir='ltr'>(obs·</span> <span class='ocrx_word' id='word_1_224' title='bbox 548 1795 641 1820; x_wconf 88' lang='lat' dir='ltr'>corr.</span> <span class='ocrx_word' id='word_1_225' title='bbox 662 1786 714 1831; x_wconf 68' lang='lat' dir='ltr'>e),</span> <span class='ocrx_word' id='word_1_226' title='bbox 750 1783 962 1820; x_wconf 84' lang='lat' dir='ltr'>obsoletam</span> <span class='ocrx_word' id='word_1_227' title='bbox 996 1783 1136 1820; x_wconf 90' lang='lat' dir='ltr'>nubem</span> <span class='ocrx_word' id='word_1_228' title='bbox 1170 1793 1192 1819; x_wconf 75' lang='grc' dir='ltr'><strong><em>ς</em></strong></span> <span class='ocrx_word' id='word_1_229' title='bbox 1300 1785 1464 1832; x_wconf 78' lang='lat' dir='ltr'>tempori</span> 
     </span>
     <span class='ocr_line' id='line_1_29' title="bbox 83 1832 976 1879; baseline -0.002 -10"><span class='ocrx_word' id='word_1_230' title='bbox 83 1832 390 1869; x_wconf 83' lang='lat' dir='ltr'>accommodata:</span> <span class='ocrx_word' id='word_1_231' title='bbox 416 1833 649 1879; x_wconf 82' lang='lat' dir='ltr'>temporaria</span> <span class='ocrx_word' id='word_1_232' title='bbox 674 1833 917 1869; x_wconf 84' lang='lat' dir='ltr'>commodata</span> <span class='ocrx_word' id='word_1_233' title='bbox 947 1839 976 1867; x_wconf 78' lang='lat' dir='ltr'><strong><em>V</em></strong></span> 
     </span>
    </p>

    <p class='ocr_par' dir='ltr' id='par_1_5' title="bbox 84 1881 1463 1976">
     <span class='ocr_line' id='line_1_30' title="bbox 181 1881 1421 1928; baseline 0 -11"><span class='ocrx_word' id='word_1_234' title='bbox 181 1885 200 1917; x_wconf 92' lang='lat'>1</span> <span class='ocrx_word' id='word_1_235' title='bbox 226 1882 479 1917; x_wconf 83' lang='lat' dir='ltr'>revertentem</span> <span class='ocrx_word' id='word_1_236' title='bbox 511 1887 579 1916; x_wconf 72' lang='lat' dir='ltr'>ml</span> <span class='ocrx_word' id='word_1_237' title='bbox 600 1883 652 1928; x_wconf 91' lang='lat' dir='ltr'>(m</span> <span class='ocrx_word' id='word_1_238' title='bbox 677 1894 757 1928; x_wconf 75' lang='lat' dir='ltr'>exp.</span> <span class='ocrx_word' id='word_1_239' title='bbox 780 1883 839 1928; x_wconf 69' lang='lat' dir='ltr'>M)</span> <span class='ocrx_word' id='word_1_240' title='bbox 938 1881 1124 1917; x_wconf 86' lang='lat' dir='ltr'>mutabis:</span> <span class='ocrx_word' id='word_1_241' title='bbox 1159 1883 1182 1927; x_wconf 61' lang='lat' dir='ltr'>a</span> <span class='ocrx_word' id='word_1_242' title='bbox 1206 1883 1250 1918; x_wconf 77' lang='lat' dir='ltr'>ut</span> <span class='ocrx_word' id='word_1_243' title='bbox 1276 1882 1360 1917; x_wconf 88' lang='lat' dir='ltr'>abis</span> <span class='ocrx_word' id='word_1_244' title='bbox 1392 1889 1421 1917; x_wconf 75' lang='grc'>1·</span> 
     </span>
     <span class='ocr_line' id='line_1_31' title="bbox 84 1930 1463 1976; baseline 0 -10"><span class='ocrx_word' id='word_1_245' title='bbox 84 1934 105 1966; x_wconf 80' lang='lat'>2</span> <span class='ocrx_word' id='word_1_246' title='bbox 131 1931 174 1966; x_wconf 85' lang='lat' dir='ltr'>at</span> <span class='ocrx_word' id='word_1_247' title='bbox 198 1941 267 1966; x_wconf 85' lang='lat' dir='ltr'>om.</span> <span class='ocrx_word' id='word_1_248' title='bbox 287 1935 400 1973; x_wconf 70' lang='grc' dir='ltr'>Μργσ</span> <span class='ocrx_word' id='word_1_249' title='bbox 519 1933 541 1965; x_wconf 82' lang='grc'>4</span> <span class='ocrx_word' id='word_1_250' title='bbox 567 1941 672 1967; x_wconf 85' lang='lat' dir='ltr'>sene:</span> <span class='ocrx_word' id='word_1_251' title='bbox 709 1931 791 1966; x_wconf 83' lang='lat' dir='ltr'>sine</span> <span class='ocrx_word' id='word_1_252' title='bbox 817 1937 867 1975; x_wconf 83' lang='grc' dir='ltr'>Ρ;</span> <span class='ocrx_word' id='word_1_253' title='bbox 894 1930 967 1966; x_wconf 90' lang='lat' dir='ltr'>fine</span> <span class='ocrx_word' id='word_1_254' title='bbox 990 1945 1020 1971; x_wconf 74' lang='lat' dir='ltr'>p</span> <span class='ocrx_word' id='word_1_255' title='bbox 1125 1930 1237 1966; x_wconf 89' lang='lat' dir='ltr'>illum</span> <span class='ocrx_word' id='word_1_256' title='bbox 1263 1937 1322 1976; x_wconf 70' lang='lat'>113</span> <span class='ocrx_word' id='word_1_257' title='bbox 1348 1930 1418 1966; x_wconf 84' lang='lat' dir='ltr'>illa</span> <span class='ocrx_word' id='word_1_258' title='bbox 1444 1940 1463 1974; x_wconf 73' lang='grc' dir='ltr'><strong><em>β</em></strong></span> 
     </span>
    </p>

    <p class='ocr_par' dir='ltr' id='par_1_6' title="bbox 17 1978 1463 2025">
     <span class='ocr_line' id='line_1_32' title="bbox 17 1978 1463 2025; baseline 0 -11"><span class='ocrx_word' id='word_1_259' title='bbox 17 1986 22 1994; x_wconf 89' lang='grc'><strong>“</strong></span> <span class='ocrx_word' id='word_1_260' title='bbox 82 1983 104 2014; x_wconf 85' lang='grc'>5</span> <span class='ocrx_word' id='word_1_261' title='bbox 126 1978 378 2025; x_wconf 88' lang='lat' dir='ltr'>quodcunque</span> <span class='ocrx_word' id='word_1_262' title='bbox 398 1993 439 2014; x_wconf 81' lang='lat' dir='ltr'>a:</span> <span class='ocrx_word' id='word_1_263' title='bbox 461 1980 704 2025; x_wconf 87' lang='lat' dir='ltr'>quotcunque</span> <span class='ocrx_word' id='word_1_264' title='bbox 724 1987 784 2024; x_wconf 64' lang='grc' dir='ltr'>βάς</span> <span class='ocrx_word' id='word_1_265' title='bbox 806 1990 1031 2025; x_wconf 87' lang='lat' dir='ltr'>quocunque</span> <span class='ocrx_word' id='word_1_266' title='bbox 1051 1993 1096 2021; x_wconf 70' lang='grc' dir='ltr'>εγ</span> <span class='ocrx_word' id='word_1_267' title='bbox 1149 1979 1341 2015; x_wconf 83' lang='lat' dir='ltr'>iusserant</span> <span class='ocrx_word' id='word_1_268' title='bbox 1358 1986 1463 2014; x_wconf 68' lang='lat' dir='ltr'>BMS</span> 
     </span>
    </p>

    <p class='ocr_par' dir='ltr' id='par_1_7' title="bbox 81 2027 1460 2317">
     <span class='ocr_line' id='line_1_33' title="bbox 83 2027 1417 2074; baseline 0.001 -12"><span class='ocrx_word' id='word_1_269' title='bbox 83 2030 105 2062; x_wconf 90' lang='grc'>8</span> <span class='ocrx_word' id='word_1_270' title='bbox 130 2027 321 2074; x_wconf 84' lang='lat' dir='ltr'>rogabant</span> <span class='ocrx_word' id='word_1_271' title='bbox 346 2033 429 2063; x_wconf 62' lang='lat' dir='ltr'>MS:</span> <span class='ocrx_word' id='word_1_272' title='bbox 466 2027 629 2074; x_wconf 87' lang='lat' dir='ltr'>rogabat</span> <span class='ocrx_word' id='word_1_273' title='bbox 652 2034 782 2063; x_wconf 68' lang='lat' dir='ltr'>BYPd</span> <span class='ocrx_word' id='word_1_274' title='bbox 877 2031 897 2062; x_wconf 88' lang='grc'>9</span> <span class='ocrx_word' id='word_1_275' title='bbox 924 2028 1099 2064; x_wconf 83' lang='lat' dir='ltr'>iunxere:</span> <span class='ocrx_word' id='word_1_276' title='bbox 1134 2027 1355 2071; x_wconf 80' lang='lat' dir='ltr'>iuncxeraet</span> <span class='ocrx_word' id='word_1_277' title='bbox 1379 2034 1417 2063; x_wconf 99' lang='grc' dir='ltr'><em>Β</em></span> 
     </span>
     <span class='ocr_line' id='line_1_34' title="bbox 83 2077 1366 2122; baseline 0 -11"><span class='ocrx_word' id='word_1_278' title='bbox 83 2086 123 2111; x_wconf 85' lang='lat' dir='ltr'>se</span> <span class='ocrx_word' id='word_1_279' title='bbox 149 2087 217 2112; x_wconf 85' lang='lat' dir='ltr'>om.</span> <span class='ocrx_word' id='word_1_280' title='bbox 238 2082 277 2111; x_wconf 93' lang='grc' dir='ltr'><em>Β</em></span> <span class='ocrx_word' id='word_1_281' title='bbox 374 2080 416 2112; x_wconf 93' lang='grc'>11</span> <span class='ocrx_word' id='word_1_282' title='bbox 445 2087 561 2121; x_wconf 88' lang='lat' dir='ltr'>quam</span> <span class='ocrx_word' id='word_1_283' title='bbox 587 2077 755 2112; x_wconf 86' lang='lat' dir='ltr'>tantum:</span> <span class='ocrx_word' id='word_1_284' title='bbox 786 2078 971 2122; x_wconf 82' lang='lat' dir='ltr'>quantum</span> <span class='ocrx_word' id='word_1_285' title='bbox 997 2083 1049 2121; x_wconf 82' lang='grc' dir='ltr'><em>Β;</em></span> <span class='ocrx_word' id='word_1_286' title='bbox 1076 2077 1143 2122; x_wconf 90' lang='lat' dir='ltr'>qui</span> <span class='ocrx_word' id='word_1_287' title='bbox 1168 2078 1319 2112; x_wconf 84' lang='lat' dir='ltr'>tantum</span> <span class='ocrx_word' id='word_1_288' title='bbox 1347 2086 1366 2119; x_wconf 74' lang='grc' dir='ltr'><strong><em>β</em></strong></span> 
     </span>
     <span class='ocr_line' id='line_1_35' title="bbox 85 2125 1416 2171; baseline 0 -11"><span class='ocrx_word' id='word_1_289' title='bbox 85 2128 130 2160; x_wconf 88' lang='grc'>15</span> <span class='ocrx_word' id='word_1_290' title='bbox 155 2126 284 2171; x_wconf 83' lang='lat' dir='ltr'>potes:</span> <span class='ocrx_word' id='word_1_291' title='bbox 309 2125 438 2170; x_wconf 85' lang='lat' dir='ltr'>potest</span> <span class='ocrx_word' id='word_1_292' title='bbox 462 2131 491 2158; x_wconf 74' lang='lat' dir='ltr'>t·</span> <span class='ocrx_word' id='word_1_293' title='bbox 567 2125 689 2171; x_wconf 84' lang='lat' dir='ltr'>patris</span> <span class='ocrx_word' id='word_1_294' title='bbox 715 2137 761 2161; x_wconf 71' lang='lat' dir='ltr'>ea·</span> <span class='ocrx_word' id='word_1_295' title='bbox 784 2125 912 2171; x_wconf 83' lang='lat' dir='ltr'>patrix</span> <span class='ocrx_word' id='word_1_296' title='bbox 937 2131 975 2159; x_wconf 92' lang='grc' dir='ltr'><em>Β</em></span> <span class='ocrx_word' id='word_1_297' title='bbox 1058 2128 1102 2160; x_wconf 87' lang='grc'>16</span> <span class='ocrx_word' id='word_1_298' title='bbox 1129 2125 1353 2161; x_wconf 83' lang='lat' dir='ltr'>exeredatus</span> <span class='ocrx_word' id='word_1_299' title='bbox 1378 2131 1416 2160; x_wconf 91' lang='grc' dir='ltr'><em>Β</em></span> 
     </span>
     <span class='ocr_line' id='line_1_36' title="bbox 82 2172 1460 2220; baseline 0.001 -13"><span class='ocrx_word' id='word_1_300' title='bbox 82 2174 142 2208; x_wconf 85' lang='lat' dir='ltr'>est</span> <span class='ocrx_word' id='word_1_301' title='bbox 172 2179 201 2207; x_wconf 71' lang='lat' dir='ltr'><strong><em>V</em></strong></span> <span class='ocrx_word' id='word_1_302' title='bbox 270 2176 314 2208; x_wconf 90' lang='grc'>19</span> <span class='ocrx_word' id='word_1_303' title='bbox 341 2172 495 2220; x_wconf 86' lang='lat' dir='ltr'>gladius</span> <span class='ocrx_word' id='word_1_304' title='bbox 519 2173 678 2209; x_wconf 86' lang='lat' dir='ltr'>habere:</span> <span class='ocrx_word' id='word_1_305' title='bbox 706 2173 757 2220; x_wconf 85' lang='lat' dir='ltr'>gl.</span> <span class='ocrx_word' id='word_1_306' title='bbox 778 2175 817 2209; x_wconf 83' lang='lat' dir='ltr'>te</span> <span class='ocrx_word' id='word_1_307' title='bbox 842 2173 878 2209; x_wconf 84' lang='lat' dir='ltr'>h.</span> <span class='ocrx_word' id='word_1_308' title='bbox 901 2188 924 2207; x_wconf 87' lang='grc' dir='ltr'><strong>α</strong></span> <span class='ocrx_word' id='word_1_309' title='bbox 951 2173 1028 2219; x_wconf 84' lang='lat' dir='ltr'>(sed</span> <span class='ocrx_word' id='word_1_310' title='bbox 1053 2180 1096 2208; x_wconf 70' lang='grc' dir='ltr'><em>Β</em></span> <span class='ocrx_word' id='word_1_311' title='bbox 1117 2174 1181 2219; x_wconf 85' lang='lat' dir='ltr'>er.)</span> <span class='ocrx_word' id='word_1_312' title='bbox 1257 2177 1303 2208; x_wconf 86' lang='lat'>20</span> <span class='ocrx_word' id='word_1_313' title='bbox 1328 2173 1460 2209; x_wconf 87' lang='lat' dir='ltr'>miser:</span> 
     </span>
     <span class='ocr_line' id='line_1_37' title="bbox 81 2221 1365 2268; baseline 0.002 -12"><span class='ocrx_word' id='word_1_314' title='bbox 81 2221 211 2257; x_wconf 86' lang='lat' dir='ltr'>miseri</span> <span class='ocrx_word' id='word_1_315' title='bbox 229 2227 300 2256; x_wconf 78' lang='lat' dir='ltr'>BV</span> <span class='ocrx_word' id='word_1_316' title='bbox 393 2225 438 2257; x_wconf 83' lang='lat'>22</span> <span class='ocrx_word' id='word_1_317' title='bbox 465 2222 591 2268; x_wconf 79' lang='lat' dir='ltr'>gravis</span> <span class='ocrx_word' id='word_1_318' title='bbox 616 2223 670 2258; x_wconf 86' lang='lat' dir='ltr'>et:</span> <span class='ocrx_word' id='word_1_319' title='bbox 698 2233 812 2268; x_wconf 85' lang='lat' dir='ltr'>grave</span> <span class='ocrx_word' id='word_1_320' title='bbox 839 2222 906 2257; x_wconf 80' lang='lat' dir='ltr'>sed</span> <span class='ocrx_word' id='word_1_321' title='bbox 925 2228 1006 2266; x_wconf 78' lang='grc' dir='ltr'><em>Β1’;</em></span> <span class='ocrx_word' id='word_1_322' title='bbox 1033 2234 1100 2258; x_wconf 86' lang='lat' dir='ltr'>om.</span> <span class='ocrx_word' id='word_1_323' title='bbox 1123 2229 1174 2267; x_wconf 72' lang='grc' dir='ltr'>Μ,</span> <span class='ocrx_word' id='word_1_324' title='bbox 1199 2234 1301 2268; x_wconf 78' lang='lat' dir='ltr'>supr.</span> <span class='ocrx_word' id='word_1_325' title='bbox 1321 2237 1365 2257; x_wconf 76' lang='lat' dir='ltr'>m</span> 
     </span>
     <span class='ocr_line' id='line_1_38' title="bbox 83 2270 901 2317; baseline 0.001 -12"><span class='ocrx_word' id='word_1_326' title='bbox 83 2273 129 2305; x_wconf 85' lang='lat'>25</span> <span class='ocrx_word' id='word_1_327' title='bbox 155 2270 320 2317; x_wconf 85' lang='lat' dir='ltr'>contigit</span> <span class='ocrx_word' id='word_1_328' title='bbox 343 2276 390 2314; x_wconf 83' lang='grc' dir='ltr'><em>Β,</em></span> <span class='ocrx_word' id='word_1_329' title='bbox 416 2282 442 2305; x_wconf 89' lang='lat' dir='ltr'>n</span> <span class='ocrx_word' id='word_1_330' title='bbox 466 2282 568 2316; x_wconf 80' lang='lat' dir='ltr'>supr.</span> <span class='ocrx_word' id='word_1_331' title='bbox 590 2277 630 2314; x_wconf 70' lang='lat'>⁶3</span> <span class='ocrx_word' id='word_1_332' title='bbox 658 2271 849 2317; x_wconf 85' lang='lat' dir='ltr'>contingit</span> <span class='ocrx_word' id='word_1_333' title='bbox 874 2277 901 2305; x_wconf 74' lang='grc' dir='ltr'>Γ</span> 
     </span>
    </p>

    <p class='ocr_par' dir='ltr' id='par_1_8' title="bbox 81 2318 1460 2423">
     <span class='ocr_line' id='line_1_39' title="bbox 177 2318 1460 2364; baseline 0 -11"><span class='ocrx_word' id='word_1_334' title='bbox 177 2319 228 2354; x_wconf 75' lang='lat' dir='ltr'>In</span> <span class='ocrx_word' id='word_1_335' title='bbox 246 2324 285 2353; x_wconf 91' lang='grc' dir='ltr'><em>Β</em></span> <span class='ocrx_word' id='word_1_336' title='bbox 307 2322 341 2354; x_wconf 84' lang='lat' dir='ltr'>et</span> <span class='ocrx_word' id='word_1_337' title='bbox 360 2325 387 2353; x_wconf 83' lang='lat' dir='ltr'>S</span> <span class='ocrx_word' id='word_1_338' title='bbox 411 2318 631 2364; x_wconf 79' lang='lat' dir='ltr'>subscriptio</span> <span class='ocrx_word' id='word_1_339' title='bbox 658 2319 754 2355; x_wconf 80' lang='lat' dir='ltr'>deest</span> <span class='ocrx_word' id='word_1_340' title='bbox 827 2319 866 2354; x_wconf 84' lang='lat' dir='ltr'>M</span> <span class='ocrx_word' id='word_1_341' title='bbox 892 2318 1460 2362; x_wconf 75' lang='lat' dir='ltr'><strong>FABI.QV1NT1LIAN1.PA-</strong></span> 
     </span>
     <span class='ocr_line' id='line_1_40' title="bbox 81 2365 1458 2423; baseline 0 -22"><span class='ocrx_word' id='word_1_342' title='bbox 81 2365 204 2402; x_wconf 85' lang='lat' dir='ltr'>RIES.</span> <span class='ocrx_word' id='word_1_343' title='bbox 242 2366 518 2403; x_wconf 83' lang='lat' dir='ltr'>PALMATVS</span> <span class='ocrx_word' id='word_1_344' title='bbox 556 2367 807 2423; x_wconf 83' lang='lat' dir='ltr'>EXPLICIT7</span> <span class='ocrx_word' id='word_1_345' title='bbox 846 2367 895 2403; x_wconf 83' lang='lat' dir='ltr'>M.</span> <span class='ocrx_word' id='word_1_346' title='bbox 928 2367 1043 2403; x_wconf 84' lang='lat' dir='ltr'><strong>FABI</strong></span> <span class='ocrx_word' id='word_1_347' title='bbox 1078 2367 1261 2411; x_wconf 85' lang='lat' dir='ltr'>QINTIL</span> <span class='ocrx_word' id='word_1_348' title='bbox 1301 2366 1458 2402; x_wconf 79' lang='lat' dir='ltr'>MILES.</span> 
     </span>
    </p>
   </div>
   <div class='ocr_carea' id='block_1_5' title="bbox 82 2425 1459 2523">
    <p class='ocr_par' dir='ltr' id='par_1_9' title="bbox 82 2425 1459 2523">
     <span class='ocr_line' id='line_1_41' title="bbox 82 2425 1459 2475; baseline 0 -14"><span class='ocrx_word' id='word_1_349' title='bbox 82 2425 352 2463; x_wconf 79' lang='lat' dir='ltr'><strong>MARJANVS.</strong></span> <span class='ocrx_word' id='word_1_350' title='bbox 372 2426 572 2473; x_wconf 79' lang='lat' dir='ltr'>INCIPIT3</span> <span class='ocrx_word' id='word_1_351' title='bbox 593 2429 724 2475; x_wconf 79' lang='lat' dir='ltr'>(minio</span> <span class='ocrx_word' id='word_1_352' title='bbox 736 2429 843 2474; x_wconf 79' lang='lat' dir='ltr'>picta</span> <span class='ocrx_word' id='word_1_353' title='bbox 860 2432 1011 2474; x_wconf 75' lang='lat' dir='ltr'>praeter</span> <span class='ocrx_word' id='word_1_354' title='bbox 1029 2428 1182 2474; x_wconf 88' lang='lat' dir='ltr'>incipit)</span> <span class='ocrx_word' id='word_1_355' title='bbox 1201 2434 1230 2462; x_wconf 71' lang='grc'>1</span> <span class='ocrx_word' id='word_1_356' title='bbox 1285 2426 1459 2462; x_wconf 87' lang='lat' dir='ltr'>EXPLIC</span> 
     </span>
     <span class='ocr_line' id='line_1_42' title="bbox 1196 2488 1242 2523; baseline 0 -17"><span class='ocrx_word' id='word_1_357' title='bbox 1196 2488 1242 2523; x_wconf 65' lang='lat'>2*</span> 
     </span>
    </p>
   </div>
  </div>
 </body>
</html>
