1638 2560
499 122 818 160 DECLAMATIO
844 123 931 158 VIII
950 126 1056 159 5—7.
1386 123 1470 166 151

8 236 13 240 ¹*
86 240 235 290 obicio,
265 239 367 291 puta
396 236 667 288 luxuriosum,
697 238 920 290 perditum,
951 240 1181 287 nocentem,
1220 237 1360 290 fingite
1392 238 1469 277 hoc

85 302 246 352 patrem
267 300 344 350 ira,
367 299 647 352 indignatione
673 299 827 349 fecisse,
852 300 1050 350 quantum
1075 299 1233 338 facinus
1259 300 1315 338 sit
1337 298 1470 338 filium

86 361 277 411 occidam,
294 373 413 400 nemo
437 361 569 412 magis
594 361 747 399 fatetur
767 373 888 410 quam
908 360 979 411 qui
997 359 1089 398 vult
1107 360 1237 399 videri
1265 355 1345 413 [30]
1366 359 1472 398 illud

88 421 231 462 fecisse
258 435 334 473 pro
364 421 461 461 filio.

49 494 69 522 5
178 482 354 533 Ecquid,
384 481 550 531 iudices,
582 481 646 521 vel
679 494 726 520 ex
756 482 832 520 hoc
862 482 974 520 totus
1007 482 1165 520 animus
1196 481 1348 530 mariti,
1379 482 1469 520 tota

86 543 343 584 tristissimae
387 543 570 594 coniugis
614 542 827 582 calamitas
876 542 1052 593 perspici
1094 543 1230 592 potest
1275 541 1384 592 quod
1430 554 1472 581 se

86 606 210 657 negat
225 605 351 643 matri
368 605 641 643 communium
666 602 887 642 liberorum
905 602 1048 641 debere
1067 601 1297 642 rationem?
1338 603 1474 653 placet

85 677 195 718 ergo,
225 665 436 714 mortales,
473 666 521 703 ut
552 664 601 702 de
631 663 880 713 hominibus,
915 665 959 701 in
992 675 1091 713 quos
1122 663 1213 714 plus
1247 676 1294 702 ex
1325 663 1471 702 harum

86 726 300 778 sanguine,
333 721 387 764 *ex
422 725 568 764 harum
604 725 755 764 transit
792 725 946 773 anima,
984 736 1066 762 non
1096 723 1274 763 habeant
1311 725 1472 774 partem

32 798 68 825 10
84 787 165 826 11131
206 788 370 826 tantum
412 783 590 825 doloris?
661 785 767 825 solos
812 798 908 837 ergo
958 784 1273 824 communicabit
1324 785 1473 824 misera

84 847 272 898 planctus
305 848 347 886 et
377 846 428 885 ab
454 846 639 885 omuibus
671 846 850 885 consiliis
877 845 1021 896 quibus
1048 845 1260 884 ordinatur
1290 846 1471 894 iuventa,

84 909 173 947 vita
203 907 444 959 disponitur,
482 908 673 946 extranea
705 906 865 945 vilitate
898 907 1094 956 seposita,
1119 907 1237 945 <circa
1268 918 1469 945 maerores

84 969 247 1008 tantum
282 967 622 1018 lacrimarumque
659 968 906 1006 consortium
938 966 1113 1006 orbitate
1150 965 1370 1019 iungetur?
1432 968 1469 1006 si
1496 966 1518 1002 7

84 1029 331 1068 mehercules
367 1029 430 1068 fas
462 1030 524 1068 est
561 1028 793 1077 aestimare,
832 1029 916 1066 utri
947 1028 1039 1078 plus
1076 1029 1239 1078 parenti
1275 1027 1470 1066 debeatur

31 1100 67 1128 1⁵
85 1102 133 1129 ex
163 1089 319 1139 liberis,
356 1102 438 1128 non
475 1089 656 1140 improbe
686 1090 819 1128 totam
849 1090 1096 1139 potestatem
1134 1088 1212 1127 sibi
1244 1088 1470 1127 vindicabit

85 1150 267 1190 adfectus
294 1151 365 1201 qui
396 1150 533 1189 decem
563 1149 766 1189 mensibus
800 1151 894 1188 ante
920 1151 1099 1188 vestram
1126 1149 1274 1199 incipit
1299 1149 1469 1200 diligere

83 1211 292 1262 notitiam,
324 1212 366 1250 et
393 1223 485 1250 cum
516 1223 587 1250 vos
618 1212 756 1261 patres
788 1210 984 1262 gaudium
1014 1211 1192 1260 primum
1223 1210 1350 1249 faciat
1376 1222 1470 1249 ocu-

84 1271 229 1321 lorum,
260 1273 356 1311 ante
387 1273 482 1311 sunt
507 1272 753 1311 conscientia
777 1272 938 1310 matres.
991 1271 1148 1309 facinus
1174 1272 1236 1310 est
1259 1271 1351 1309 ideo
1377 1272 1469 1309 tan-

84 1334 173 1371 tum
202 1332 285 1372 illis
316 1334 449 1372 minus
481 1332 621 1381 licere,
660 1333 756 1382 quia
787 1333 920 1371 minus
952 1332 1084 1370 facere
1116 1331 1332 1370 sufficiunt.
1396 1344 1469 1370 vos

29 1405 67 1431 ²⁰
85 1395 182 1432 estis
207 1394 279 1444 qui
309 1394 529 1432 crescentes
556 1393 685 1432 adhuc
716 1394 760 1430 in
790 1393 1148 1443 peregrinationes,
1181 1393 1252 1442 qui
1282 1393 1366 1430 iam
1398 1392 1470 1430 ad-

84 1454 191 1493 ultos
227 1455 272 1492 in
312 1455 446 1493 castra
485 1466 726 1505 magnorum
763 1455 979 1503 parentum
1020 1454 1204 1491 vanitate
1246 1452 1466 1492 dimittiffis.

85 1514 317 1554 erubescitis
344 1514 553 1554 desideriis
584 1516 796 1564 tamquam
820 1513 1059 1552 infirmitate
1091 1515 1143 1563 et,
1169 1513 1275 1552 unde
1301 1514 1467 1553 velocis-

85 1576 209 1614 simus
245 1577 442 1615 transitus
480 1577 542 1614 est
571 1575 615 1612 in
652 1576 846 1626 rigorem,
884 1574 1033 1614 liberos
1065 1574 1190 1613 vultis
1226 1587 1363 1613 amare
1394 1587 1466 1625 pa-

84 1636 242 1675 tientia.
305 1648 428 1686 quam
466 1636 596 1674 multa
634 1635 725 1674 ideo
761 1636 925 1674 tantum
957 1635 1006 1673 de
1043 1634 1139 1674 filiis
1176 1635 1331 1684 facitis,
1370 1636 1468 1685 quia

30 1707 67 1733 25
85 1696 198 1736 licet:
231 1697 272 1736 et
296 1696 548 1746 frequentius
572 1696 789 1746 potestatis
814 1697 972 1734 vestrae
998 1696 1230 1745 iactatione,
1254 1697 1468 1747 tamquam

86 1757 223 1807 aliquo
267 1757 483 1808 gravitatis
528 1769 671 1809 genere
715 1756 962 1807 delinquitis.
1025 1769 1106 1795 non
1149 1756 1273 1795 habet
1313 1756 1467 1796 orbitas

184 1853 203 1884 1
231 1847 352 1884 abitio
373 1854 423 1892 Μ,
449 1847 490 1883 111
515 1847 602 1883 aliis
622 1848 673 1883 hs·
693 1847 817 1884 obicio
843 1859 945 1893 supr.
967 1861 1009 1882 m
1084 1848 1326 1883 innocentem
1350 1854 1395 1891 Vp

85 1921 218 1967 fingite
249 1933 295 1957 ea:
319 1920 442 1967 fugite
467 1927 505 1955 Β
601 1924 622 1955 2
654 1921 710 1956 ire
737 1926 780 1955 Μ
875 1925 896 1956 5
929 1920 1083 1966 ecquid:
1114 1896 1280 1978 hecquid
1299 1926 1351 1963 Βς
1377 1920 1467 1956 hec—

84 1981 179 2028 quid
203 1988 269 2026 V63
295 1981 473 2027 equidem
494 1987 537 2016 ,11
608 1984 627 2015 7
654 1980 878 2017 liberorum:
906 1992 948 2016 or
973 1982 1016 2016 in
1039 1993 1114 2017 ras.
1135 1987 1188 2024 B,
1214 1980 1399 2016 librorum
1421 1987 1465 2024 P,

84 2066 177 2091 con.
196 2069 224 2095 ρ
321 2035 481 2089 {otioem
507 2060 550 2088 n
647 2056 691 2088 10
722 2053 813 2089 nisi:
841 2054 874 2089 si
899 2060 937 2089 Β
1035 2058 1079 2089 12
1105 2054 1185 2089 vita
1209 2064 1269 2089 res
1296 2054 1467 2100 disponi-

84 2104 149 2138 tur
177 2109 207 2137 V
292 2102 462 2138 utilitate
489 2110 517 2137 σ
605 2102 798 2149 30ροΞεί113
828 2108 857 2136 V
951 2106 996 2137 13
1022 2102 1228 2148 iungentur
1252 2108 1355 2146 ΒῩβς
1381 2102 1467 2137 11111-

85 2152 247 2235 guntura
244 2157 277 2186 J
350 2155 394 2187 14
418 2151 477 2186 uti
503 2157 532 2185 V
595 2154 639 2186 15
664 2150 885 2186 vendicabit
909 2157 948 2194 V,
975 2150 1188 2186 vindicabis
1207 2157 1242 2186 J
1307 2154 1351 2187 18
1378 2162 1466 2186 con-

86 2210 247 2259 scientia
271 2229 310 2259 Β
338 2226 452 2270 (supr.
481 2225 536 2269 ως
573 2223 722 2259 conscie
748 2229 805 2267 Μ,
837 2222 897 2259 vel
932 2223 1165 2259 conscientia
1198 2235 1300 2269 supr
1328 2237 1370 2258 m

89 2275 133 2307 19
161 2272 287 2308 minus
311 2271 426 2308 licere
451 2271 530 2307 illis
562 2278 591 2306 V
708 2275 754 2307 20
786 2272 983 2307 credentes
1010 2280 1038 2306 σ·
1157 2275 1202 2307 23
1234 2271 1466 2355 patilentiam

86 2345 304 2389 Ameneia&
329 2345 503 2391 potentia
530 2345 604 2381 Bu.
688 2347 733 2379 25
759 2322 926 2380 itctione
951 2350 989 2379 Β
1070 2348 1116 2379 26
1142 2322 1324 2391 gravitatil
1327 2331 1463 2389 ⁸(vita

86 2394 243 2477 {witz-3)
262 2399 300 2428 Β
378 2392 643 2438 derelinquitis
669 2398 726 2427 Β
783 2404 919 2428 11011-
934 2392 1109 2428 lacrimas
1135 2393 1178 2428 in
1202 2404 1275 2428 ras.
1298 2398 1335 2426 Β
1407 2402 1467 2426 or-

116 2453 131 2476 1
248 2447 287 2476 Β
