1638 2560
530 98 848 136 DECLAMATIO
875 99 972 136 XIII.
1350 99 1441 142 415

64 228 206 265 emere,
238 214 346 266 quod
371 215 528 254 lucrum
554 217 626 265 est,
657 213 831 254 habere?
886 215 940 253 D.
966 215 1014 253 ut
1038 214 1233 252 damnum
1258 214 1323 264 sit,
1355 215 1442 253 iure

62 277 106 315 in
137 275 298 328 privato
329 288 418 315 meo
452 276 541 315 feci.
597 276 642 314 Ρ.
669 275 854 325 divitem,
886 274 930 313 P.
958 273 1013 324 O„
1043 274 1115 313 ubi
1151 274 1279 314 scelus
1310 274 1442 313 facere

62 350 144 377 non
175 335 306 376 liceat.
362 337 447 375 iam
478 349 558 375 non
590 336 639 375 de
664 336 773 375 facto
806 335 874 375 sed
906 335 954 374 de
980 335 1068 374 loco
1095 336 1313 385 quaeritur.
1370 334 1442 374 ubi

63 399 199 437 autem
229 409 314 436 non
335 396 510 436 divitum
534 397 740 447 privatum
772 395 858 436 est?
891 398 962 437 aut
986 408 1188 447 nusquam
1213 397 1354 435 contra
1378 396 1441 436 ius

27 471 43 498 5
62 457 159 497 licet
199 458 271 497 aut
305 458 349 496 in
390 457 550 509 privato
595 458 741 496 omnia.
805 457 917 496 furta
957 458 1086 508 igitur
1132 458 1173 495 et
1212 456 1439 496 homicidia.

61 518 114 557 D.
141 518 241 558 haec
280 518 399 570 longe
439 518 523 558 illis
564 531 644 557 non
686 519 939 558 conveniunt.
1005 518 1050 555 P.
1084 518 1199 567 atqui
1239 518 1319 556 ista
1360 530 1441 556 non

61 579 148 618 iure
174 578 243 619 sed
268 591 411 631 genere
431 578 633 618 differunt.
688 578 742 617 D.
764 578 863 629 quid
882 591 906 618 a
924 576 1018 617 me?
1071 578 1179 617 ultro
1199 577 1251 616 ad
1270 579 1442 617 mortem

62 642 270 679 venerunt.
335 640 379 678 P.
413 652 544 678 nonne
586 652 741 679 venena
781 639 984 690 sparsisti,
1032 638 1149 678 flores
1192 637 1441 689 exposuisti?

63 701 98 740 si
129 713 327 739 venenum
356 700 513 739 homini
538 700 725 750 dedisses,
757 699 907 739 diceres
939 712 1031 738 eum
1062 699 1181 738 labiis
1215 699 1441 739 admovisse

7 774 42 801 ιο
60 761 216 812 pocula.
281 761 325 800 in
366 761 473 800 saltu
512 761 716 800 hominem
757 761 957 799 iaculatus
999 773 1050 799 es.
1095 772 1210 796 *μοι*
1252 760 1305 799 D.
1333 759 1438 799 cedo.

61 821 255 861 interfeci.
311 821 494 872 reddam,
536 822 572 860 si
601 822 713 872 prius
747 820 853 871 quod
893 822 1056 871 raptum
1089 822 1166 870 est,
1206 820 1438 860 reddideris.

62 882 155 922 nolo
197 894 264 922 eas
303 895 327 921 a
365 895 453 922 meo
495 882 716 932 quidquam
757 894 922 921 sumere.
980 882 1024 919 P.
1050 894 1132 920 non
1171 881 1214 920 in
1255 881 1439 921 omnibus

62 944 228 982 sumunt
264 942 333 983 sed
364 943 407 982 in
439 943 621 982 omnibus
655 944 864 993 quaerunt.
920 942 973 980 D.
1001 943 1037 981 si
1065 954 1222 993 semper
1251 942 1439 982 falleren-

62 1004 141 1053 tur,
173 1016 252 1043 non
285 1016 442 1055 semper
470 1003 659 1043 redirent.
715 1004 759 1042 P.
787 1003 966 1042 discerne
998 1002 1067 1042 ubi
1100 1002 1221 1052 desit,
1254 1004 1294 1041 et
1324 1003 1438 1042 resti-

9 1078 43 1104 15
62 1066 188 1103 tuam.
250 1064 303 1103 D.
330 1064 437 1115 quod
476 1064 611 1103 videre
651 1076 824 1114 nequeo,
863 1063 1091 1115 intelligere
1132 1076 1245 1114 queo.
1312 1076 1440 1102 vacua

63 1125 186 1170 venit,
207 1126 352 1164 onusta
372 1124 484 1163 abiit.
542 1126 614 1164 aut
638 1125 825 1175 rapinam
852 1124 1003 1174 cohibe,
1029 1125 1101 1163 aut
1122 1125 1289 1174 raptum
1307 1124 1438 1163 redde.

62 1185 106 1224 P.
131 1186 251 1225 recte.
307 1185 483 1224 reddam.
545 1187 592 1224 tu
633 1187 830 1236 quantum
870 1186 1098 1236 rapuerint,
1139 1184 1328 1224 discerne.
1385 1185 1438 1224 D.

63 1247 215 1296 quanto
240 1245 446 1285 difficilius
473 1245 652 1295 diffiniri,
677 1247 794 1285 tanto
812 1245 1102 1296 impossibilius
1128 1245 1251 1284 reddi.
1302 1247 1439 1285 tamen

61 1306 192 1346 redde.
248 1307 293 1345 P.
318 1307 492 1346 habetne
518 1307 656 1356 aliqua
679 1307 756 1356 leX,
787 1306 831 1344 P.
859 1305 913 1356 0.,
939 1308 986 1345 ut
1010 1306 1202 1345 reddatur
1227 1306 1333 1356 quod
1359 1319 1439 1346 non

7 1381 43 1407 20
62 1368 193 1417 novit,
234 1367 332 1418 quid
368 1367 434 1407 vel
478 1369 676 1417 quantum
723 1367 788 1406 vel
830 1366 936 1417 quod
972 1379 1116 1405 nomen
1155 1365 1331 1405 habeat?
1384 1367 1438 1405 D.

62 1427 235 1467 habetne
275 1428 440 1478 aliquod
471 1429 552 1477 ius,
589 1427 632 1466 P.
661 1426 715 1478 G,
747 1429 794 1466 ut
832 1427 938 1477 quod
968 1428 1179 1478 proprium
1212 1429 1288 1479 est,
1332 1428 1439 1477 quod

62 1501 222 1527 servare
262 1490 303 1527 et
346 1489 495 1528 servire
535 1490 687 1538 potest,
729 1488 835 1538 quod
876 1488 926 1526 ab
970 1489 1100 1527 invito
1141 1489 1317 1538 rapitur,
1358 1500 1439 1527 non

61 1547 281 1588 reddatur?
335 1549 379 1587 P.
406 1551 539 1588 totum
570 1549 764 1587 mundum
794 1550 838 1587 in
870 1549 1185 1588 controversiam
1217 1550 1383 1598 vocatis,
1415 1561 1437 1588 o

60 1609 223 1659 iudices,
249 1611 283 1649 si
304 1610 441 1660 apium
460 1609 617 1649 labores
643 1610 750 1648 inter
766 1610 943 1665 *iniurias
962 1610 1171 1660 reputatis.
1228 1610 1281 1648 D.
1302 1621 1438 1649 omnes

6 1683 42 1710 25
61 1670 168 1722 leges
200 1671 243 1708 in
273 1670 407 1709 labem
437 1670 614 1720 truditis,
645 1670 808 1719 iudices,
840 1671 874 1709 si
905 1683 968 1709 res
998 1671 1183 1720 proprias
1215 1670 1438 1710 dominicae

62 1730 318 1780 subtrahitis,
359 1731 515 1770 alienae
555 1731 760 1770 voluntati
800 1730 981 1770 subditis.
1038 1731 1082 1769 P.
1114 1730 1210 1780 quid
1250 1731 1437 1780 haeretis,

60 1789 241 1830 iudices?
274 1792 345 1830 aut
375 1791 562 1841 iudicate,
595 1792 665 1830 aut
697 1792 880 1842 querenti
910 1791 1078 1830 reddite.

159 1970 179 2001 2
207 1966 381 2003 divitem:
416 1966 624 2003 diiudicate
657 1974 710 2012 R,
744 1967 904 2003 dividite
935 1973 996 2002 VB
1139 1972 1161 2002 4
1189 1967 1347 2003 divitem
1379 1973 1439 2003 VB

62 2018 82 2049 5
109 2015 149 2050 in
169 2026 237 2051 om.
259 2022 295 2050 Ρ
393 2019 411 2050 7
438 2015 531 2061 quid
558 2015 609 2051 ad
626 2027 687 2051 me
707 2027 773 2052 om.
796 2022 833 2051 P
928 2019 949 2051 9
976 2016 1117 2052 dedisti
1138 2022 1181 2060 P,
1201 2028 1253 2052 a‘n
1272 2020 1388 2052 recte?

62 2063 164 2099 dices
189 2069 251 2098 VB
324 2067 368 2099 16
396 2075 419 2099 a
437 2064 574 2110 rapina
594 2070 698 2100 RVB
770 2068 812 2099 21
841 2076 876 2110 p.
899 2075 930 2100 e.
952 2071 1001 2110 P;
1028 2076 1095 2100 om.
1118 2070 1222 2100 RVB
1294 2068 1338 2099 22
1361 2075 1435 2100 ser-

60 2112 141 2147 vari
168 2118 240 2148 RV
334 2115 377 2148 27
405 2112 649 2158 conquerenti
676 2118 781 2149 RVB
