1638 2560
492 103 812 141 DEGLAMATIO
838 104 873 140 X
893 107 999 140 3-6.
1353 103 1439 147 193

58 223 107 261 ut
129 233 204 272 per
227 221 406 271 quietem
430 220 648 272 contigisse
679 219 808 258 filium
833 219 953 259 dicat.
1004 219 1109 258 unde
1134 219 1304 259 miserae
1329 221 1439 269 tunc,

58 281 164 321 unde
201 279 392 321 somnus?
452 281 556 320 nihil
593 280 642 319 de
678 281 738 330 te,
776 281 940 330 marite,
979 280 1082 319 nihil
1121 293 1276 330 queror.
1339 281 1439 319 satis

58 353 228 394 magnas
253 341 428 382 dedisses
458 354 620 392 poenas,
653 341 687 380 si
718 341 816 380 totis
847 340 1034 380 noctibus
1060 354 1217 380 mecum
1247 340 1342 379 flere
1366 353 1440 379 vo-

58 403 214 443 luisses.
268 402 437 443 vidisses
469 402 621 452 utique,
652 415 733 440 non
765 401 1104 452 quemadmodum
1134 403 1275 440 tenues
1305 414 1441 440 rerum

23 477 41 504 5
60 463 258 515 imagines
290 463 422 503 solent
452 461 766 514 cogitationibus
796 463 975 512 accipere
1008 474 1163 513 eorpus,
1196 475 1287 501 eum
1311 474 1440 501 vanae

61 523 218 564 absenti
261 524 397 563 animo
435 523 701 575 cogitationes
746 522 966 574 finguntur,
1011 523 1081 562 sed
1122 524 1256 574 ipsum
1298 522 1440 572 filium,

61 584 195 635 qualis
224 583 511 624 blandissimus
543 586 642 633 erat,
674 585 726 633 et,
759 584 795 622 si
825 584 1068 634 dimittatur,
1100 583 1255 622 videbo.
1307 583 1440 622 subito

61 646 156 684 ante
186 657 251 684 me
283 644 457 684 diductis
495 644 680 684 constitit
716 644 912 694 tenebris,
950 657 1030 683 non
1069 645 1138 683 ille
1175 645 1333 694 pallens
1368 657 1442 683 1166

63 705 206 745 acerbo
237 705 431 757 languore
464 707 725 756 consumptus
757 718 830 744 nec
863 705 993 755 qualis
1026 717 1147 755 super
1179 717 1299 757 rogos
1331 705 1442 744 vide-

7 781 43 808 1⁰
60 765 183 805 batur
226 767 268 805 et
310 766 511 816 flammas,
556 766 626 805 sed
669 766 809 805 viridis
854 767 894 804 et
938 778 1033 805 sane
1077 765 1244 816 pulcher
1287 766 1441 804 habitu.

61 827 195 866 nescio
229 825 304 868 nbi
340 828 472 866 totam
507 827 728 877 reliquerat
765 828 947 866 mortem.
1010 839 1091 865 non
1131 827 1225 878 igne
1265 826 1443 865 torridae

63 899 200 926 comae
238 900 311 926 nec
348 887 492 927 favilla
529 887 688 926 funebri
725 888 843 938 nigra
881 888 1004 926 facies
1047 900 1121 926 nec
1151 888 1219 926 vix
1256 886 1356 925 bene
1389 888 1443 926 ci-

61 960 156 986 nere
195 949 417 998 composito
455 948 620 987 umbrae
657 949 829 987 recentis
866 949 1009 999 igneus
1050 948 1224 998 squalor.
1287 948 1443 998 procla-

61 1009 192 1048 maret
221 1009 352 1048 mater
381 1009 534 1059 infelix,
567 1010 727 1048 etiamsi
758 1009 882 1047 talem
914 1009 1049 1047 videre
1082 1008 1260 1048 desisset.
1311 1010 1443 1058 primo

7 1082 43 1110 15
62 1070 224 1108 tantum
255 1070 370 1108 stetit
402 1070 443 1108 et
473 1082 514 1108 se
546 1070 731 1120 permisit
762 1070 936 1121 agnosci.
990 1082 1062 1121 ego
1094 1070 1191 1108 tunc
1221 1069 1443 1120 plurimum

63 1130 201 1180 stupui
231 1142 311 1168 non
343 1142 442 1169 ausa
473 1131 610 1169 oscula
641 1130 754 1179 dare,
791 1143 871 1169 non
902 1131 1068 1182 iungere
1101 1130 1321 1180 amplexus.
1383 1131 1444 1168 in-

62 1190 160 1229 felix
202 1191 378 1240 primam
420 1191 579 1241 perdidi
621 1192 797 1240 noctem,
843 1190 940 1229 dum
983 1192 1127 1240 timeo,
1172 1204 1222 1229 ne
1265 1190 1443 1242 fugeret!

62 1250 166 1290 hanc
195 1252 255 1300 tu,
285 1252 442 1303 marite,
474 1253 774 1301 persuasionem
806 1253 926 1301 putas
959 1253 1000 1289 et
1024 1264 1175 1290 vanum
1207 1252 1333 1289 animi
1364 1252 1446 1289 mei

63 1311 242 1363 lugentis
268 1310 469 1351 errorem?
520 1312 714 1362 quicquid
740 1313 801 1351 est
825 1313 868 1350 in
893 1311 990 1361 filio,
1021 1312 1113 1362 plus
1139 1312 1247 1362 apud
1272 1314 1445 1350 matrem

0 1385 46 1412 ,so
63 1371 127 1422 fit,
166 1384 260 1411 cum
295 1372 454 1412 desinit.
518 1374 578 1412 vis
617 1372 789 1422 denique
828 1374 927 1412 scire
961 1373 1058 1422 quid
1095 1374 1211 1411 uxori
1248 1374 1342 1411 tuae
1378 1372 1445 1411 de-

64 1431 263 1472 traxeris?
300 1444 348 1471 ex
379 1432 570 1472 defuncto
607 1433 691 1472 filio
730 1446 811 1471 non
849 1433 972 1471 habet
1010 1433 1122 1471 aliud
1154 1432 1262 1483 quod
1301 1434 1444 1483 speret.

155 1492 243 1532 Iam
268 1506 347 1532 nox
366 1493 496 1532 altera
515 1494 666 1543 aderat,
692 1495 733 1532 et
758 1494 899 1543 primis
920 1495 1059 1532 statim
1078 1494 1254 1532 tenebris
1281 1495 1441 1544 praesto
1468 1493 1494 1529 6

65 1552 172 1592 filius
204 1555 292 1592 erat
322 1566 403 1592 non
433 1554 503 1592 ille
535 1556 582 1592 ut
618 1554 747 1604 pridie
782 1555 923 1604 procul
962 1556 1002 1593 et
1038 1556 1199 1593 tantum
1236 1554 1445 1603 videndus,

67 1612 137 1652 sed
173 1614 364 1653 audacius
402 1616 443 1653 et
479 1616 644 1664 propius
689 1617 730 1653 et
767 1614 819 1653 ad
863 1616 1004 1654 matris
1049 1628 1192 1654 manus
1235 1617 1446 1665 tamquam

11 1686 48 1713 85
68 1686 211 1724 corpus
243 1674 443 1714 accedens.
500 1688 572 1714 nec
602 1676 685 1713 iam
716 1676 796 1714 nisi
827 1688 918 1714 cum
949 1676 1037 1715 luce
1069 1677 1180 1715 certa
1211 1676 1446 1728 fugatisque

69 1733 265 1773 sideribus
289 1736 443 1774 invitus
468 1735 538 1774 ille
557 1736 797 1775 vanescebat
822 1749 869 1774 ex
894 1737 1020 1776 oculis
1046 1737 1220 1775 multum
1244 1738 1446 1786 resistens,

68 1806 186 1844 saepe
210 1795 427 1845 respiciens
454 1797 494 1835 et
519 1797 590 1847 qui
615 1809 656 1835 se
682 1797 938 1847 promitteret
963 1799 1087 1836 etiam
1113 1798 1298 1848 proxima
1328 1799 1446 1836 nocte

67 1856 294 1894 venturum.
356 1857 439 1895 iam
482 1858 655 1896 maerori
698 1858 808 1897 locus
852 1870 932 1896 non
978 1859 1082 1896 erat:
1126 1858 1272 1897 mulier
1318 1858 1443 1896 filium

67 1917 184 1955 nocte
216 1916 390 1966 videbat,
424 1917 488 1956 die
520 1917 717 1967 sperabat.
771 1918 867 1968 quid
899 1919 1048 1957 attinet
1079 1919 1239 1970 singula
1271 1917 1446 1957 referre?

13 1989 50 2016 so
68 1976 203 2026 nullis,
228 1978 374 2027 inquit,
407 1977 603 2017 destituta
628 1991 717 2018 sum
741 1979 929 2028 tenebris,
956 1979 1080 2019 donec
1106 1980 1300 2019 scelerata
1326 1981 1446 2018 tacui.

68 2036 248 2076 satiabar
297 2038 461 2089 osculis,
509 2039 688 2078 satiabar
732 2039 982 2090 amplexibus
1028 2042 1068 2078 et
1111 2040 1369 2090 coHoquebar
1407 2042 1448 2079 et

167 2167 187 2199 3
220 2164 371 2201 dedisse
395 2172 452 2208 Ββ
551 2169 571 2200 6
605 2166 801 2202 absentiae
827 2173 856 2201 V
949 2170 968 2202 7
995 2167 1143 2203 videbis
1173 2167 1236 2203 Gr.
1339 2170 1360 2202 8
1391 2167 1448 2202 di-

69 2211 194 2248 ductis
222 2221 259 2258 ςς
287 2214 461 2250 deductis
487 2229 517 2249 ω
604 2218 646 2250 10
672 2215 804 2261 pulcer
830 2223 866 2250 P
946 2219 989 2250 13
1016 2215 1189 2251 umbrae:
1217 2216 1388 2251 membra
1414 2222 1451 2250 B
1520 2213 1530 2222 '

71 2264 116 2296 14
143 2261 312 2297 dedisset
336 2269 368 2298 J
464 2267 509 2298 15
535 2263 692 2308 permisi
719 2270 774 2308 Μ,
807 2276 899 2301 corr.
920 2279 962 2299 m
1062 2268 1105 2299 16
1136 2264 1307 2299 osculum
1333 2273 1352 2307 β

71 2312 116 2344 18
141 2311 426 2355 persuasionem
452 2311 662 2360 (inanem)
689 2313 794 2349 Dess.
922 2316 966 2348 19
1001 2314 1150 2358 patrem
1184 2312 1259 2359 sit}
1290 2314 1321 2358 (t
1352 2313 1450 2348 vocis

71 2357 123 2393 sit
146 2359 189 2394 in
212 2370 286 2395 ras.
307 2362 344 2406 ὁ)
364 2366 402 2395 B
499 2364 544 2395 20
577 2360 627 2395 sit
658 2367 715 2395 Sd
809 2365 852 2396 21
886 2360 1078 2408 {amplius
1105 2363 1142 2407 (a
1168 2367 1230 2406 er.)
1258 2367 1308 2404 B,
1343 2360 1450 2395 aliud

11 2450 14 2451 ⁷
69 2416 170 2451 supr.
193 2413 216 2442 ⁶
315 2412 360 2444 26
388 2409 639 2445 evanescebat
660 2416 688 2443 V
782 2414 824 2444 31
853 2409 1100 2456 colloquebar
1124 2409 1328 2444 audiebam
1354 2415 1391 2443 B

144 2473 358 2507 Quin-mum
377 2483 652 2503 nncnmxnomrs
673 2477 719 2502 ed.
740 2476 921 2503 Lehnert.
1186 2474 1229 2504 13
