1638 2560
110 667 134 703 3

163 127 250 170 322
273 91 280 97 ι
569 123 770 160 INFAMIS
796 123 849 158 IN
874 120 1089 160 MATREM
1113 120 1130 155 I

162 243 290 293 putat.
342 242 381 280 et
412 241 446 279 si
476 240 574 279 bene
607 241 712 278 artes
746 240 785 276 et
815 236 1038 288 profundae
1069 235 1216 274 mentis
1245 234 1415 274 consilia
1445 247 1534 286 per-

162 302 298 354 spicio,
330 300 565 352 respondere
593 300 670 339 sibi
695 299 854 338 videtur
879 297 970 348 plus
995 308 1118 347 quam
1143 297 1275 335 mater
1297 296 1533 348 interrogat.

161 362 335 410 fallitur,
379 361 558 411 quisquis
602 360 707 398 hunc
748 371 831 398 esse
875 357 1002 397 credit
1044 356 1341 408 inexplicabilis
1385 355 1534 396 doloris

163 424 313 461 aestum
355 423 394 459 et
430 423 536 460 inter
577 421 728 459 silentii
772 418 1110 468 confessionisque
1155 429 1298 456 causas
1341 417 1534 456 miserum

159 482 360 533 pudorem.
424 481 548 520 alium
580 481 731 520 exitum
762 493 841 518 non
878 478 1018 528 habet,
1058 490 1181 528 quam
1211 479 1259 517 ut
1292 476 1532 529 respondere
1571 489 1588 518 ⁵

159 543 265 582 nolle
296 542 480 581 videatur
512 542 693 592 quisquis
730 540 859 579 filium
891 539 1039 579 occidit
1070 541 1111 578 et
1148 537 1319 590 probare
1350 551 1432 578 non
1462 551 1532 590 po—

158 604 248 652 test,
279 604 443 653 propter
475 602 580 652 quod
612 601 816 640 erubuerit
848 600 985 639 occidi.

251 662 494 714 Coniungat,
532 664 729 712 quantum
766 661 892 711 volet,
933 660 1240 700 nocentissimus
1281 671 1401 700 senex
1442 671 1533 698 cum

156 736 313 762 rumore
345 723 486 774 populi
518 723 721 762 silentium
748 735 864 761 suum
896 723 936 760 et
966 721 1146 761 relatura
1178 720 1359 759 ordinem
1383 720 1531 760 tristis-

157 784 279 822 simae
323 784 442 823 sortis
485 784 646 822 conlata
688 782 943 834 malignitate
989 781 1125 821 cludat
1170 794 1258 832 ora,
1303 782 1532 832 compescat
1551 795 1587 822 ιο

157 844 306 883 aditus:
339 844 466 883 securi
497 845 633 882 tamen
666 844 810 893 estote,
841 843 1050 893 mortales,
1081 842 1143 882 fas
1175 843 1254 892 est,
1285 842 1347 881 fas
1379 842 1440 882 est
1470 842 1530 880 in-

155 906 458 943 nocentissimae
495 904 617 943 matri
654 905 766 943 velut
809 905 851 942 in
889 903 1070 954 templis,
1114 903 1228 942 velut
1273 901 1382 954 apud
1421 903 1531 953 ipsos

155 965 402 1015 proclamare
434 977 615 1015 superos:
652 966 785 1003 amavi
810 964 940 1002 filium
972 976 1106 1002 meum
1137 964 1336 1013 matrona,
1366 962 1531 1014 iudices,

156 1026 268 1064 cuius
299 1025 497 1075 puellares
530 1037 666 1074 annos,
699 1026 871 1076 primam
902 1025 1122 1075 rudemque
1151 1024 1330 1076 coniugii
1354 1025 1530 1063 mentem

155 1085 267 1123 nulla
310 1085 523 1124 libidinum
566 1087 757 1135 respersit
799 1085 986 1135 infamia,
1031 1085 1096 1124 cui
1132 1084 1344 1135 impudens
1380 1097 1530 1135 rumor,
1549 1098 1584 1126 ιε

155 1145 339 1195 suspicax
370 1147 538 1185 maritus
570 1147 673 1185 nihil
703 1158 881 1196 unquam
919 1145 1055 1197 potuit
1086 1145 1243 1185 obicere
1273 1145 1355 1184 nisi
1387 1144 1528 1184 filium.

156 1219 258 1256 quae
301 1206 519 1256 pudicitiae
555 1206 687 1256 prima
730 1206 876 1246 fiducia
920 1208 997 1256 est,
1043 1205 1170 1245 edidit
1205 1207 1369 1256 partum
1410 1218 1530 1256 quem

154 1266 322 1305 maritus
350 1269 593 1318 agnosceret,
624 1280 704 1306 non
736 1268 885 1316 timuit,
917 1280 966 1306 ne
993 1269 1134 1317 stupra
1159 1266 1412 1317 furtivosque
1437 1279 1527 1306 con-

154 1326 310 1365 cubitus
351 1328 510 1378 parvuli
541 1328 676 1366 vultus
716 1330 788 1366 aut
819 1329 1031 1367 crescentis
1069 1327 1269 1366 infantiae
1304 1326 1527 1366 similitudo

153 1386 363 1439 detegeret.
426 1389 567 1427 natum
605 1388 653 1427 de
692 1390 732 1427 te
771 1389 979 1438 continuo,
1024 1389 1060 1428 si
1098 1388 1196 1438 quid
1232 1388 1312 1438 ipsi
1352 1386 1527 1438 creditis,
1546 1401 1585 1429 20

151 1447 414 1498 inpatientius
454 1449 661 1498 complexa
700 1461 820 1498 quam
858 1450 1006 1499 reliqui
1042 1450 1232 1500 parentes
1262 1461 1344 1487 non
1379 1449 1424 1486 in
1455 1461 1526 1486 nu—

150 1507 268 1547 trices
301 1520 373 1546 nec
403 1510 446 1547 in
477 1509 701 1548 ministeria
732 1510 930 1559 seposuit:
965 1511 1046 1548 suis
1081 1510 1185 1548 aluit
1215 1508 1422 1559 uberibus,
1455 1521 1526 1548 suo

152 1568 254 1606 fovit
283 1569 478 1618 amplexu.
529 1570 726 1619 numquid
751 1572 792 1609 et
815 1570 888 1609 hos
915 1582 1051 1620 annos,
1083 1569 1299 1621 parricida,
1330 1569 1526 1620 numquid

152 1629 193 1665 et
223 1629 439 1678 pueritiam
471 1629 606 1668 miseri
637 1629 791 1669 iuvenis
822 1629 1023 1669 infamas?
1074 1633 1209 1669 actum
1236 1631 1297 1669 est
1322 1629 1370 1669 de
1396 1641 1526 1669 sacro-

150 1701 239 1726 rum
271 1689 475 1727 nominum
507 1689 602 1740 fide,
636 1690 684 1738 si,
719 1693 766 1729 ut
797 1691 983 1730 videatur
1014 1692 1205 1731 innocens
1235 1692 1379 1740 mater,
1414 1692 1525 1730 aetas
1544 1703 1582 1731 25

150 1749 310 1786 tantum
335 1748 411 1787 filii
441 1750 550 1788 facit.
615 1750 857 1790 accendebat
887 1751 990 1791 hanc
1023 1764 1120 1804 erga
1151 1751 1317 1791 unicum
1349 1751 1525 1802 optimae

149 1809 291 1847 matris
330 1809 612 1859 inpatientiam
643 1811 796 1862 rigidus
835 1813 968 1862 pater,
1007 1825 1124 1863 asper
1160 1812 1331 1851 maritus
1371 1812 1412 1851 et
1448 1811 1526 1850 sibi

149 1868 361 1908 videbatur
391 1883 534 1920 parum
565 1871 731 1922 implere
765 1885 882 1922 quem
913 1886 986 1923 pro
1020 1873 1173 1912 duobus
1200 1871 1431 1911 conferebat
1457 1871 1524 1911 ad-

245 1987 264 2018 1
293 1985 347 2019 et:
375 1995 419 2020 ae
444 1991 489 2029 B,
518 1996 562 2020 ac
588 1993 628 2029 b,
655 1997 674 2021 e
700 1993 729 2020 V
808 1986 998 2033 prospicio
1020 1994 1056 2022 P
1151 1991 1171 2022 2
1199 1987 1422 2033 priusquam
1447 1987 1522 2023 Bu.

149 2035 170 2067 5
198 2043 328 2077 quam:
357 2033 458 2078 quod
483 2040 520 2068 Ρ
635 2037 654 2069 7
682 2034 889 2071 erubuerit:
918 2035 1092 2071 debuerit
1118 2042 1178 2079 Μβ
1289 2038 1310 2071 8
1335 2034 1465 2071 volent
1488 2041 1528 2070 B

149 2083 169 2115 9
195 2079 359 2116 relature
391 2088 471 2125 BV3
506 2081 718 2129 relagturus
745 2089 788 2118 M
922 2087 968 2119 10
1000 2084 1141 2120 callida
1174 2084 1419 2131 malignitate
1457 2083 1522 2120 Gr.

149 2156 191 2187 11
220 2152 365 2188 aditus:
393 2153 563 2189 adiectus
589 2160 640 2199 33
667 2154 838 2190 abiectus
864 2162 892 2190 V
994 2156 1052 2192 fas
1080 2158 1137 2192 est
1161 2157 1267 2192 semel
1292 2162 1336 2191 M
1441 2143 1523 2191 fflo-

148 2201 362 2236 centissime
389 2208 425 2236 B
549 2206 592 2237 12
619 2203 752 2239 matris
778 2210 817 2247 V,
843 2204 983 2251 matri}
1008 2212 1051 2240 M
1151 2204 1359 2250 imtemplis
1385 2210 1429 2240 M

148 2252 192 2297 15
218 2248 379 2285 libidine
404 2256 484 2284 BM
506 2251 541 2297 (”
563 2263 610 2287 er.
632 2258 682 2296 M,
709 2252 758 2286 -is
785 2253 821 2298 ὸ)
910 2256 954 2288 19
981 2253 1095 2288 vultis
1122 2260 1172 2300 B,
1201 2253 1325 2289 adulti
1351 2259 1395 2288 M
1464 2252 1522 2287 in-

145 2321 286 2358 famiae
313 2331 366 2357 ασ
485 2322 665 2358 simitudo
692 2330 742 2368 M,
769 2323 799 2359 li
823 2335 925 2370 supr.
945 2339 988 2359 m
1123 2330 1166 2361 21
1194 2314 1377 2362 iflutrices
1402 2331 1431 2360 V

146 2374 191 2406 22
216 2369 258 2406 in
282 2382 351 2407 om.
373 2377 417 2416 Ρ,
443 2382 543 2418 supr.
562 2386 591 2412 p
712 2366 862 2421 alussspit
886 2379 938 2418 123
966 2373 1088 2421 aluit}
1113 2376 1152 2422 (6
1176 2375 1232 2410 vel
1259 2377 1281 2411 7
1307 2374 1375 2410 litt.
1397 2375 1461 2418 er.)
1482 2378 1526 2408 M

145 2421 191 2454 24
218 2418 281 2455 de:
310 2419 358 2454 ad
385 2428 405 2462 β
502 2430 668 2455 sacri-um
695 2427 744 2466 M,
771 2432 792 2457 ο
819 2433 919 2467 supr.
940 2436 983 2456 m
